2034 3433
115 190 164 226 86
169 186 211 241 5]
547 188 699 228 FROM
737 190 892 229 PAUL
931 189 1256 230 BOMBASIUS
1618 192 1696 230 389

113 294 324 343 egregium
362 307 580 344 rerumque
617 294 857 332 huiusmodi
895 295 1096 333 arbitrum
1135 308 1180 333 ac
1217 295 1475 344 magistrum,
1499 297 1544 333 vt
1579 307 1699 332 nemo

115 357 233 405 alius,
257 359 484 408 propitium
512 358 671 398 habeas.
733 359 813 407 Qui
844 360 892 397 de
921 362 994 398 tua
1013 360 1228 398 voluntate
1257 360 1406 398 certior
1428 373 1450 398 a
1471 373 1537 397 me
1555 359 1696 405 factus,

117 424 265 463 Breuis
297 425 546 473 archetypon
579 437 602 463 a
635 438 702 463 me
730 424 954 463 formatum
984 425 1174 474 probauit
1190 440 1199 472 ;
1238 425 1359 474 idque
1390 425 1433 462 in
1462 426 1702 463 membrana
1723 434 1759 463 25

117 489 413 539 transcriptum
447 489 577 528 Leoni
615 489 823 537 Pontifici,
856 490 983 528 biduo
1019 491 1113 528 ante
1146 490 1197 528 ab
1225 489 1336 528 Vrbe
1374 490 1563 539 profecto,
1586 489 1702 527 aesti-

118 555 318 593 mandum
338 557 395 602 et,
416 554 498 593 nisi
518 554 765 604 displiceret,
788 555 1091 605 obsignandum
1111 555 1240 594 misit.

173 620 252 659 Sed
292 622 425 668 tuum,
448 632 606 668 quaeso,
638 620 706 658 hic
745 620 877 659 fatum
915 633 1104 670 agnosce,
1132 621 1214 659 nisi
1253 633 1391 658 meum
1434 620 1515 657 dici
1554 618 1699 657 mauis.

121 685 229 724 Nam
253 698 347 723 cum
367 684 525 723 Siluius
551 685 719 734 quidam
745 686 991 735 philologus,
1014 686 1179 724 iuuenis
1207 684 1361 733 Gallus,
1384 685 1458 732 tui,
1482 686 1527 722 vt
1547 697 1644 734 prae
1663 696 1706 721 se

123 751 291 798 ferebat,
336 750 520 799 apprime
564 750 787 797 studiosus,
828 751 876 789 ad
926 751 1065 798 ipsum
1113 750 1360 789 Pontificem
1409 752 1515 788 esset
1557 750 1704 797 iturus,
1727 760 1766 789 30

122 815 352 855 Cardinalis
380 814 462 852 mei
491 815 852 853 commendatitias
881 815 1047 862 habens,
1070 815 1348 864 postridieque
1377 828 1420 852 se
1444 815 1540 852 inde
1559 814 1708 852 reditu·

122 893 215 918 rum
248 880 411 928 diceret,
433 879 598 918 nullum
631 893 705 930 ego
732 893 900 930 sperans
928 881 1131 930 aptiorem
1160 880 1265 918 mihi
1294 880 1379 918 dari
1408 892 1525 929 posse
1555 879 1620 917 cui
1644 892 1709 917 ne—

122 946 287 994 gocium
325 944 406 983 tale
444 945 786 993 committeretur,
827 945 865 983 ei
903 945 1037 984 Breue
1075 945 1342 995 consignaui3
1391 958 1436 983 ac
1474 944 1614 982 literas
1657 943 1707 982 ad

124 1010 397 1049 Secretarium
412 1009 630 1048 Pontificis
652 1010 758 1059 dedi,
775 1010 927 1060 quibus
942 1010 1065 1048 illum
1078 1009 1311 1049 Gardinalis
1326 1010 1495 1048 nomine
1514 1009 1707 1059 rogabam

122 1077 168 1113 vt
195 1075 329 1113 Breue
357 1074 621 1124 obsignatum
649 1075 794 1114 statim
821 1089 895 1124 per
922 1076 1100 1114 eundem
1120 1075 1300 1114 Siluium
1329 1075 1569 1113 remitteret.
1629 1073 1709 1122 Qui
1730 1085 1768 1116 35

124 1140 309 1190 alioquin
321 1140 592 1178 febriculosus
605 1142 646 1179 et
658 1140 999 1188 valetudinarius,
1014 1141 1276 1179 incommodo
1288 1139 1437 1189 aliquo,
1451 1141 1498 1178 vt
1512 1139 1708 1188 suspicor,

126 1206 171 1243 in
205 1205 295 1255 ipso
323 1205 472 1243 itinere
503 1206 765 1254 praeuentus,
807 1205 941 1243 Breue
973 1219 1019 1244 ac
1055 1205 1198 1243 literas
1227 1204 1448 1243 Secretario
1486 1203 1709 1253 praemisit.

126 1270 204 1308 Ille
224 1270 334 1308 nihil
353 1272 540 1308 moratus
552 1270 687 1308 Breue
707 1272 748 1308 et
767 1270 1127 1309 commendatitias
1138 1269 1333 1308 Pontifici
1347 1269 1490 1307 statim
1504 1268 1685 1307 reddidit
1702 1281 1710 1305 :

129 1336 200 1386 qui
219 1335 308 1374 viso
329 1336 370 1373 et
389 1335 607 1385 obsignato
633 1335 760 1373 Breui
786 1335 1000 1384 literisque
1025 1334 1227 1385 perlectis,
1248 1347 1344 1372 eum
1364 1334 1435 1383 qui
1455 1333 1712 1372 commenda-

126 1402 256 1449 batur,
285 1400 336 1439 ad
375 1414 419 1439 se
448 1401 586 1439 vocari
625 1402 677 1449 et,
710 1414 804 1439 cum
842 1413 1050 1451 nusquam
1088 1401 1308 1450 appareret,
1351 1399 1466 1437 omni
1499 1398 1714 1448 diligentia
1732 1412 1773 1442 40

126 1466 309 1516 perquiri
333 1466 482 1513 iussit3
526 1479 602 1504 nec
630 1465 702 1504 ille
730 1479 904 1516 vsquam
933 1466 1118 1504 locorum
1142 1464 1278 1514 potuit
1307 1464 1508 1502 hactenus
1531 1462 1711 1512 reperiri.

128 1531 216 1581 Ego
236 1531 308 1580 qui
328 1531 440 1569 intra
459 1532 730 1580 paucissimos
753 1531 841 1569 dies
865 1531 1082 1581 negocium
1108 1530 1340 1568 confectum
1367 1529 1419 1566 iri
1439 1540 1712 1578 speraueram,

127 1595 318 1645 pluribus
346 1596 430 1634 iam
459 1596 586 1646 lapsis
615 1596 770 1642 diebus,
803 1609 897 1634 cum
928 1596 1035 1634 nihil
1070 1597 1209 1634 actum
1246 1594 1440 1640 viderem,
1474 1593 1625 1631 iterum
1663 1593 1713 1630 ad

127 1662 403 1700 Secretarium
422 1661 567 1710 scribo,
589 1675 686 1700 eum
706 1661 982 1712 negligentiae
1000 1662 1123 1710 atque
1143 1660 1269 1698 etiam
1294 1659 1470 1697 iniuriae
1489 1658 1712 1708 postulans,

128 1727 237 1777 quod
270 1727 449 1777 singulis
482 1740 608 1777 prope
638 1727 751 1765 horis
784 1727 1004 1765 innumera
1041 1725 1193 1764 Breuia
1226 1725 1276 1763 ad
1309 1723 1466 1763 Vrbem
1497 1723 1716 1761 remittens
1736 1738 1774 1768 45

132 1792 394 1831 Erasmicum
413 1792 576 1830 tamdiu
596 1792 786 1831 retineat.
847 1791 999 1830 Nuncii
1023 1803 1146 1841 quam
1170 1789 1248 1827 tibi
1274 1789 1413 1837 retuli,
1433 1788 1568 1826 adhuc
1587 1788 1717 1825 incer-

129 1860 217 1896 tam
244 1859 448 1897 latebram
475 1858 664 1908 pluribus
682 1857 754 1896 ille
773 1857 930 1904 scribit,
953 1857 1167 1906 Breueque
1196 1854 1247 1894 ad
1266 1868 1342 1893 nos
1361 1867 1434 1904 per
1454 1853 1716 1892 tabellarium

131 1923 268 1962 nescio
288 1936 410 1973 quem
431 1923 656 1962 remissum
679 1924 879 1962 affirmat:
910 1922 1017 1972 quod
1044 1921 1115 1959 diu
1140 1920 1375 1970 quaesitum
1401 1932 1494 1957 cum
1514 1931 1716 1968 nusquam

130 1988 393 2036 reperiretur,
413 1988 630 2027 consimile
649 1988 763 2026 aliud
784 1987 1087 2038 expediendum
1099 1984 1252 2024 curaui.
1313 1985 1427 2032 Quod
1447 1983 1531 2021 nisi
1551 1983 1717 2021 κακοδαί-

131 2069 209 2101 μων
227 2052 334 2091 alius
355 2053 605 2102 intercipiet,
625 2053 674 2091 ad
695 2055 738 2091 te
757 2053 925 2091 tandem
945 2052 1183 2102 perferetur.
1737 2059 1777 2090 50

186 2117 324 2156 Habes
357 2117 407 2156 de
435 2118 563 2156 Breui
592 2118 761 2168 longam
790 2118 891 2156 satis
922 2119 963 2156 et
991 2116 1174 2155 odiosam
1197 2114 1408 2153 fabulam:
1438 2126 1512 2151 nec
1537 2115 1585 2150 tu
1608 2112 1718 2151 diem

135 2183 253 2221 datae
287 2183 464 2221 miratus
495 2183 638 2227 fueris,
666 2196 791 2232 quam
827 2196 912 2233 ego,
942 2185 991 2221 vt
1019 2181 1153 2219 multo
1181 2178 1495 2228 auspicatiorem
1523 2177 1716 2227 futuram,

131 2247 270 2297 potius
298 2248 456 2286 Romae
488 2260 614 2298 quam
646 2247 747 2287 alibi
777 2260 951 2297 vsquam
984 2259 1075 2285 esse
1109 2244 1235 2283 volui.
1295 2244 1463 2282 Gaudeo
1501 2242 1717 2292 epistolam

133 2316 249 2352 tuam
269 2326 349 2362 qua
370 2325 485 2351 meae
509 2312 770 2362 respondisti,
792 2324 993 2359 excusam,
1016 2323 1165 2360 meque
1187 2308 1372 2347 nominis
1393 2309 1503 2346 fama
1525 2308 1720 2346 nonnihil

133 2381 301 2417 auctum
321 2378 472 2416 fuisse:
495 2378 617 2416 modo
647 2391 699 2416 ne
724 2390 815 2415 mea
837 2376 902 2414 illi
925 2376 980 2415 sit
1005 2375 1152 2423 addita,
1176 2387 1288 2424 quae,
1312 2376 1359 2411 vt
1384 2385 1459 2421 ego
1477 2372 1719 2410 meminisse
1738 2384 1777 2415 55

134 2456 314 2493 possum,
336 2443 407 2481 vix
438 2443 562 2492 digna
590 2445 675 2481 erat
704 2455 807 2492 quae
830 2441 957 2480 semel
980 2440 1032 2479 ab
1057 2439 1188 2477 amico
1210 2438 1292 2488 legi
1315 2439 1464 2488 posset,
1487 2450 1533 2475 ac
1558 2437 1720 2487 vulgari

135 2509 280 2557 cuiuis,
325 2508 479 2546 nedum
514 2507 695 2558 optimae
743 2509 853 2551 tuae,
890 2506 1218 2556 componeretur.
1276 2502 1463 2541 Lascaris
1501 2502 1547 2539 in
1586 2501 1720 2540 Gallia

135 2586 245 2611 nunc
275 2573 372 2621 agit,
404 2574 696 2623 proptereaque
729 2585 752 2611 a
789 2585 857 2610 me
888 2570 1102 2610 conueniri
1137 2582 1220 2608 non
1251 2567 1396 2617 potuit.
1457 2566 1501 2605 Si
1533 2579 1612 2616 qua
1638 2566 1720 2605 viri

180 2700 231 2728 26.
267 2698 310 2729 ab
336 2697 449 2739 Vrbe]
489 2697 558 2729 Leo
588 2697 660 2728 had
690 2696 756 2727 left
785 2696 894 2727 Rome
960 2695 1065 2733 lista3
1090 2694 1131 2724 cf.
1151 2693 1214 2732 Ep.
1233 2693 1306 2730 864.
1329 2702 1378 2730 17.

137 2742 236 2781 early
258 2742 299 2772 in
322 2741 443 2781 Sept.;
471 2741 605 2772 Sanuto
628 2741 721 2771 xxvi.
747 2749 799 2779 51.
1005 2748 1057 2777 53.
1081 2735 1285 2776 epistolam]
1303 2735 1363 2774 Ep.
1381 2735 1455 2773 855.

181 2794 233 2825 29.
261 2785 413 2826 Siluius]
439 2785 484 2815 In
507 2784 618 2815 Lond.
639 2784 748 2815 xxvii.
772 2784 822 2822 16,
843 2792 892 2822 11,
1006 2791 1056 2820 57.
1094 2778 1269 2819 Lascaris]
1307 2779 1360 2809 Cf.
1401 2778 1487 2816 Epp.
1527 2786 1603 2816 903,
1642 2785 1718 2815 905.

139 2828 209 2860 LB.
245 2837 336 2867 1247,
374 2837 456 2867 1257
494 2828 663 2858 Erasmus
699 2826 783 2858 tells
820 2826 896 2857 this
963 2824 1125 2864 Legrand
1146 2823 1185 2864 (i,
1204 2832 1236 2862 p.
1255 2823 1341 2863 cm)
1362 2822 1519 2861 suggests
1541 2820 1621 2869 that
1646 2819 1721 2869 this

140 2874 238 2911 story
254 2872 376 2903 rather
391 2871 607 2910 differently,
622 2881 661 2902 as
675 2871 721 2901 he
738 2869 808 2901 had
825 2869 896 2900 had
963 2867 1050 2899 visit
1063 2876 1144 2906 may
1156 2867 1248 2897 have
1261 2866 1346 2896 been
1361 2865 1400 2894 in
1416 2872 1616 2894 connexion
1627 2863 1718 2894 with

139 2917 169 2946 it
183 2916 275 2946 from
289 2915 481 2954 Longolius
493 2915 553 2955 (cf.
568 2915 632 2954 Ep.
643 2923 719 2954 905.
737 2924 777 2953 19
789 2914 842 2954 n.)
857 2913 896 2943 in
964 2912 1026 2942 the
1050 2911 1165 2942 Greek
1189 2909 1309 2940 school
1327 2907 1447 2938 which
1472 2906 1631 2937 Lascaris
1648 2916 1722 2937 was

138 2959 213 2991 Oct.
234 2968 328 2998 1519.
964 2952 1238 2986 commissioned
1274 2953 1314 2983 in
1350 2960 1433 2990 1520
1466 2951 1503 2981 to
1538 2949 1650 2981 found
1686 2952 1721 2980 at

182 3012 234 3042 31.
259 3000 586 3040 commendatitias]
609 3011 649 3031 sc.
665 3001 800 3032 literas.
965 2998 1078 3029 Milan
1104 2996 1166 3037 (id.
1192 2996 1229 3035 ii,
1255 3005 1313 3035 pp.
1337 2993 1476 3033 335,6);
1505 3003 1547 3043 ⁰¹⁹.
1566 2993 1721 3033 perhaps

182 3055 234 3085 34.
261 3044 517 3085 Secretarium]
542 3044 717 3084 Probably
738 3043 897 3082 Euange-
965 3041 1056 3072 with
1072 3050 1092 3071 3
1107 3039 1247 3071 similar
1262 3039 1378 3070 school
1398 3037 1453 3068 for
1469 3036 1577 3067 Paris.
