<?xml version="1.0" encoding="UTF-8"?>
<!DOCTYPE html PUBLIC "-//W3C//DTD XHTML 1.0 Transitional//EN"
    "http://www.w3.org/TR/xhtml1/DTD/xhtml1-transitional.dtd">
<html xmlns="http://www.w3.org/1999/xhtml" xml:lang="en" lang="en">
 <head>
  <title>
</title>
<meta http-equiv="Content-Type" content="text/html;charset=utf-8" />
  <meta name='ocr-system' content='tesseract 3.04.00' />
  <meta name='ocr-capabilities' content='ocr_page ocr_carea ocr_par ocr_line ocrx_word'/>
</head>
<body>
  <div class='ocr_page' id='page_1' title='image "./opusepistolarumd03erasuoft_0264.png"; bbox 0 0 2034 3433; ppageno 0'>
   <div class='ocr_carea' id='block_1_1' title="bbox 265 124 1861 179">
    <p class='ocr_par' dir='ltr' id='par_1_1' title="bbox 265 124 1861 179">
     <span class='ocr_line' id='line_1_1' title="bbox 265 124 1861 179; baseline 0.006 -18"><span class='ocrx_word' id='word_1_1' title='bbox 265 124 343 162; x_wconf 73' lang='lat'>224</span> <span class='ocrx_word' id='word_1_2' title='bbox 730 126 981 166; x_wconf 82' lang='lat' dir='ltr'>LETTERS</span> <span class='ocrx_word' id='word_1_3' title='bbox 1020 125 1089 164; x_wconf 84' lang='lat' dir='ltr'>OF</span> <span class='ocrx_word' id='word_1_4' title='bbox 1127 127 1392 167; x_wconf 78' lang='lat' dir='ltr'><strong>ERASMUS</strong></span> <span class='ocrx_word' id='word_1_5' title='bbox 1735 125 1861 179; x_wconf 79' lang='lat'><strong>[1518</strong></span> 
     </span>
    </p>
   </div>
   <div class='ocr_carea' id='block_1_2' title="bbox 169 229 1862 2757">
    <p class='ocr_par' dir='ltr' id='par_1_2' title="bbox 177 229 1862 790">
     <span class='ocr_line' id='line_1_2' title="bbox 261 229 1862 281; baseline 0.002 -16"><span class='ocrx_word' id='word_1_6' title='bbox 261 229 558 269; x_wconf 91' lang='lat' dir='ltr'>condonassem</span> <span class='ocrx_word' id='word_1_7' title='bbox 578 232 644 271; x_wconf 87' lang='lat' dir='ltr'>vel</span> <span class='ocrx_word' id='word_1_8' title='bbox 664 231 873 270; x_wconf 82' lang='lat' dir='ltr'>amiciciae</span> <span class='ocrx_word' id='word_1_9' title='bbox 898 233 1064 269; x_wconf 85' lang='lat' dir='ltr'>nostrae</span> <span class='ocrx_word' id='word_1_10' title='bbox 1089 231 1156 269; x_wconf 91' lang='lat' dir='ltr'>vel</span> <span class='ocrx_word' id='word_1_11' title='bbox 1186 232 1422 270; x_wconf 89' lang='lat' dir='ltr'>Christiano</span> <span class='ocrx_word' id='word_1_12' title='bbox 1451 230 1601 281; x_wconf 89' lang='lat' dir='ltr'>pudori</span> <span class='ocrx_word' id='word_1_13' title='bbox 1623 230 1691 269; x_wconf 88' lang='lat' dir='ltr'>vel</span> <span class='ocrx_word' id='word_1_14' title='bbox 1710 231 1862 269; x_wconf 84' lang='lat' dir='ltr'>studio-</span> 
     </span>
     <span class='ocr_line' id='line_1_3' title="bbox 260 295 1858 346; baseline 0.003 -16"><span class='ocrx_word' id='word_1_15' title='bbox 260 307 353 332; x_wconf 86' lang='lat' dir='ltr'>rum</span> <span class='ocrx_word' id='word_1_16' title='bbox 372 295 554 334; x_wconf 89' lang='lat' dir='ltr'>vtilitati.</span> <span class='ocrx_word' id='word_1_17' title='bbox 603 297 819 335; x_wconf 78' lang='lat' dir='ltr'>Caeterum</span> <span class='ocrx_word' id='word_1_18' title='bbox 839 295 1067 346; x_wconf 85' lang='lat' dir='ltr'>impietatis</span> <span class='ocrx_word' id='word_1_19' title='bbox 1087 297 1341 335; x_wconf 90' lang='lat' dir='ltr'>calumniam</span> <span class='ocrx_word' id='word_1_20' title='bbox 1360 309 1579 346; x_wconf 79' lang='lat' dir='ltr'>agnoscere</span> <span class='ocrx_word' id='word_1_21' title='bbox 1599 309 1694 333; x_wconf 87' lang='lat' dir='ltr'>cum</span> <span class='ocrx_word' id='word_1_22' title='bbox 1712 296 1858 345; x_wconf 91' lang='lat' dir='ltr'>primis</span> 
     </span>
     <span class='ocr_line' id='line_1_4' title="bbox 258 358 1858 410; baseline 0.002 -14"><span class='ocrx_word' id='word_1_23' title='bbox 258 358 346 408; x_wconf 89' lang='lat' dir='ltr'>ipsa</span> <span class='ocrx_word' id='word_1_24' title='bbox 378 360 567 409; x_wconf 72' lang='lat' dir='ltr'>prohibet</span> <span class='ocrx_word' id='word_1_25' title='bbox 604 361 747 410; x_wconf 86' lang='lat' dir='ltr'>pietas.</span> <span class='ocrx_word' id='word_1_26' title='bbox 805 361 944 399; x_wconf 86' lang='lat' dir='ltr'>Satius</span> <span class='ocrx_word' id='word_1_27' title='bbox 974 360 1106 410; x_wconf 88' lang='lat' dir='ltr'>igitur</span> <span class='ocrx_word' id='word_1_28' title='bbox 1138 374 1226 399; x_wconf 89' lang='lat' dir='ltr'>esse</span> <span class='ocrx_word' id='word_1_29' title='bbox 1265 361 1365 399; x_wconf 82' lang='lat' dir='ltr'>duxi</span> <span class='ocrx_word' id='word_1_30' title='bbox 1400 360 1556 399; x_wconf 84' lang='lat' dir='ltr'>Gratiis</span> <span class='ocrx_word' id='word_1_31' title='bbox 1593 359 1744 398; x_wconf 90' lang='lat' dir='ltr'>alicubi</span> <span class='ocrx_word' id='word_1_32' title='bbox 1774 374 1858 399; x_wconf 87' lang='lat' dir='ltr'>non</span> 
     </span>
     <span class='ocr_line' id='line_1_5' title="bbox 199 424 1856 475; baseline 0.001 -13"><span class='ocrx_word' id='word_1_33' title='bbox 199 432 238 462; x_wconf 83' lang='lat'>95</span> <span class='ocrx_word' id='word_1_34' title='bbox 258 425 491 463; x_wconf 75' lang='lat' dir='ltr'>satisfacere</span> <span class='ocrx_word' id='word_1_35' title='bbox 511 439 635 475; x_wconf 90' lang='lat' dir='ltr'>quam</span> <span class='ocrx_word' id='word_1_36' title='bbox 657 425 815 464; x_wconf 91' lang='lat' dir='ltr'>Christi</span> <span class='ocrx_word' id='word_1_37' title='bbox 835 425 1051 474; x_wconf 75' lang='lat' dir='ltr'>dignitatis</span> <span class='ocrx_word' id='word_1_38' title='bbox 1073 425 1339 464; x_wconf 87' lang='lat' dir='ltr'>labefactator</span> <span class='ocrx_word' id='word_1_39' title='bbox 1359 427 1400 464; x_wconf 91' lang='lat' dir='ltr'>et</span> <span class='ocrx_word' id='word_1_40' title='bbox 1420 425 1551 464; x_wconf 87' lang='lat' dir='ltr'>hostis</span> <span class='ocrx_word' id='word_1_41' title='bbox 1571 424 1725 462; x_wconf 88' lang='lat' dir='ltr'>videri:</span> <span class='ocrx_word' id='word_1_42' title='bbox 1757 438 1856 464; x_wconf 90' lang='lat' dir='ltr'>nam</span> 
     </span>
     <span class='ocr_line' id='line_1_6' title="bbox 256 488 1857 540; baseline 0.001 -14"><span class='ocrx_word' id='word_1_43' title='bbox 256 488 334 527; x_wconf 86' lang='lat' dir='ltr'>hac</span> <span class='ocrx_word' id='word_1_44' title='bbox 362 503 538 539; x_wconf 90' lang='lat' dir='ltr'>persona</span> <span class='ocrx_word' id='word_1_45' title='bbox 561 490 632 528; x_wconf 90' lang='lat' dir='ltr'>ille</span> <span class='ocrx_word' id='word_1_46' title='bbox 658 504 724 528; x_wconf 91' lang='lat' dir='ltr'>me</span> <span class='ocrx_word' id='word_1_47' title='bbox 753 490 951 540; x_wconf 87' lang='lat' dir='ltr'>produxit</span> <span class='ocrx_word' id='word_1_48' title='bbox 973 491 1019 529; x_wconf 90' lang='lat' dir='ltr'>in</span> <span class='ocrx_word' id='word_1_49' title='bbox 1038 490 1263 529; x_wconf 89' lang='lat' dir='ltr'>theatrum.</span> <span class='ocrx_word' id='word_1_50' title='bbox 1324 491 1568 540; x_wconf 79' lang='lat' dir='ltr'>Quanquam</span> <span class='ocrx_word' id='word_1_51' title='bbox 1589 489 1667 527; x_wconf 89' lang='lat' dir='ltr'>hoc</span> <span class='ocrx_word' id='word_1_52' title='bbox 1686 489 1857 528; x_wconf 87' lang='lat' dir='ltr'>interim</span> 
     </span>
     <span class='ocr_line' id='line_1_7' title="bbox 257 554 1856 605; baseline 0.001 -14"><span class='ocrx_word' id='word_1_53' title='bbox 257 554 414 592; x_wconf 89' lang='lat' dir='ltr'>Gratiis</span> <span class='ocrx_word' id='word_1_54' title='bbox 437 555 581 593; x_wconf 87' lang='lat' dir='ltr'>datum</span> <span class='ocrx_word' id='word_1_55' title='bbox 606 557 681 603; x_wconf 90' lang='lat' dir='ltr'>est,</span> <span class='ocrx_word' id='word_1_56' title='bbox 705 557 814 605; x_wconf 88' lang='lat' dir='ltr'>quod</span> <span class='ocrx_word' id='word_1_57' title='bbox 843 569 867 594; x_wconf 90' lang='lat' dir='ltr'>a</span> <span class='ocrx_word' id='word_1_58' title='bbox 894 555 985 594; x_wconf 89' lang='lat' dir='ltr'>iure</span> <span class='ocrx_word' id='word_1_59' title='bbox 1007 555 1178 595; x_wconf 90' lang='lat' dir='ltr'>talionis</span> <span class='ocrx_word' id='word_1_60' title='bbox 1201 555 1398 604; x_wconf 76' lang='lat' dir='ltr'>abstineo,</span> <span class='ocrx_word' id='word_1_61' title='bbox 1421 569 1517 594; x_wconf 89' lang='lat' dir='ltr'>cum</span> <span class='ocrx_word' id='word_1_62' title='bbox 1536 555 1645 593; x_wconf 90' lang='lat' dir='ltr'>mihi</span> <span class='ocrx_word' id='word_1_63' title='bbox 1663 554 1708 592; x_wconf 89' lang='lat' dir='ltr'>in</span> <span class='ocrx_word' id='word_1_64' title='bbox 1728 568 1856 593; x_wconf 90' lang='lat' dir='ltr'>manu</span> 
     </span>
     <span class='ocr_line' id='line_1_8' title="bbox 255 620 1856 671; baseline 0.001 -14"><span class='ocrx_word' id='word_1_65' title='bbox 255 621 362 658; x_wconf 88' lang='lat' dir='ltr'>esset</span> <span class='ocrx_word' id='word_1_66' title='bbox 390 633 437 657; x_wconf 93' lang='lat' dir='ltr'>eo</span> <span class='ocrx_word' id='word_1_67' title='bbox 467 621 556 667; x_wconf 83' lang='lat' dir='ltr'>vti3</span> <span class='ocrx_word' id='word_1_68' title='bbox 587 621 697 670; x_wconf 89' lang='lat' dir='ltr'>quod</span> <span class='ocrx_word' id='word_1_69' title='bbox 725 621 1020 659; x_wconf 90' lang='lat' dir='ltr'>contumeliam</span> <span class='ocrx_word' id='word_1_70' title='bbox 1046 634 1070 658; x_wconf 90' lang='lat' dir='ltr'>a</span> <span class='ocrx_word' id='word_1_71' title='bbox 1096 635 1164 660; x_wconf 94' lang='lat' dir='ltr'>me</span> <span class='ocrx_word' id='word_1_72' title='bbox 1193 621 1399 671; x_wconf 84' lang='lat' dir='ltr'>depulisse</span> <span class='ocrx_word' id='word_1_73' title='bbox 1427 622 1648 659; x_wconf 88' lang='lat' dir='ltr'>contentus</span> <span class='ocrx_word' id='word_1_74' title='bbox 1677 620 1786 660; x_wconf 90' lang='lat' dir='ltr'>nihil</span> <span class='ocrx_word' id='word_1_75' title='bbox 1811 620 1856 659; x_wconf 92' lang='lat' dir='ltr'>in</span> 
     </span>
     <span class='ocr_line' id='line_1_9' title="bbox 254 683 1855 735; baseline 0.001 -14"><span class='ocrx_word' id='word_1_76' title='bbox 254 683 375 722; x_wconf 87' lang='lat' dir='ltr'>illum</span> <span class='ocrx_word' id='word_1_77' title='bbox 395 685 585 723; x_wconf 82' lang='lat' dir='ltr'>criminis</span> <span class='ocrx_word' id='word_1_78' title='bbox 605 699 770 735; x_wconf 74' lang='lat' dir='ltr'>regei-03</span> <span class='ocrx_word' id='word_1_79' title='bbox 801 686 910 735; x_wconf 90' lang='lat' dir='ltr'>quod</span> <span class='ocrx_word' id='word_1_80' title='bbox 937 685 1135 725; x_wconf 86' lang='lat' dir='ltr'>aduersus</span> <span class='ocrx_word' id='word_1_81' title='bbox 1162 688 1343 725; x_wconf 88' lang='lat' dir='ltr'>actorem</span> <span class='ocrx_word' id='word_1_82' title='bbox 1371 685 1643 724; x_wconf 84' lang='lat' dir='ltr'>criminaliter</span> <span class='ocrx_word' id='word_1_83' title='bbox 1666 687 1855 735; x_wconf 88' lang='lat' dir='ltr'>agentem</span> 
     </span>
     <span class='ocr_line' id='line_1_10' title="bbox 177 749 722 790; baseline 0.007 -4"><span class='ocrx_word' id='word_1_84' title='bbox 177 757 236 778; x_wconf 83' lang='lat'>100</span> <span class='ocrx_word' id='word_1_85' title='bbox 253 749 431 788; x_wconf 88' lang='lat' dir='ltr'>ciuiliter</span> <span class='ocrx_word' id='word_1_86' title='bbox 448 764 516 788; x_wconf 92' lang='lat' dir='ltr'>me</span> <span class='ocrx_word' id='word_1_87' title='bbox 536 751 722 790; x_wconf 86' lang='lat' dir='ltr'>defendo.</span> 
     </span>
    </p>

    <p class='ocr_par' dir='ltr' id='par_1_3' title="bbox 252 815 1857 1063">
     <span class='ocr_line' id='line_1_11' title="bbox 309 815 1856 867; baseline 0.001 -15"><span class='ocrx_word' id='word_1_88' title='bbox 309 815 363 853; x_wconf 88' lang='lat' dir='ltr'>Et</span> <span class='ocrx_word' id='word_1_89' title='bbox 391 817 533 853; x_wconf 89' lang='lat' dir='ltr'>tamen</span> <span class='ocrx_word' id='word_1_90' title='bbox 563 818 672 865; x_wconf 88' lang='lat' dir='ltr'>sunt,</span> <span class='ocrx_word' id='word_1_91' title='bbox 695 817 732 855; x_wconf 88' lang='lat' dir='ltr'>si</span> <span class='ocrx_word' id='word_1_92' title='bbox 758 816 919 866; x_wconf 90' lang='lat' dir='ltr'>superis</span> <span class='ocrx_word' id='word_1_93' title='bbox 943 816 1089 866; x_wconf 88' lang='lat' dir='ltr'>placet,</span> <span class='ocrx_word' id='word_1_94' title='bbox 1114 817 1266 867; x_wconf 91' lang='lat' dir='ltr'>quibus</span> <span class='ocrx_word' id='word_1_95' title='bbox 1290 817 1495 867; x_wconf 84' lang='lat' dir='ltr'>Apologia</span> <span class='ocrx_word' id='word_1_96' title='bbox 1524 829 1616 855; x_wconf 88' lang='lat' dir='ltr'>mea</span> <span class='ocrx_word' id='word_1_97' title='bbox 1641 817 1856 854; x_wconf 83' lang='lat' dir='ltr'>censeatur</span> 
     </span>
     <span class='ocr_line' id='line_1_12' title="bbox 252 879 1853 932; baseline 0.001 -15"><span class='ocrx_word' id='word_1_98' title='bbox 252 879 460 918; x_wconf 85' lang='lat' dir='ltr'>aculeata:</span> <span class='ocrx_word' id='word_1_99' title='bbox 501 881 619 930; x_wconf 85' lang='lat' dir='ltr'>quasi</span> <span class='ocrx_word' id='word_1_100' title='bbox 646 895 743 919; x_wconf 90' lang='lat' dir='ltr'>vero</span> <span class='ocrx_word' id='word_1_101' title='bbox 772 881 966 920; x_wconf 88' lang='lat' dir='ltr'>letalibus</span> <span class='ocrx_word' id='word_1_102' title='bbox 994 882 1168 931; x_wconf 88' lang='lat' dir='ltr'>spiculis</span> <span class='ocrx_word' id='word_1_103' title='bbox 1206 882 1422 932; x_wconf 83' lang='lat' dir='ltr'>impetitus</span> <span class='ocrx_word' id='word_1_104' title='bbox 1454 882 1694 932; x_wconf 89' lang='lat' dir='ltr'>impetentis</span> <span class='ocrx_word' id='word_1_105' title='bbox 1731 883 1853 930; x_wconf 82' lang='lat' dir='ltr'>caput</span> 
     </span>
     <span class='ocr_line' id='line_1_13' title="bbox 252 945 1857 997; baseline 0.001 -14"><span class='ocrx_word' id='word_1_106' title='bbox 252 946 424 995; x_wconf 77' lang='lat' dir='ltr'>supplex</span> <span class='ocrx_word' id='word_1_107' title='bbox 465 945 682 985; x_wconf 85' lang='lat' dir='ltr'>debuerim</span> <span class='ocrx_word' id='word_1_108' title='bbox 714 946 933 985; x_wconf 87' lang='lat' dir='ltr'>blandiciis</span> <span class='ocrx_word' id='word_1_109' title='bbox 971 947 1214 995; x_wconf 80' lang='lat' dir='ltr'>demulcere,</span> <span class='ocrx_word' id='word_1_110' title='bbox 1252 961 1305 986; x_wconf 92' lang='lat' dir='ltr'>ne</span> <span class='ocrx_word' id='word_1_111' title='bbox 1337 947 1472 986; x_wconf 88' lang='lat' dir='ltr'>seuire</span> <span class='ocrx_word' id='word_1_112' title='bbox 1510 948 1710 997; x_wconf 86' lang='lat' dir='ltr'>pergeret.</span> <span class='ocrx_word' id='word_1_113' title='bbox 1765 946 1857 997; x_wconf 90' lang='lat' dir='ltr'>Ego</span> 
     </span>
     <span class='ocr_line' id='line_1_14' title="bbox 252 1012 1853 1063; baseline 0.001 -15"><span class='ocrx_word' id='word_1_114' title='bbox 252 1013 444 1049; x_wconf 85' lang='lat' dir='ltr'>neutram</span> <span class='ocrx_word' id='word_1_115' title='bbox 460 1012 710 1050; x_wconf 88' lang='lat' dir='ltr'>sententiam</span> <span class='ocrx_word' id='word_1_116' title='bbox 730 1026 804 1051; x_wconf 90' lang='lat' dir='ltr'>nec</span> <span class='ocrx_word' id='word_1_117' title='bbox 824 1012 868 1050; x_wconf 91' lang='lat' dir='ltr'>in</span> <span class='ocrx_word' id='word_1_118' title='bbox 888 1015 1187 1052; x_wconf 89' lang='lat' dir='ltr'>annotamento</span> <span class='ocrx_word' id='word_1_119' title='bbox 1207 1027 1283 1052; x_wconf 92' lang='lat' dir='ltr'>nec</span> <span class='ocrx_word' id='word_1_120' title='bbox 1302 1013 1347 1051; x_wconf 89' lang='lat' dir='ltr'>in</span> <span class='ocrx_word' id='word_1_121' title='bbox 1367 1013 1572 1063; x_wconf 86' lang='lat' dir='ltr'>Apologia</span> <span class='ocrx_word' id='word_1_122' title='bbox 1591 1012 1743 1059; x_wconf 85' lang='lat' dir='ltr'>refello,</span> <span class='ocrx_word' id='word_1_123' title='bbox 1759 1026 1853 1051; x_wconf 89' lang='lat' dir='ltr'>cum</span> 
     </span>
    </p>

    <p class='ocr_par' dir='ltr' id='par_1_4' title="bbox 176 1078 1853 1390">
     <span class='ocr_line' id='line_1_15' title="bbox 176 1078 1853 1128; baseline 0 -12"><span class='ocrx_word' id='word_1_124' title='bbox 176 1086 232 1116; x_wconf 79' lang='lat'>105</span> <span class='ocrx_word' id='word_1_125' title='bbox 251 1089 416 1125; x_wconf 90' lang='lat' dir='ltr'>possem</span> <span class='ocrx_word' id='word_1_126' title='bbox 433 1090 525 1115; x_wconf 91' lang='lat' dir='ltr'>eam</span> <span class='ocrx_word' id='word_1_127' title='bbox 545 1091 670 1127; x_wconf 88' lang='lat' dir='ltr'>quam</span> <span class='ocrx_word' id='word_1_128' title='bbox 692 1078 823 1117; x_wconf 84' lang='lat' dir='ltr'>Faber</span> <span class='ocrx_word' id='word_1_129' title='bbox 842 1078 975 1117; x_wconf 85' lang='lat' dir='ltr'>solam</span> <span class='ocrx_word' id='word_1_130' title='bbox 1003 1078 1094 1117; x_wconf 86' lang='lat' dir='ltr'>vult</span> <span class='ocrx_word' id='word_1_131' title='bbox 1119 1092 1208 1117; x_wconf 91' lang='lat' dir='ltr'>esse</span> <span class='ocrx_word' id='word_1_132' title='bbox 1233 1079 1359 1128; x_wconf 89' lang='lat' dir='ltr'>piam,</span> <span class='ocrx_word' id='word_1_133' title='bbox 1382 1081 1429 1117; x_wconf 88' lang='lat' dir='ltr'>vt</span> <span class='ocrx_word' id='word_1_134' title='bbox 1448 1078 1621 1128; x_wconf 86' lang='lat' dir='ltr'>impiam</span> <span class='ocrx_word' id='word_1_135' title='bbox 1640 1091 1685 1116; x_wconf 89' lang='lat' dir='ltr'>ac</span> <span class='ocrx_word' id='word_1_136' title='bbox 1705 1078 1853 1117; x_wconf 86' lang='lat' dir='ltr'>falsam</span> 
     </span>
     <span class='ocr_line' id='line_1_16' title="bbox 250 1142 1852 1194; baseline 0.002 -15"><span class='ocrx_word' id='word_1_137' title='bbox 250 1142 424 1188; x_wconf 88' lang='lat' dir='ltr'>reiicere,</span> <span class='ocrx_word' id='word_1_138' title='bbox 445 1142 567 1193; x_wconf 80' lang='lat' dir='ltr'>idque</span> <span class='ocrx_word' id='word_1_139' title='bbox 581 1144 938 1193; x_wconf 83' lang='lat' dir='ltr'>applaudentibus,</span> <span class='ocrx_word' id='word_1_140' title='bbox 953 1144 1108 1193; x_wconf 84' lang='lat' dir='ltr'>opinor,</span> <span class='ocrx_word' id='word_1_141' title='bbox 1129 1145 1418 1194; x_wconf 86' lang='lat' dir='ltr'>theologorum</span> <span class='ocrx_word' id='word_1_142' title='bbox 1434 1143 1643 1182; x_wconf 86' lang='lat' dir='ltr'>centuriis.</span> <span class='ocrx_word' id='word_1_143' title='bbox 1696 1144 1852 1182; x_wconf 87' lang='lat' dir='ltr'>Datum</span> 
     </span>
     <span class='ocr_line' id='line_1_17' title="bbox 249 1207 1853 1259; baseline 0.001 -14"><span class='ocrx_word' id='word_1_144' title='bbox 249 1207 329 1246; x_wconf 89' lang='lat' dir='ltr'>hoc</span> <span class='ocrx_word' id='word_1_145' title='bbox 360 1221 522 1258; x_wconf 89' lang='lat' dir='ltr'>quoque</span> <span class='ocrx_word' id='word_1_146' title='bbox 550 1208 753 1247; x_wconf 89' lang='lat' dir='ltr'>ciuilitati.</span> <span class='ocrx_word' id='word_1_147' title='bbox 814 1208 920 1256; x_wconf 78' lang='lat' dir='ltr'>Quid</span> <span class='ocrx_word' id='word_1_148' title='bbox 950 1208 1078 1258; x_wconf 87' lang='lat' dir='ltr'>igitur</span> <span class='ocrx_word' id='word_1_149' title='bbox 1105 1211 1166 1248; x_wconf 89' lang='lat' dir='ltr'>est</span> <span class='ocrx_word' id='word_1_150' title='bbox 1197 1209 1306 1259; x_wconf 92' lang='lat' dir='ltr'>quod</span> <span class='ocrx_word' id='word_1_151' title='bbox 1339 1222 1415 1248; x_wconf 85' lang='lat' dir='ltr'>nos</span> <span class='ocrx_word' id='word_1_152' title='bbox 1448 1209 1658 1255; x_wconf 86' lang='lat' dir='ltr'>admones,</span> <span class='ocrx_word' id='word_1_153' title='bbox 1694 1208 1853 1258; x_wconf 88' lang='lat' dir='ltr'>optime</span> 
     </span>
     <span class='ocr_line' id='line_1_18' title="bbox 252 1273 1850 1325; baseline 0.003 -15"><span class='ocrx_word' id='word_1_154' title='bbox 252 1273 417 1311; x_wconf 91' lang='lat' dir='ltr'>Budaee</span> <span class='ocrx_word' id='word_1_155' title='bbox 432 1274 453 1311; x_wconf 73' lang='grc' dir='ltr'>Ῥ</span> <span class='ocrx_word' id='word_1_156' title='bbox 508 1274 589 1322; x_wconf 73' lang='lat' dir='ltr'>An,</span> <span class='ocrx_word' id='word_1_157' title='bbox 611 1280 658 1312; x_wconf 86' lang='lat' dir='ltr'>vt</span> <span class='ocrx_word' id='word_1_158' title='bbox 678 1274 949 1324; x_wconf 87' lang='lat' dir='ltr'>Epimetheus</span> <span class='ocrx_word' id='word_1_159' title='bbox 979 1275 1199 1324; x_wconf 87' lang='lat' dir='ltr'>quispiam,</span> <span class='ocrx_word' id='word_1_160' title='bbox 1222 1275 1306 1314; x_wconf 91' lang='lat' dir='ltr'>iam</span> <span class='ocrx_word' id='word_1_161' title='bbox 1327 1277 1492 1325; x_wconf 88' lang='lat' dir='ltr'>peracto</span> <span class='ocrx_word' id='word_1_162' title='bbox 1513 1274 1683 1324; x_wconf 86' lang='lat' dir='ltr'>negocio</span> <span class='ocrx_word' id='word_1_163' title='bbox 1706 1288 1850 1314; x_wconf 89' lang='lat' dir='ltr'>mones</span> 
     </span>
     <span class='ocr_line' id='line_1_19' title="bbox 250 1338 1850 1390; baseline 0.002 -15"><span class='ocrx_word' id='word_1_164' title='bbox 250 1351 302 1375; x_wconf 91' lang='lat' dir='ltr'>ne</span> <span class='ocrx_word' id='word_1_165' title='bbox 321 1338 572 1387; x_wconf 87' lang='lat' dir='ltr'>suscipiatur</span> <span class='ocrx_word' id='word_1_166' title='bbox 591 1339 820 1389; x_wconf 82' lang='lat' dir='ltr'>negocium,</span> <span class='ocrx_word' id='word_1_167' title='bbox 843 1342 883 1378; x_wconf 83' lang='lat' dir='ltr'>et</span> <span class='ocrx_word' id='word_1_168' title='bbox 902 1352 1043 1378; x_wconf 88' lang='lat' dir='ltr'>euersa</span> <span class='ocrx_word' id='word_1_169' title='bbox 1063 1340 1183 1378; x_wconf 84' lang='lat' dir='ltr'>Troia</span> <span class='ocrx_word' id='word_1_170' title='bbox 1202 1340 1321 1379; x_wconf 87' lang='lat' dir='ltr'>doces</span> <span class='ocrx_word' id='word_1_171' title='bbox 1341 1354 1426 1378; x_wconf 90' lang='lat' dir='ltr'>non</span> <span class='ocrx_word' id='word_1_172' title='bbox 1453 1340 1580 1378; x_wconf 87' lang='lat' dir='ltr'>fuisse</span> <span class='ocrx_word' id='word_1_173' title='bbox 1608 1339 1850 1390; x_wconf 87' lang='lat' dir='ltr'>rapiendam</span> 
     </span>
    </p>

    <p class='ocr_par' dir='ltr' id='par_1_5' title="bbox 173 1402 1850 1714">
     <span class='ocr_line' id='line_1_20' title="bbox 173 1402 1850 1455; baseline 0.002 -15"><span class='ocrx_word' id='word_1_174' title='bbox 173 1411 232 1432; x_wconf 87' lang='lat'>110</span> <span class='ocrx_word' id='word_1_175' title='bbox 251 1402 457 1441; x_wconf 87' lang='lat' dir='ltr'>Helenam</span> <span class='ocrx_word' id='word_1_176' title='bbox 473 1404 493 1441; x_wconf 74' lang='lat'>‘3</span> <span class='ocrx_word' id='word_1_177' title='bbox 549 1403 657 1452; x_wconf 77' lang='lat' dir='ltr'>Quid</span> <span class='ocrx_word' id='word_1_178' title='bbox 696 1417 862 1442; x_wconf 87' lang='lat' dir='ltr'>mecum</span> <span class='ocrx_word' id='word_1_179' title='bbox 901 1406 1016 1454; x_wconf 87' lang='lat' dir='ltr'>optes</span> <span class='ocrx_word' id='word_1_180' title='bbox 1052 1405 1184 1453; x_wconf 89' lang='lat' dir='ltr'>video,</span> <span class='ocrx_word' id='word_1_181' title='bbox 1228 1405 1327 1455; x_wconf 90' lang='lat' dir='ltr'>quid</span> <span class='ocrx_word' id='word_1_182' title='bbox 1365 1405 1588 1443; x_wconf 86' lang='lat' dir='ltr'>admoneas</span> <span class='ocrx_word' id='word_1_183' title='bbox 1625 1418 1710 1443; x_wconf 91' lang='lat' dir='ltr'>non</span> <span class='ocrx_word' id='word_1_184' title='bbox 1748 1405 1850 1444; x_wconf 91' lang='lat' dir='ltr'>satis</span> 
     </span>
     <span class='ocr_line' id='line_1_21' title="bbox 249 1467 1848 1519; baseline 0.001 -14"><span class='ocrx_word' id='word_1_185' title='bbox 249 1467 453 1517; x_wconf 87' lang='lat' dir='ltr'>intelligo,</span> <span class='ocrx_word' id='word_1_186' title='bbox 491 1468 573 1506; x_wconf 91' lang='lat' dir='ltr'>nisi</span> <span class='ocrx_word' id='word_1_187' title='bbox 614 1469 719 1507; x_wconf 84' lang='lat' dir='ltr'>forte</span> <span class='ocrx_word' id='word_1_188' title='bbox 761 1469 1090 1519; x_wconf 87' lang='lat' dir='ltr'>obiurgationem</span> <span class='ocrx_word' id='word_1_189' title='bbox 1133 1483 1257 1509; x_wconf 89' lang='lat' dir='ltr'>vocas</span> <span class='ocrx_word' id='word_1_190' title='bbox 1300 1470 1642 1509; x_wconf 87' lang='lat' dir='ltr'>admonitionem.</span> <span class='ocrx_word' id='word_1_191' title='bbox 1717 1470 1776 1507; x_wconf 88' lang='lat' dir='ltr'>At</span> <span class='ocrx_word' id='word_1_192' title='bbox 1814 1471 1848 1508; x_wconf 88' lang='lat' dir='ltr'>si</span> 
     </span>
     <span class='ocr_line' id='line_1_22' title="bbox 250 1531 1848 1584; baseline 0.001 -14"><span class='ocrx_word' id='word_1_193' title='bbox 250 1531 451 1583; x_wconf 86' lang='lat' dir='ltr'>obiurgas,</span> <span class='ocrx_word' id='word_1_194' title='bbox 488 1533 577 1571; x_wconf 91' lang='lat' dir='ltr'>sine</span> <span class='ocrx_word' id='word_1_195' title='bbox 615 1547 735 1572; x_wconf 88' lang='lat' dir='ltr'>causa</span> <span class='ocrx_word' id='word_1_196' title='bbox 767 1534 984 1584; x_wconf 86' lang='lat' dir='ltr'>obiurgas:</span> <span class='ocrx_word' id='word_1_197' title='bbox 1031 1535 1098 1573; x_wconf 90' lang='lat' dir='ltr'>sin</span> <span class='ocrx_word' id='word_1_198' title='bbox 1127 1548 1285 1583; x_wconf 90' lang='lat' dir='ltr'>mones,</span> <span class='ocrx_word' id='word_1_199' title='bbox 1316 1548 1406 1573; x_wconf 88' lang='lat' dir='ltr'>sero</span> <span class='ocrx_word' id='word_1_200' title='bbox 1444 1548 1596 1573; x_wconf 88' lang='lat' dir='ltr'>mones.</span> <span class='ocrx_word' id='word_1_201' title='bbox 1664 1535 1848 1574; x_wconf 82' lang='lat' dir='ltr'>Infelici-</span> 
     </span>
     <span class='ocr_line' id='line_1_23' title="bbox 250 1599 1844 1648; baseline 0.002 -13"><span class='ocrx_word' id='word_1_202' title='bbox 250 1600 378 1636; x_wconf 90' lang='lat' dir='ltr'>tatem</span> <span class='ocrx_word' id='word_1_203' title='bbox 407 1611 543 1636; x_wconf 84' lang='lat' dir='ltr'>meam</span> <span class='ocrx_word' id='word_1_204' title='bbox 572 1612 753 1648; x_wconf 84' lang='lat' dir='ltr'>agnosco,</span> <span class='ocrx_word' id='word_1_205' title='bbox 780 1599 850 1648; x_wconf 88' lang='lat' dir='ltr'>qui</span> <span class='ocrx_word' id='word_1_206' title='bbox 878 1600 924 1637; x_wconf 89' lang='lat' dir='ltr'>in</span> <span class='ocrx_word' id='word_1_207' title='bbox 952 1600 1029 1637; x_wconf 92' lang='lat' dir='ltr'>hoc</span> <span class='ocrx_word' id='word_1_208' title='bbox 1057 1602 1267 1638; x_wconf 87' lang='lat' dir='ltr'>certamen</span> <span class='ocrx_word' id='word_1_209' title='bbox 1295 1600 1377 1638; x_wconf 90' lang='lat' dir='ltr'>sim</span> <span class='ocrx_word' id='word_1_210' title='bbox 1401 1602 1564 1638; x_wconf 88' lang='lat' dir='ltr'>coactus</span> <span class='ocrx_word' id='word_1_211' title='bbox 1588 1599 1844 1648; x_wconf 88' lang='lat' dir='ltr'>descendere,</span> 
     </span>
     <span class='ocr_line' id='line_1_24' title="bbox 250 1663 1842 1714; baseline 0.002 -14"><span class='ocrx_word' id='word_1_212' title='bbox 250 1675 273 1700; x_wconf 88' lang='lat' dir='ltr'>a</span> <span class='ocrx_word' id='word_1_213' title='bbox 299 1676 379 1712; x_wconf 93' lang='lat' dir='ltr'>quo</span> <span class='ocrx_word' id='word_1_214' title='bbox 408 1676 570 1712; x_wconf 89' lang='lat' dir='ltr'>semper</span> <span class='ocrx_word' id='word_1_215' title='bbox 595 1663 803 1712; x_wconf 88' lang='lat' dir='ltr'>abhorrui,</span> <span class='ocrx_word' id='word_1_216' title='bbox 828 1678 903 1702; x_wconf 91' lang='lat' dir='ltr'>nec</span> <span class='ocrx_word' id='word_1_217' title='bbox 930 1665 1012 1703; x_wconf 91' lang='lat' dir='ltr'>nisi</span> <span class='ocrx_word' id='word_1_218' title='bbox 1038 1665 1159 1703; x_wconf 88' lang='lat' dir='ltr'>vnico</span> <span class='ocrx_word' id='word_1_219' title='bbox 1183 1665 1260 1702; x_wconf 93' lang='lat' dir='ltr'>hoc</span> <span class='ocrx_word' id='word_1_220' title='bbox 1280 1664 1363 1703; x_wconf 90' lang='lat' dir='ltr'>telo</span> <span class='ocrx_word' id='word_1_221' title='bbox 1387 1665 1573 1714; x_wconf 81' lang='lat' dir='ltr'>pertrahi</span> <span class='ocrx_word' id='word_1_222' title='bbox 1601 1665 1842 1714; x_wconf 90' lang='lat' dir='ltr'>potuissem.</span> 
     </span>
    </p>

    <p class='ocr_par' dir='ltr' id='par_1_6' title="bbox 173 1728 1847 2041">
     <span class='ocr_line' id='line_1_25' title="bbox 173 1728 1847 1779; baseline 0.001 -12"><span class='ocrx_word' id='word_1_223' title='bbox 173 1738 231 1769; x_wconf 85' lang='lat'>115</span> <span class='ocrx_word' id='word_1_224' title='bbox 250 1728 426 1777; x_wconf 89' lang='lat' dir='ltr'>Culpam</span> <span class='ocrx_word' id='word_1_225' title='bbox 464 1741 550 1766; x_wconf 90' lang='lat' dir='ltr'>non</span> <span class='ocrx_word' id='word_1_226' title='bbox 583 1741 768 1778; x_wconf 87' lang='lat' dir='ltr'>agnosco,</span> <span class='ocrx_word' id='word_1_227' title='bbox 802 1729 888 1767; x_wconf 91' lang='lat' dir='ltr'>imo</span> <span class='ocrx_word' id='word_1_228' title='bbox 922 1730 1056 1768; x_wconf 88' lang='lat' dir='ltr'>modis</span> <span class='ocrx_word' id='word_1_229' title='bbox 1090 1729 1284 1768; x_wconf 90' lang='lat' dir='ltr'>omnibus</span> <span class='ocrx_word' id='word_1_230' title='bbox 1312 1729 1542 1779; x_wconf 82' lang='lat' dir='ltr'>culpandus</span> <span class='ocrx_word' id='word_1_231' title='bbox 1573 1743 1695 1777; x_wconf 87' lang='lat' dir='ltr'>eram,</span> <span class='ocrx_word' id='word_1_232' title='bbox 1727 1731 1763 1768; x_wconf 90' lang='lat' dir='ltr'>si</span> <span class='ocrx_word' id='word_1_233' title='bbox 1796 1731 1847 1769; x_wconf 85' lang='lat' dir='ltr'>ad</span> 
     </span>
     <span class='ocr_line' id='line_1_26' title="bbox 248 1793 1847 1844; baseline 0.002 -14"><span class='ocrx_word' id='word_1_234' title='bbox 248 1793 474 1842; x_wconf 87' lang='lat' dir='ltr'>impietatis</span> <span class='ocrx_word' id='word_1_235' title='bbox 504 1793 663 1832; x_wconf 88' lang='lat' dir='ltr'>crimen</span> <span class='ocrx_word' id='word_1_236' title='bbox 692 1794 1004 1841; x_wconf 80' lang='lat' dir='ltr'>obmutuissem,</span> <span class='ocrx_word' id='word_1_237' title='bbox 1035 1795 1143 1844; x_wconf 89' lang='lat' dir='ltr'>quod</span> <span class='ocrx_word' id='word_1_238' title='bbox 1178 1808 1301 1833; x_wconf 90' lang='lat' dir='ltr'>nemo</span> <span class='ocrx_word' id='word_1_239' title='bbox 1331 1795 1691 1833; x_wconf 88' lang='lat' dir='ltr'>sanctissimorum</span> <span class='ocrx_word' id='word_1_240' title='bbox 1720 1796 1847 1834; x_wconf 87' lang='lat' dir='ltr'>etiam</span> 
     </span>
     <span class='ocr_line' id='line_1_27' title="bbox 249 1859 1846 1910; baseline 0.003 -15"><span class='ocrx_word' id='word_1_241' title='bbox 249 1860 413 1908; x_wconf 87' lang='lat' dir='ltr'>patrum</span> <span class='ocrx_word' id='word_1_242' title='bbox 434 1872 519 1896; x_wconf 91' lang='lat' dir='ltr'>non</span> <span class='ocrx_word' id='word_1_243' title='bbox 545 1859 743 1897; x_wconf 84' lang='lat' dir='ltr'>acerrime</span> <span class='ocrx_word' id='word_1_244' title='bbox 764 1860 1032 1909; x_wconf 86' lang='lat' dir='ltr'>propulsauit.</span> <span class='ocrx_word' id='word_1_245' title='bbox 1091 1862 1232 1910; x_wconf 88' lang='lat' dir='ltr'>Atque</span> <span class='ocrx_word' id='word_1_246' title='bbox 1252 1861 1425 1908; x_wconf 84' lang='lat' dir='ltr'>vtinam,</span> <span class='ocrx_word' id='word_1_247' title='bbox 1448 1860 1509 1898; x_wconf 92' lang='lat' dir='ltr'>mi</span> <span class='ocrx_word' id='word_1_248' title='bbox 1537 1861 1714 1909; x_wconf 90' lang='lat' dir='ltr'>Budaee,</span> <span class='ocrx_word' id='word_1_249' title='bbox 1741 1864 1846 1900; x_wconf 91' lang='lat' dir='ltr'>tem-</span> 
     </span>
     <span class='ocr_line' id='line_1_28' title="bbox 248 1923 1845 1972; baseline 0.002 -11"><span class='ocrx_word' id='word_1_250' title='bbox 248 1923 436 1972; x_wconf 90' lang='lat' dir='ltr'>pestiuus</span> <span class='ocrx_word' id='word_1_251' title='bbox 469 1924 655 1962; x_wconf 91' lang='lat' dir='ltr'>monitor</span> <span class='ocrx_word' id='word_1_252' title='bbox 690 1925 899 1972; x_wconf 84' lang='lat' dir='ltr'>adfuisses,</span> <span class='ocrx_word' id='word_1_253' title='bbox 935 1928 976 1964; x_wconf 90' lang='lat' dir='ltr'>et</span> <span class='ocrx_word' id='word_1_254' title='bbox 1013 1925 1196 1964; x_wconf 84' lang='lat' dir='ltr'>Fabrum</span> <span class='ocrx_word' id='word_1_255' title='bbox 1230 1927 1412 1964; x_wconf 87' lang='lat' dir='ltr'>amicum</span> <span class='ocrx_word' id='word_1_256' title='bbox 1450 1925 1502 1964; x_wconf 88' lang='lat' dir='ltr'>ab</span> <span class='ocrx_word' id='word_1_257' title='bbox 1535 1926 1608 1964; x_wconf 90' lang='lat' dir='ltr'>illa</span> <span class='ocrx_word' id='word_1_258' title='bbox 1642 1929 1726 1965; x_wconf 90' lang='lat' dir='ltr'>tam</span> <span class='ocrx_word' id='word_1_259' title='bbox 1760 1940 1845 1965; x_wconf 91' lang='lat' dir='ltr'>non</span> 
     </span>
     <span class='ocr_line' id='line_1_29' title="bbox 247 1989 1846 2041; baseline 0.003 -15"><span class='ocrx_word' id='word_1_260' title='bbox 247 1989 380 2027; x_wconf 85' lang='lat' dir='ltr'>amica</span> <span class='ocrx_word' id='word_1_261' title='bbox 407 1990 699 2038; x_wconf 87' lang='lat' dir='ltr'>prouocatione</span> <span class='ocrx_word' id='word_1_262' title='bbox 738 1991 1012 2030; x_wconf 76' lang='lat' dir='ltr'>coercuisses!</span> <span class='ocrx_word' id='word_1_263' title='bbox 1068 1994 1127 2029; x_wconf 89' lang='lat' dir='ltr'>At</span> <span class='ocrx_word' id='word_1_264' title='bbox 1161 1994 1428 2041; x_wconf 83' lang='lat' dir='ltr'>posteaquam</span> <span class='ocrx_word' id='word_1_265' title='bbox 1461 1991 1533 2029; x_wconf 91' lang='lat' dir='ltr'>ille</span> <span class='ocrx_word' id='word_1_266' title='bbox 1570 1994 1730 2040; x_wconf 82' lang='lat' dir='ltr'>praeter</span> <span class='ocrx_word' id='word_1_267' title='bbox 1765 1992 1846 2032; x_wconf 85' lang='lat' dir='ltr'>alia</span> 
     </span>
    </p>

    <p class='ocr_par' dir='ltr' id='par_1_7' title="bbox 172 2053 1846 2367">
     <span class='ocr_line' id='line_1_30' title="bbox 172 2053 1846 2107; baseline 0.002 -15"><span class='ocrx_word' id='word_1_268' title='bbox 172 2065 229 2086; x_wconf 84' lang='lat'>120</span> <span class='ocrx_word' id='word_1_269' title='bbox 248 2053 429 2092; x_wconf 86' lang='lat' dir='ltr'>conuitia</span> <span class='ocrx_word' id='word_1_270' title='bbox 449 2067 516 2092; x_wconf 91' lang='lat' dir='ltr'>me</span> <span class='ocrx_word' id='word_1_271' title='bbox 534 2054 684 2093; x_wconf 84' lang='lat' dir='ltr'>fecerat</span> <span class='ocrx_word' id='word_1_272' title='bbox 700 2059 710 2075; x_wconf 91' lang='lat'><em>‘</em></span> <span class='ocrx_word' id='word_1_273' title='bbox 723 2054 768 2092; x_wconf 86' lang='lat' dir='ltr'>in</span> <span class='ocrx_word' id='word_1_274' title='bbox 789 2056 1002 2094; x_wconf 87' lang='lat' dir='ltr'>Christum</span> <span class='ocrx_word' id='word_1_275' title='bbox 1021 2057 1371 2095; x_wconf 85' lang='lat' dir='ltr'>contumeliosum</span> <span class='ocrx_word' id='word_1_276' title='bbox 1385 2057 1405 2103; x_wconf 79' lang='lat'>⁹,</span> <span class='ocrx_word' id='word_1_277' title='bbox 1428 2056 1744 2106; x_wconf 81' lang='lat' dir='ltr'>‘intelligentiae</span> <span class='ocrx_word' id='word_1_278' title='bbox 1758 2071 1846 2107; x_wconf 89' lang='lat' dir='ltr'>pro-</span> 
     </span>
     <span class='ocr_line' id='line_1_31' title="bbox 247 2119 1845 2173; baseline 0.003 -16"><span class='ocrx_word' id='word_1_279' title='bbox 247 2120 432 2169; x_wconf 88' lang='lat' dir='ltr'>pheticae</span> <span class='ocrx_word' id='word_1_280' title='bbox 444 2119 733 2158; x_wconf 76' lang='lat' dir='ltr'>subuel&#39;sorem</span> <span class='ocrx_word' id='word_1_281' title='bbox 741 2121 762 2167; x_wconf 74' lang='lat'>²,</span> <span class='ocrx_word' id='word_1_282' title='bbox 780 2122 817 2158; x_wconf 84' lang='lat' dir='ltr'>‘a</span> <span class='ocrx_word' id='word_1_283' title='bbox 825 2121 991 2160; x_wconf 88' lang='lat' dir='ltr'>Iudaeis</span> <span class='ocrx_word' id='word_1_284' title='bbox 1003 2124 1207 2170; x_wconf 89' lang='lat' dir='ltr'>stantem’,</span> <span class='ocrx_word' id='word_1_285' title='bbox 1231 2124 1239 2140; x_wconf 78' lang='lat'><em>⁴</em></span> <span class='ocrx_word' id='word_1_286' title='bbox 1247 2122 1405 2162; x_wconf 86' lang='lat' dir='ltr'>Christi</span> <span class='ocrx_word' id='word_1_287' title='bbox 1417 2122 1663 2171; x_wconf 87' lang='lat' dir='ltr'>dignitatem</span> <span class='ocrx_word' id='word_1_288' title='bbox 1675 2122 1845 2173; x_wconf 88' lang='lat' dir='ltr'>indigne</span> 
     </span>
     <span class='ocr_line' id='line_1_32' title="bbox 247 2184 1838 2236; baseline 0.001 -13"><span class='ocrx_word' id='word_1_289' title='bbox 247 2184 510 2223; x_wconf 87' lang='lat' dir='ltr'>deiicientem</span> <span class='ocrx_word' id='word_1_290' title='bbox 524 2185 544 2233; x_wconf 78' lang='lat'>⁹,</span> <span class='ocrx_word' id='word_1_291' title='bbox 570 2186 578 2203; x_wconf 78' lang='lat'><em>⁴</em></span> <span class='ocrx_word' id='word_1_292' title='bbox 593 2185 767 2234; x_wconf 85' lang='lat' dir='ltr'>Spiritui</span> <span class='ocrx_word' id='word_1_293' title='bbox 789 2186 1079 2225; x_wconf 84' lang='lat' dir='ltr'>aduersantem</span> <span class='ocrx_word' id='word_1_294' title='bbox 1094 2188 1113 2233; x_wconf 75' lang='lat'>⁹,</span> <span class='ocrx_word' id='word_1_295' title='bbox 1139 2195 1147 2205; x_wconf 76' lang='lat'><strong>⁴</strong></span> <span class='ocrx_word' id='word_1_296' title='bbox 1162 2187 1278 2225; x_wconf 88' lang='lat' dir='ltr'>carni</span> <span class='ocrx_word' id='word_1_297' title='bbox 1296 2186 1519 2236; x_wconf 90' lang='lat' dir='ltr'>literaeque</span> <span class='ocrx_word' id='word_1_298' title='bbox 1538 2187 1805 2226; x_wconf 88' lang='lat' dir='ltr'>adherentem</span> <span class='ocrx_word' id='word_1_299' title='bbox 1820 2191 1838 2236; x_wconf 90' lang='lat'>’‚</span> 
     </span>
     <span class='ocr_line' id='line_1_33' title="bbox 250 2249 1844 2302; baseline 0.002 -14"><span class='ocrx_word' id='word_1_300' title='bbox 250 2249 591 2296; x_wconf 86' lang='lat' dir='ltr'>‘inconsistentia,</span> <span class='ocrx_word' id='word_1_301' title='bbox 602 2263 691 2288; x_wconf 89' lang='lat' dir='ltr'>sese</span> <span class='ocrx_word' id='word_1_302' title='bbox 703 2250 888 2301; x_wconf 86' lang='lat' dir='ltr'>vndique</span> <span class='ocrx_word' id='word_1_303' title='bbox 901 2251 1093 2290; x_wconf 81' lang='lat' dir='ltr'>elidentia</span> <span class='ocrx_word' id='word_1_304' title='bbox 1107 2252 1359 2302; x_wconf 89' lang='lat' dir='ltr'>loquentem,</span> <span class='ocrx_word' id='word_1_305' title='bbox 1368 2254 1410 2290; x_wconf 89' lang='lat' dir='ltr'>et</span> <span class='ocrx_word' id='word_1_306' title='bbox 1423 2265 1507 2290; x_wconf 92' lang='lat' dir='ltr'>non</span> <span class='ocrx_word' id='word_1_307' title='bbox 1521 2252 1615 2292; x_wconf 81' lang='lat' dir='ltr'>vnis</span> <span class='ocrx_word' id='word_1_308' title='bbox 1627 2252 1844 2302; x_wconf 87' lang='lat' dir='ltr'>Anticyris</span> 
     </span>
     <span class='ocr_line' id='line_1_34' title="bbox 247 2315 1841 2367; baseline 0.003 -15"><span class='ocrx_word' id='word_1_309' title='bbox 247 2315 371 2364; x_wconf 87' lang='lat' dir='ltr'>digna</span> <span class='ocrx_word' id='word_1_310' title='bbox 385 2315 404 2361; x_wconf 77' lang='lat'>⁹,</span> <span class='ocrx_word' id='word_1_311' title='bbox 421 2315 544 2365; x_wconf 89' lang='lat' dir='ltr'>idque</span> <span class='ocrx_word' id='word_1_312' title='bbox 558 2316 608 2353; x_wconf 90' lang='lat' dir='ltr'>ad</span> <span class='ocrx_word' id='word_1_313' title='bbox 615 2328 756 2353; x_wconf 88' lang='lat' dir='ltr'>uersus</span> <span class='ocrx_word' id='word_1_314' title='bbox 771 2317 929 2355; x_wconf 87' lang='lat' dir='ltr'>Christi</span> <span class='ocrx_word' id='word_1_315' title='bbox 944 2317 1119 2367; x_wconf 88' lang='lat' dir='ltr'>gloriam</span> <span class='ocrx_word' id='word_1_316' title='bbox 1138 2332 1147 2365; x_wconf 93' lang='lat'>;</span> <span class='ocrx_word' id='word_1_317' title='bbox 1177 2320 1446 2367; x_wconf 83' lang='lat' dir='ltr'>posteaquam</span> <span class='ocrx_word' id='word_1_318' title='bbox 1466 2331 1508 2355; x_wconf 91' lang='lat' dir='ltr'>se</span> <span class='ocrx_word' id='word_1_319' title='bbox 1523 2317 1675 2356; x_wconf 87' lang='lat' dir='ltr'>fecerat</span> <span class='ocrx_word' id='word_1_320' title='bbox 1689 2317 1841 2367; x_wconf 85' lang='lat' dir='ltr'>gloriae</span> 
     </span>
    </p>

    <p class='ocr_par' dir='ltr' id='par_1_8' title="bbox 170 2379 1843 2694">
     <span class='ocr_line' id='line_1_35' title="bbox 170 2379 1843 2431; baseline 0.001 -12"><span class='ocrx_word' id='word_1_321' title='bbox 170 2392 227 2423; x_wconf 80' lang='lat'>125</span> <span class='ocrx_word' id='word_1_322' title='bbox 246 2379 403 2419; x_wconf 87' lang='lat' dir='ltr'>Christi</span> <span class='ocrx_word' id='word_1_323' title='bbox 429 2382 790 2429; x_wconf 87' lang='lat' dir='ltr'>propugnatorem,</span> <span class='ocrx_word' id='word_1_324' title='bbox 814 2394 880 2419; x_wconf 91' lang='lat' dir='ltr'>me</span> <span class='ocrx_word' id='word_1_325' title='bbox 909 2382 1206 2429; x_wconf 87' lang='lat' dir='ltr'>aduersarium,</span> <span class='ocrx_word' id='word_1_326' title='bbox 1233 2382 1462 2431; x_wconf 90' lang='lat' dir='ltr'>periculum</span> <span class='ocrx_word' id='word_1_327' title='bbox 1489 2382 1614 2419; x_wconf 89' lang='lat' dir='ltr'>etiam</span> <span class='ocrx_word' id='word_1_328' title='bbox 1639 2382 1747 2420; x_wconf 90' lang='lat' dir='ltr'>mihi</span> <span class='ocrx_word' id='word_1_329' title='bbox 1779 2382 1843 2421; x_wconf 88' lang='lat' dir='ltr'>de-</span> 
     </span>
     <span class='ocr_line' id='line_1_36' title="bbox 245 2445 1842 2494; baseline 0.003 -11"><span class='ocrx_word' id='word_1_330' title='bbox 245 2445 461 2492; x_wconf 87' lang='lat' dir='ltr'>nuncians,</span> <span class='ocrx_word' id='word_1_331' title='bbox 484 2445 520 2482; x_wconf 89' lang='lat' dir='ltr'>si</span> <span class='ocrx_word' id='word_1_332' title='bbox 546 2445 667 2483; x_wconf 87' lang='lat' dir='ltr'>dictis</span> <span class='ocrx_word' id='word_1_333' title='bbox 689 2446 953 2494; x_wconf 87' lang='lat' dir='ltr'>pertinaciter</span> <span class='ocrx_word' id='word_1_334' title='bbox 975 2447 1225 2494; x_wconf 85' lang='lat' dir='ltr'>adhererem,</span> <span class='ocrx_word' id='word_1_335' title='bbox 1249 2447 1327 2485; x_wconf 91' lang='lat' dir='ltr'>hoc</span> <span class='ocrx_word' id='word_1_336' title='bbox 1347 2449 1409 2485; x_wconf 90' lang='lat' dir='ltr'>est</span> <span class='ocrx_word' id='word_1_337' title='bbox 1433 2446 1516 2484; x_wconf 88' lang='lat' dir='ltr'>nisi</span> <span class='ocrx_word' id='word_1_338' title='bbox 1534 2446 1688 2485; x_wconf 88' lang='lat' dir='ltr'>vellem</span> <span class='ocrx_word' id='word_1_339' title='bbox 1713 2451 1842 2487; x_wconf 85' lang='grc' dir='ltr'>παλιν-</span> 
     </span>
     <span class='ocr_line' id='line_1_37' title="bbox 248 2510 1842 2561; baseline 0.002 -13"><span class='ocrx_word' id='word_1_340' title='bbox 248 2511 351 2561; x_wconf 75' lang='grc' dir='ltr'>ῳδεῖν</span> <span class='ocrx_word' id='word_1_341' title='bbox 364 2511 477 2558; x_wconf 88' lang='lat' dir='ltr'>(nam</span> <span class='ocrx_word' id='word_1_342' title='bbox 493 2510 558 2548; x_wconf 91' lang='lat' dir='ltr'>his</span> <span class='ocrx_word' id='word_1_343' title='bbox 572 2512 697 2559; x_wconf 88' lang='lat' dir='ltr'>atque</span> <span class='ocrx_word' id='word_1_344' title='bbox 716 2511 809 2549; x_wconf 89' lang='lat' dir='ltr'>aliis</span> <span class='ocrx_word' id='word_1_345' title='bbox 828 2511 905 2550; x_wconf 90' lang='lat' dir='ltr'>hoc</span> <span class='ocrx_word' id='word_1_346' title='bbox 925 2525 1056 2561; x_wconf 89' lang='lat' dir='ltr'>genus</span> <span class='ocrx_word' id='word_1_347' title='bbox 1074 2512 1233 2550; x_wconf 84' lang='lat' dir='ltr'>facetiis</span> <span class='ocrx_word' id='word_1_348' title='bbox 1255 2512 1388 2550; x_wconf 84' lang='lat' dir='ltr'>Faber</span> <span class='ocrx_word' id='word_1_349' title='bbox 1405 2511 1476 2549; x_wconf 89' lang='lat' dir='ltr'>ille</span> <span class='ocrx_word' id='word_1_350' title='bbox 1494 2514 1641 2550; x_wconf 88' lang='lat' dir='ltr'>natura</span> <span class='ocrx_word' id='word_1_351' title='bbox 1659 2512 1777 2551; x_wconf 90' lang='lat' dir='ltr'>mitis</span> <span class='ocrx_word' id='word_1_352' title='bbox 1794 2527 1842 2552; x_wconf 90' lang='lat' dir='ltr'>ac</span> 
     </span>
     <span class='ocr_line' id='line_1_38' title="bbox 248 2576 1843 2625; baseline 0.002 -12"><span class='ocrx_word' id='word_1_353' title='bbox 248 2576 434 2623; x_wconf 82' lang='lat' dir='ltr'>blandus,</span> <span class='ocrx_word' id='word_1_354' title='bbox 470 2577 562 2614; x_wconf 92' lang='lat' dir='ltr'>tum</span> <span class='ocrx_word' id='word_1_355' title='bbox 596 2577 770 2615; x_wconf 86' lang='lat' dir='ltr'>Erasmo</span> <span class='ocrx_word' id='word_1_356' title='bbox 799 2589 885 2614; x_wconf 88' lang='lat' dir='ltr'>non</span> <span class='ocrx_word' id='word_1_357' title='bbox 913 2577 1041 2615; x_wconf 89' lang='lat' dir='ltr'>semel</span> <span class='ocrx_word' id='word_1_358' title='bbox 1074 2576 1241 2625; x_wconf 75' lang='lat' dir='ltr'>amicus,</span> <span class='ocrx_word' id='word_1_359' title='bbox 1274 2577 1383 2615; x_wconf 88' lang='lat' dir='ltr'>ludit</span> <span class='ocrx_word' id='word_1_360' title='bbox 1421 2577 1465 2614; x_wconf 91' lang='lat' dir='ltr'>in</span> <span class='ocrx_word' id='word_1_361' title='bbox 1502 2577 1685 2615; x_wconf 88' lang='lat' dir='ltr'>amicum</span> <span class='ocrx_word' id='word_1_362' title='bbox 1720 2578 1843 2617; x_wconf 89' lang='lat' dir='ltr'>vnice</span> 
     </span>
     <span class='ocr_line' id='line_1_39' title="bbox 247 2641 1839 2694; baseline 0.003 -16"><span class='ocrx_word' id='word_1_363' title='bbox 247 2641 434 2691; x_wconf 86' lang='lat' dir='ltr'>charum)</span> <span class='ocrx_word' id='word_1_364' title='bbox 450 2641 615 2679; x_wconf 90' lang='lat' dir='ltr'>:—haec</span> <span class='ocrx_word' id='word_1_365' title='bbox 640 2642 780 2690; x_wconf 89' lang='lat' dir='ltr'>igitur,</span> <span class='ocrx_word' id='word_1_366' title='bbox 808 2642 991 2691; x_wconf 90' lang='lat' dir='ltr'>inquam,</span> <span class='ocrx_word' id='word_1_367' title='bbox 1026 2644 1149 2691; x_wconf 87' lang='lat' dir='ltr'>atque</span> <span class='ocrx_word' id='word_1_368' title='bbox 1178 2642 1381 2680; x_wconf 88' lang='lat' dir='ltr'>eiusmodi</span> <span class='ocrx_word' id='word_1_369' title='bbox 1409 2641 1543 2680; x_wconf 88' lang='lat' dir='ltr'>multa</span> <span class='ocrx_word' id='word_1_370' title='bbox 1571 2645 1839 2694; x_wconf 88' lang='lat' dir='ltr'>posteaquam</span> 
     </span>
    </p>

    <p class='ocr_par' dir='ltr' id='par_1_9' title="bbox 169 2706 1841 2757">
     <span class='ocr_line' id='line_1_40' title="bbox 169 2706 1841 2757; baseline 0.002 -13"><span class='ocrx_word' id='word_1_371' title='bbox 169 2718 228 2748; x_wconf 78' lang='lat'>130</span> <span class='ocrx_word' id='word_1_372' title='bbox 245 2707 290 2744; x_wconf 89' lang='lat' dir='ltr'>in</span> <span class='ocrx_word' id='word_1_373' title='bbox 319 2719 386 2744; x_wconf 92' lang='lat' dir='ltr'>me</span> <span class='ocrx_word' id='word_1_374' title='bbox 411 2719 498 2744; x_wconf 89' lang='lat' dir='ltr'>non</span> <span class='ocrx_word' id='word_1_375' title='bbox 528 2707 668 2744; x_wconf 91' lang='lat' dir='ltr'>minus</span> <span class='ocrx_word' id='word_1_376' title='bbox 696 2706 863 2745; x_wconf 89' lang='lat' dir='ltr'>inimice</span> <span class='ocrx_word' id='word_1_377' title='bbox 883 2720 1005 2757; x_wconf 87' lang='lat' dir='ltr'>quam</span> <span class='ocrx_word' id='word_1_378' title='bbox 1025 2707 1129 2745; x_wconf 88' lang='lat' dir='ltr'>falso</span> <span class='ocrx_word' id='word_1_379' title='bbox 1149 2707 1375 2756; x_wconf 87' lang='lat' dir='ltr'>scripserat,</span> <span class='ocrx_word' id='word_1_380' title='bbox 1397 2720 1443 2745; x_wconf 86' lang='lat' dir='ltr'>ac</span> <span class='ocrx_word' id='word_1_381' title='bbox 1463 2707 1610 2745; x_wconf 89' lang='lat' dir='ltr'>mediis</span> <span class='ocrx_word' id='word_1_382' title='bbox 1629 2708 1715 2747; x_wconf 90' lang='lat' dir='ltr'>suis</span> <span class='ocrx_word' id='word_1_383' title='bbox 1733 2722 1841 2748; x_wconf 89' lang='lat' dir='ltr'>com-</span> 
     </span>
    </p>
   </div>
   <div class='ocr_carea' id='block_1_3' title="bbox 248 2802 1839 2927">
    <p class='ocr_par' dir='ltr' id='par_1_10' title="bbox 248 2802 1839 2927">
     <span class='ocr_line' id='line_1_41' title="bbox 291 2802 1839 2845; baseline 0.001 -10"><span class='ocrx_word' id='word_1_384' title='bbox 291 2815 343 2843; x_wconf 78' lang='grc'>94.</span> <span class='ocrx_word' id='word_1_385' title='bbox 369 2805 479 2843; x_wconf 86' lang='lat' dir='ltr'>igitur</span> <span class='ocrx_word' id='word_1_386' title='bbox 494 2807 568 2835; x_wconf 77' lang='lat' dir='ltr'>add.</span> <span class='ocrx_word' id='word_1_387' title='bbox 587 2808 624 2835; x_wconf 90' lang='lat' dir='ltr'>D.</span> <span class='ocrx_word' id='word_1_388' title='bbox 799 2806 869 2836; x_wconf 88' lang='lat'>106.</span> <span class='ocrx_word' id='word_1_389' title='bbox 895 2806 1023 2845; x_wconf 91' lang='lat' dir='ltr'>opinor</span> <span class='ocrx_word' id='word_1_390' title='bbox 1038 2802 1090 2835; x_wconf 75' lang='lat' dir='ltr'>a2:</span> <span class='ocrx_word' id='word_1_391' title='bbox 1115 2804 1281 2834; x_wconf 70' lang='lat' dir='ltr'>omnibus</span> <span class='ocrx_word' id='word_1_392' title='bbox 1296 2804 1341 2835; x_wconf 70' lang='lat' dir='ltr'>ul.</span> <span class='ocrx_word' id='word_1_393' title='bbox 1513 2814 1583 2843; x_wconf 90' lang='lat'>119.</span> <span class='ocrx_word' id='word_1_394' title='bbox 1610 2808 1754 2845; x_wconf 84' lang='lat' dir='ltr'>praeter</span> <span class='ocrx_word' id='word_1_395' title='bbox 1769 2805 1839 2836; x_wconf 85' lang='lat' dir='ltr'>alia</span> 
     </span>
     <span class='ocr_line' id='line_1_42' title="bbox 248 2847 1837 2889; baseline 0.001 -11"><span class='ocrx_word' id='word_1_396' title='bbox 248 2847 409 2878; x_wconf 85' lang='lat' dir='ltr'>conuitia</span> <span class='ocrx_word' id='word_1_397' title='bbox 425 2851 499 2878; x_wconf 82' lang='lat' dir='ltr'>add.</span> <span class='ocrx_word' id='word_1_398' title='bbox 517 2851 553 2878; x_wconf 79' lang='lat' dir='ltr'>I).</span> <span class='ocrx_word' id='word_1_399' title='bbox 737 2857 807 2878; x_wconf 81' lang='lat'>122.</span> <span class='ocrx_word' id='word_1_400' title='bbox 835 2849 1031 2887; x_wconf 86' lang='lat' dir='ltr'>literaeque</span> <span class='ocrx_word' id='word_1_401' title='bbox 1047 2850 1119 2878; x_wconf 79' lang='lat' dir='ltr'>add.</span> <span class='ocrx_word' id='word_1_402' title='bbox 1137 2850 1173 2879; x_wconf 92' lang='lat' dir='ltr'>D.</span> <span class='ocrx_word' id='word_1_403' title='bbox 1370 2857 1440 2886; x_wconf 85' lang='lat'><strong>123.</strong></span> <span class='ocrx_word' id='word_1_404' title='bbox 1465 2858 1540 2878; x_wconf 83' lang='lat' dir='ltr'>sese</span> <span class='ocrx_word' id='word_1_405' title='bbox 1556 2848 1614 2883; x_wconf 69' lang='lat' dir='ltr'>‹22ss</span> <span class='ocrx_word' id='word_1_406' title='bbox 1632 2860 1640 2879; x_wconf 90' lang='lat'>:</span> <span class='ocrx_word' id='word_1_407' title='bbox 1663 2859 1769 2889; x_wconf 89' lang='lat' dir='ltr'>seque</span> <span class='ocrx_word' id='word_1_408' title='bbox 1783 2848 1837 2880; x_wconf 73' lang='lat' dir='ltr'>al:</span> 
     </span>
     <span class='ocr_line' id='line_1_43' title="bbox 249 2891 1073 2927; baseline 0.001 -6"><span class='ocrx_word' id='word_1_409' title='bbox 249 2901 392 2927; x_wconf 81' lang='lat' dir='ltr'>seseque</span> <span class='ocrx_word' id='word_1_410' title='bbox 411 2893 443 2920; x_wconf 86' lang='lat' dir='ltr'>F.</span> <span class='ocrx_word' id='word_1_411' title='bbox 581 2893 652 2922; x_wconf 85' lang='lat'><strong>126.</strong></span> <span class='ocrx_word' id='word_1_412' title='bbox 678 2891 807 2922; x_wconf 81' lang='lat' dir='ltr'>vellem</span> <span class='ocrx_word' id='word_1_413' title='bbox 823 2891 857 2921; x_wconf 74' lang='grc' dir='ltr'>α2</span> <span class='ocrx_word' id='word_1_414' title='bbox 873 2903 880 2922; x_wconf 88' lang='lat'>:</span> <span class='ocrx_word' id='word_1_415' title='bbox 904 2892 1015 2923; x_wconf 85' lang='lat' dir='ltr'>velim</span> <span class='ocrx_word' id='word_1_416' title='bbox 1029 2891 1073 2922; x_wconf 76' lang='lat' dir='ltr'>al.</span> 
     </span>
    </p>
   </div>
   <div class='ocr_carea' id='block_1_4' title="bbox 297 2976 1792 3019">
    <p class='ocr_par' dir='ltr' id='par_1_11' title="bbox 297 2976 1792 3019">
     <span class='ocr_line' id='line_1_44' title="bbox 297 2976 1792 3019; baseline 0.001 -11"><span class='ocrx_word' id='word_1_417' title='bbox 297 2988 366 3008; x_wconf 88' lang='lat'>102.</span> <span class='ocrx_word' id='word_1_418' title='bbox 395 2978 516 3018; x_wconf 77' lang='lat' dir='ltr'>caput]</span> <span class='ocrx_word' id='word_1_419' title='bbox 535 2979 585 3009; x_wconf 91' lang='lat' dir='ltr'>Cf.</span> <span class='ocrx_word' id='word_1_420' title='bbox 602 2978 677 3009; x_wconf 83' lang='lat' dir='ltr'>Ter.</span> <span class='ocrx_word' id='word_1_421' title='bbox 697 2981 812 3009; x_wconf 76' lang='lat' dir='ltr'>Heaut.</span> <span class='ocrx_word' id='word_1_422' title='bbox 836 2979 908 3017; x_wconf 87' lang='lat'><strong>762.</strong></span> <span class='ocrx_word' id='word_1_423' title='bbox 1101 2987 1171 3008; x_wconf 89' lang='lat'><em>120.</em></span> <span class='ocrx_word' id='word_1_424' title='bbox 1199 2987 1256 3007; x_wconf 77' lang='lat' dir='ltr'>me</span> <span class='ocrx_word' id='word_1_425' title='bbox 1274 2976 1420 3018; x_wconf 78' lang='lat' dir='ltr'>fecerat]</span> <span class='ocrx_word' id='word_1_426' title='bbox 1441 2977 1493 3008; x_wconf 88' lang='lat' dir='ltr'>Cf.</span> <span class='ocrx_word' id='word_1_427' title='bbox 1513 2979 1576 3019; x_wconf 89' lang='lat' dir='ltr'>Ep.</span> <span class='ocrx_word' id='word_1_428' title='bbox 1592 2980 1666 3018; x_wconf 84' lang='lat'>659.</span> <span class='ocrx_word' id='word_1_429' title='bbox 1683 2987 1702 3017; x_wconf 89' lang='lat'><strong>5</strong></span> <span class='ocrx_word' id='word_1_430' title='bbox 1719 2988 1792 3018; x_wconf 86' lang='lat' dir='ltr'>seq.</span> 
     </span>
    </p>
   </div>
  </div>
 </body>
</html>
