2034 3433
383 149 434 187 76
846 149 1092 190 LETTERS
1131 149 1201 188 OF
1239 150 1504 190 ERASMUS
1845 146 1885 201 [1
1895 157 1917 197 5
1926 159 1940 184 1
1951 156 1971 197 7

867 271 964 311 654.
1024 268 1086 308 To
1118 267 1310 310 THOMAs
1340 269 1488 311 MORE.

430 359 618 395 Deventer
636 359 711 394 MS.
733 369 787 404 91,
808 359 832 393 f.
850 360 905 394 60.
1609 358 1802 402 Antwerp.

430 417 503 453 LB.
522 417 617 462 App.
639 425 715 462 179.
1492 418 1511 452 8
1531 415 1752 462 September
1772 413 1927 461 (1517).

514 498 746 538 [Answering
761 506 781 527 a
798 496 905 527 letter
918 496 1009 527 from
1026 495 1162 535 Calais;
1185 496 1257 527 and
1273 495 1451 528 therefore
1466 497 1558 528 later
1573 497 1661 528 than
1680 497 1743 536 Ep.
1760 494 1855 536 623.]

871 583 1078 613 ERASMVS
1109 583 1234 613 MORO
1266 583 1348 614 SVO
1381 584 1414 615 S.
1440 584 1483 614 D.

438 665 576 703 MIT'ro
605 664 781 713 tabulas,
812 677 891 714 quo
919 663 1000 701 tibi
1028 665 1240 714 vtcunque
1270 665 1467 714 adsimus,
1497 666 1533 704 si
1561 679 1641 715 qua
1669 678 1757 704 sors
1785 676 1861 702 nos
1888 663 1976 702 ade-

384 729 518 768 merit.
569 729 805 768 Dimidium
820 728 1027 778 impendit
1042 729 1203 778 Petrus,
1221 728 1444 768 dimidium
1459 743 1560 780 ego3
1589 743 1673 768 non
1689 730 1789 780 quin
1803 731 1977 778 vterque

383 796 427 833 in
458 794 640 833 solidum
671 794 850 832 libenter
883 795 1179 832 immoraturus
1211 794 1351 842 fuerit,
1388 794 1460 833 sed
1492 796 1540 834 vt
1571 795 1791 834 amborum
1823 806 1978 832 munus

383 862 490 899 esset
519 872 750 898 commune.
810 859 963 898 Petrus
990 859 1192 909 Aegidius
1218 859 1354 899 adhuc
1383 873 1456 899 suo
1484 863 1652 899 tenetur
1678 859 1835 898 morbo.
1892 858 1979 897 Nos

349 945 365 973 5
385 926 547 975 agimus
580 925 757 964 Louanii
791 925 900 963 inter
933 924 1155 975 Magistros
1188 928 1354 965 nostros
1392 928 1432 965 et
1464 926 1654 966 valemus
1691 937 1806 963 more
1845 923 1976 962 solito.

386 991 514 1029 Doleo
547 993 589 1030 te
623 991 778 1030 Caletie
811 990 1040 1039 alligatum.
1109 990 1153 1029 Si
1190 1004 1275 1029 non
1311 991 1434 1030 datur
1465 991 1588 1039 aliud,
1625 991 1775 1029 saltem
1813 988 1980 1028 scribito

385 1056 578 1105 crebrius,
595 1056 663 1095 vel
682 1056 834 1106 paucis.
890 1055 1001 1105 Vale,
1019 1055 1133 1094 More
1148 1056 1389 1095 mortalium
1406 1056 1594 1095 omnium
1610 1055 1716 1094 mihi
1731 1053 1979 1094 charissime.

437 1121 705 1171 Antwerpiae
727 1123 748 1158 6
771 1120 835 1159 Id.
857 1120 1122 1170 Septembris.

439 1187 567 1226 Serua
585 1189 626 1225 te
645 1185 765 1224 nobis
785 1185 1050 1224 incolumem.

888 1317 987 1357 655.
1047 1315 1112 1356 To
1142 1315 1268 1357 JOHN
1300 1316 1478 1358 SIXTIN.

433 1409 620 1444 Deventer
638 1407 715 1443 MS.
735 1417 792 1453 91,
812 1406 835 1441 f.
855 1408 910 1442 60.
1648 1405 1837 1451 Antwerp.

436 1466 508 1500 LB.
527 1467 622 1511 App.
645 1468 719 1501 180.
1555 1467 1575 1500 8
1594 1463 1814 1510 September
1834 1473 1933 1509 1517.

849 1534 1055 1564 ERASMVS
1087 1535 1270 1565 SIXTINO
1302 1535 1384 1565 SVO
1416 1536 1449 1566 S.
1475 1536 1518 1566 D.

443 1618 476 1656 Ο
508 1629 592 1655 REM
623 1616 838 1654 acerbam!
881 1615 952 1653 sed
988 1615 1085 1665 quid
1118 1615 1267 1654 attinet
1298 1615 1447 1666 queri?
1502 1616 1584 1655 Oro
1618 1617 1659 1653 te
1692 1628 1764 1665 per
1798 1616 1982 1652 nostram

388 1682 617 1722 amicitiam
648 1683 695 1720 vt
725 1681 875 1719 Petrus
909 1681 1163 1720 Ammonius
1194 1681 1409 1720 contrahat
1439 1681 1576 1720 omnis
1607 1681 1799 1719 Andreae
1831 1679 1882 1718 ad
1914 1691 1981 1718 me

388 1747 584 1799 epistolas
613 1748 654 1785 et
684 1759 799 1785 meas
826 1746 878 1784 ad
907 1745 1042 1794 illum,
1075 1748 1116 1784 et
1144 1748 1217 1785 aut
1245 1746 1326 1785 huc
1355 1747 1496 1786 mittat
1525 1748 1598 1784 aut
1625 1746 1705 1784 tibi
1732 1745 1869 1784 tradat
1901 1744 1982 1783 huc

389 1809 636 1852 mittendas:
684 1811 831 1850 deinde
869 1812 913 1849 vt
951 1812 1139 1861 exempla
1179 1814 1251 1852 aut
1288 1812 1425 1851 littere
1459 1812 1509 1851 de
1553 1810 1861 1862 dispensatione
1894 1810 1983 1848 abo·

354 1888 370 1918 5
388 1879 563 1926 leantur,
587 1891 640 1916 ne
669 1877 862 1915 aberrent
891 1877 936 1915 in
965 1890 1116 1916 manus
1145 1891 1288 1916 eorum
1315 1878 1360 1916 in
1389 1891 1566 1928 quorum
1594 1876 1739 1916 nolim.
1794 1876 1982 1915 Fratrem

388 1947 509 1983 tuum
548 1957 634 1982 non
666 1943 753 1982 vidi
769 1956 779 1990 3
824 1955 923 1980 nam
961 1943 1127 1981 aberam
1162 1944 1348 1982 Louanii.
1418 1944 1569 1982 Petrus
1604 1941 1806 1992 Aegidius
1843 1940 1984 1980 odiosa

389 2009 582 2060 lentaque
600 2007 837 2047 valetudine
855 2007 1084 2047 afflictatur.
1143 2009 1272 2047 Nobis
1297 2022 1393 2047 cum
1417 2009 1493 2048 hoc
1519 2008 1628 2047 coelo
1653 2007 1753 2046 satis
1773 2005 1979 2053 conuenit,

389 2087 464 2113 nec
490 2075 650 2113 deesset
669 2074 847 2122 fortuna,
870 2073 906 2111 si
931 2087 998 2112 me
1029 2073 1155 2112 velim
1179 2074 1416 2124 principum
1442 2073 1624 2124 negociis
1646 2072 1884 2120 inuoluere3
1913 2072 1982 2110 sed

390 2140 510 2179 video
538 2139 739 2179 factiones
767 2139 872 2177 tales
902 2141 948 2177 vt
976 2141 1117 2178 tutum
1147 2152 1232 2178 non
1261 2141 1316 2178 sit
1345 2142 1417 2178 aut
1445 2139 1552 2178 hanc
1580 2136 1730 2190 (sequi)
1756 2139 1826 2177 aut
1853 2136 1980 2176 illam·

335 2211 372 2232 ¹0
391 2206 537 2245 Studia
562 2218 655 2244 mea
679 2217 911 2255 persequor.
970 2204 1086 2243 Bene
1108 2205 1210 2254 vale,
1238 2205 1483 2245 charissime
1513 2204 1688 2253 Sixtine,
1715 2206 1836 2254 teque
1865 2201 1984 2242 nobis

390 2271 642 2310 incolumem
663 2283 794 2309 serua.
855 2271 1119 2320 Antwerpiae
1142 2272 1176 2309 6.
1200 2270 1312 2310 Idus.
1336 2271 1426 2321 Sep.
1452 2272 1579 2309 Anno
1598 2282 1687 2309 M.D.
1715 2279 1773 2317 17.

866 2391 963 2432 656.
1023 2388 1087 2431 ΤΟ
1118 2390 1269 2431 PETER
1299 2391 1499 2432 VANNEs.

439 2475 624 2510 Deventer
642 2473 716 2510 MS.
738 2485 794 2519 91,
813 2474 838 2509 f.
857 2476 913 2509 60.
1578 2472 1818 2520 <Ant-werp.)

438 2534 509 2569 LB.
527 2535 624 2579 App.
644 2535 722 2568 228.
1459 2530 1510 2577 (e.
1532 2533 1552 2567 8
1571 2531 1790 2577 September
1810 2529 1935 2576 1517.)

433 2614 728 2655 [Contemporary
742 2613 833 2643 with
851 2613 938 2653 Epp.
955 2614 1063 2652 654-5
1078 2624 1086 2643 :
1108 2612 1231 2643 which
1246 2612 1276 2642 it
1292 2611 1429 2642 follows
1444 2612 1483 2642 in
1499 2611 1561 2642 the
1575 2611 1808 2651 manuscript.

434 2658 537 2688 Peter
556 2658 700 2688 Vannes
717 2656 755 2687 of
769 2656 882 2687 Lucea
898 2658 969 2697 (ψει.
992 2667 1006 2686 1
1026 2657 1108 2696 May
1126 2656 1220 2696 1563)
1244 2665 1317 2686 was
1338 2664 1358 2685 a
1378 2655 1501 2686 cousin
1523 2654 1562 2686 of
1579 2655 1737 2686 Andrew
1753 2654 1978 2701 Ammonius.

736 2734 810 2772 654.
835 2734 864 2765 8.
890 2733 1098 2773 Septenbris
1113 2735 1183 2764 MS.
1283 2732 1356 2763 655.
1389 2742 1441 2762 10.
1465 2732 1592 2763 studea
1609 2735 1678 2764 MS.

427 2817 500 2847 654.
523 2827 548 2848 1.
568 2817 722 2857 tabulas]
738 2815 790 2847 Cf.
805 2815 866 2855 Ep.
884 2816 958 2854 584.
972 2817 1038 2846 6n.
1056 2825 1063 2853 ;
1079 2814 1153 2845 also
1265 2824 1297 2853 5.
1323 2813 1501 2854 Fratrem]
1526 2813 1654 2844 Albert
1682 2813 1813 2852 Sixtin,
1840 2813 1922 2843 who
1952 2813 1984 2844 is

392 2861 478 2899 Epp.
499 2861 572 2899 669,
591 2861 664 2900 681,
683 2860 803 2898 683-4.
1221 2857 1429 2888 mentioned
1444 2857 1483 2887 in
1499 2857 1626 2888 John’s
1641 2857 1738 2895 wi113
1755 2867 1812 2888 see
1829 2856 1979 2896 Knight,

434 2905 464 2933 6.
493 2903 644 2944 Caletie]
663 2903 714 2934 Cf.
731 2903 794 2942 Ep.
814 2904 887 2941 623.
909 2912 950 2932 20
963 2912 998 2933 n.
1220 2903 1287 2939 Life
1302 2902 1431 2939 oscolet,
1449 2910 1481 2940 p.
1501 2910 1574 2932 221.
1623 2901 1792 2932 Erasmus
1815 2901 1890 2931 met
1905 2899 1982 2930 him

436 2946 511 2978 655.
535 2957 566 2984 4.
590 2946 633 2977 de
660 2945 944 2987 dispensatione]
970 2946 1033 2977 See
1064 2944 1151 2984 Epp.
1222 2944 1336 2982 later3
1361 2943 1404 2975 cf.
1418 2944 1483 2984 Ep.
1499 2944 1575 2976 668.
1595 2954 1625 2983 7,
1642 2945 1673 2975 8.

393 3000 455 3028 447
473 2989 607 3020 introd.
627 2990 699 3020 and
719 2998 780 3028 517
800 2989 933 3020 introd.
1266 2989 1300 3018 8.
1324 2987 1494 3028 negociis]
1515 2987 1565 3018 Cf.
1584 2987 1649 3027 Ep.
1666 2987 1742 3027 669.
1763 2996 1802 3017 12
1815 2997 1850 3018 n.
