2034 3433
344 175 423 213 588
802 174 1053 213 LETTERS
1093 175 1162 214 OF
1201 175 1468 215 ERASMUS

1809 173 1934 228 [1519

286 292 323 324 25
342 278 479 329 plinae
500 279 694 326 restituis,
713 279 871 317 clerum
888 292 1055 318 omnem
1070 279 1119 318 ad
1136 279 1405 319 laudatiorem
1425 281 1537 319 vitae
1556 281 1732 319 formam
1752 293 1937 319 reuocas:

342 345 442 394 quin
468 346 509 382 et
533 344 766 382 liberalium
796 343 1114 395 disciplinarum
1141 346 1288 394 studia,
1312 346 1504 385 nonnihil
1528 347 1726 385 hactenus
1749 345 1936 395 collapsa,

343 410 476 457 sarcis,
512 409 722 458 politiores
754 410 909 459 literas,
942 424 1037 449 cum
1069 411 1221 450 veteris
1254 412 1441 450 inscitiae
1474 412 1660 462 patronis
1693 411 1826 450 adhuc
1859 411 1937 449 col-

342 475 556 523 luctantes,
598 476 738 514 fauore
785 478 859 514 tuo
908 474 1045 524 fulcis,
1089 477 1310 515 autoritate
1358 477 1499 526 tueris,
1540 477 1761 528 splendore
1801 488 1935 524 ornas,

342 539 597 590 benignitate
622 542 749 590 foues,
776 541 1009 591 magnificis
1038 541 1197 581 salariis
1221 542 1405 581 inuitans
1428 542 1732 581 eruditissimos
1757 553 1939 592 quosque

286 618 327 649 30
342 606 599 656 professores
651 608 950 658 Comparandis
962 607 1227 646 bibliothecis
1240 609 1355 646 omni
1368 608 1572 646 bonorum
1585 610 1777 647 autorum
1790 619 1939 657 genere

341 671 679 721 locupletissimis
698 686 793 711 cum
817 673 907 723 ipso
926 675 1058 711 certas
1078 673 1317 712 Ptolemaeo
1337 673 1626 723 Philadelpho,
1649 673 1782 723 magis
1800 672 1877 710 hac
1896 683 1940 709 re

342 749 467 786 quam
486 738 577 787 ipso
596 751 720 788 regno
741 738 902 777 celebri.
965 739 1066 777 Tres
1086 738 1261 788 linguas,
1285 738 1376 777 sine
1396 738 1546 788 quibus
1565 751 1712 778 manca
1726 739 1788 777 est
1803 736 1942 776 omnis

343 802 540 851 doctrina,
571 803 692 841 nobis
722 816 898 843 reuocas.
960 803 1067 842 Nam
1094 804 1172 842 hoc
1198 804 1398 842 beneficio
1428 804 1536 853 quod
1567 817 1680 842 nunc
1709 804 1941 853 praestatur

342 867 521 917 inclytae
542 869 704 907 scholae
725 869 964 918 Oxoniensi,
987 871 1120 908 totam
1149 869 1413 908 Britanniam
1437 869 1600 907 felicem
1624 868 1775 908 iudico.
1829 867 1940 916 Quin

284 945 324 977 35
342 937 384 973 et
418 933 520 972 illud
554 934 641 972 fore
670 934 844 984 confido,
881 938 926 974 vt
961 935 1038 973 1100
1071 934 1398 985 pulcherrimum
1428 935 1664 985 exemplum
1702 935 1940 973 nostrorum

343 1013 508 1050 quoque
540 1000 778 1050 principum
811 1001 975 1040 animos
1011 1000 1309 1051 expergefaciat
1345 1001 1577 1051 aliquando.
1643 999 1784 1048 Video,
1821 998 1940 1038 video

342 1078 509 1114 prorsus
542 1066 727 1104 seculum
759 1066 966 1116 quoddam
1000 1079 1173 1105 aureum
1201 1067 1364 1115 exoriri,
1397 1067 1431 1104 si
1458 1066 1715 1117 principibus
1742 1065 1939 1114 aliquam-

343 1131 490 1169 multis
505 1133 601 1169 tuus
620 1131 698 1169 iste
718 1132 896 1171 incessat
910 1131 1085 1171 animus.
1138 1133 1328 1182 Reponet
1343 1132 1453 1171 iusta
1466 1132 1650 1182 praemia
1664 1129 1941 1171 sanctissimis

343 1196 428 1234 tuis
447 1196 664 1235 conatibus
683 1197 719 1235 is
738 1197 856 1235 cuius
874 1198 1069 1248 auspiciis
1089 1198 1188 1237 haec
1208 1198 1296 1248 geri
1315 1198 1519 1236 videntur.
1579 1197 1663 1236 Nec
1682 1197 1762 1236 erit
1777 1196 1942 1245 ingrata

284 1274 325 1305 40
343 1262 572 1311 posteritas.
634 1262 797 1301 Nouam
827 1264 934 1302 hanc
963 1264 1206 1302 felicitatem
1237 1264 1326 1302 orbi
1356 1277 1429 1313 per
1456 1266 1498 1302 te
1526 1265 1686 1313 partam
1717 1263 1941 1312 loquentur

344 1327 444 1365 olim
477 1328 735 1366 eruditorum
770 1329 989 1367 hominum
1025 1329 1179 1368 literae.
1250 1329 1387 1367 Tuum
1422 1329 1533 1368 istud
1570 1331 1714 1379 pectus
1744 1327 1941 1367 iuuandis

344 1393 584 1431 mortalium
628 1394 753 1433 rebus
794 1397 941 1433 natum
986 1394 1210 1433 celebrabit
1245 1395 1426 1434 aeternis
1468 1394 1752 1433 monumentis
1791 1393 1941 1432 Latina

343 1458 494 1507 pariter
522 1472 567 1497 ac
595 1460 747 1498 Graeca
777 1460 979 1500 facundia.
1040 1460 1287 1499 Istiusmodi
1315 1460 1535 1509 columnis,
1563 1459 1798 1498 istiusmodi
1827 1472 1942 1509 pyra-

345 1523 527 1562 midibus
559 1527 600 1563 et
633 1527 800 1574 paratur
838 1528 879 1564 et
916 1529 1103 1565 seruatur
1140 1526 1306 1565 honesti
1341 1526 1526 1564 nominis
1563 1538 1779 1575 nunquam
1818 1525 1941 1564 inter-

285 1602 324 1633 45
345 1590 547 1628 moritura
566 1590 778 1629 memoria.

399 1654 487 1706 Ego
530 1655 701 1694 interim
746 1657 933 1706 publicae
977 1657 1191 1708 gratulans
1232 1658 1434 1705 felicitati,
1477 1671 1616 1697 meum
1657 1671 1811 1697 nomen
1850 1657 1942 1696 luce

344 1722 621 1760 recentiorum
642 1722 849 1760 obscurari
871 1723 1052 1772 gaudeo;
1082 1723 1283 1761 nimirum
1305 1723 1461 1773 passim
1485 1724 1570 1762 iam
1595 1722 1941 1762 efflorescentibus

344 1786 394 1824 ad
416 1799 518 1836 quos
538 1787 623 1837 ipse
643 1801 719 1826 nec
738 1789 841 1826 scire
861 1788 1001 1827 literas
1019 1791 1060 1827 et
1076 1789 1213 1827 infans
1232 1802 1319 1827 esse
1337 1789 1490 1828 videor.
1539 1789 1645 1828 Mihi
1665 1791 1729 1828 sat
1748 1791 1810 1828 est
1829 1788 1939 1839 quod

343 1851 421 1889 hoc
442 1852 577 1891 laudis
596 1853 691 1901 fero,
715 1853 750 1891 si
769 1856 911 1892 tamen
933 1867 1182 1904 promereor,
1205 1857 1251 1893 vt
1270 1855 1383 1893 dicar
1401 1868 1509 1894 vnus
1529 1868 1578 1893 ex
1602 1869 1746 1894 eorum
1767 1867 1941 1893 numero

286 1930 326 1961 50
344 1916 471 1955 fuisse
509 1918 579 1968 qui
619 1919 919 1958 crassissimam
949 1919 1181 1959 barbariem
1219 1933 1265 1959 ac
1295 1920 1534 1970 pudendam
1571 1921 1805 1969 infantiam,
1841 1933 1942 1971 quas

345 1982 546 2021 hactenus
583 1984 703 2022 nobis
742 1985 1016 2035 opprobrabat
1055 1985 1189 2034 Italia,
1228 1985 1279 2024 ab
1317 1985 1430 2024 hisce
1467 1986 1704 2036 regionibus
1741 1986 1943 2037 depellere

344 2049 477 2086 conati
507 2051 618 2087 sunt.
680 2050 729 2088 Id
768 2063 893 2100 quam
932 2050 1109 2089 feliciter
1140 2051 1310 2090 fecerim
1348 2051 1497 2100 nescio,
1532 2054 1638 2090 certe
1672 2065 1756 2090 non
1789 2051 1943 2102 absque

344 2113 504 2152 inuidia
537 2114 644 2153 mihi
676 2117 885 2154 tentatum
919 2116 1030 2164 scio;
1069 2129 1171 2166 quae
1204 2129 1287 2154 non
1318 2130 1437 2155 secus
1466 2118 1589 2167 atque
1616 2117 1764 2156 vmbra
1791 2117 1938 2164 lucem,

345 2178 530 2228 egregios
545 2182 718 2218 conatus
737 2181 843 2219 solet
862 2180 1063 2230 comitari,
1082 2182 1252 2220 tametsi
1267 2182 1495 2220 mitescunt
1508 2182 1706 2233 plerique.
1758 2183 1943 2222 Tantum

285 2256 323 2287 55
344 2242 477 2281 adhuc
505 2244 709 2283 rebellant
736 2247 903 2295 pauculi
933 2246 1112 2296 quidam,
1147 2247 1384 2297 grandiores
1408 2261 1533 2297 quam
1561 2250 1607 2286 vt
1632 2250 1808 2298 sperent,
1838 2260 1941 2287 cras-

387 2387 438 2417 26.
461 2386 598 2428 studia]
630 2389 675 2418 In
708 2389 770 2418 the
800 2389 924 2429 spring
955 2388 994 2419 of
1024 2389 1108 2427 1518

343 2429 490 2469 Wolsey
511 2431 583 2462 had
606 2433 821 2463 announeed
843 2432 901 2463 his
923 2432 1109 2463 intention

344 2473 383 2503 of
402 2473 578 2515 founding
600 2476 655 2506 six
675 2475 799 2516 public
824 2475 1052 2516 readerships
1072 2477 1110 2506 at

345 2517 489 2557 Oxford,
513 2518 584 2549 and
608 2529 653 2549 on
673 2529 686 2549 1
709 2519 814 2560 June,
833 2520 925 2550 with
945 2520 1007 2550 the
1030 2529 1108 2550 con-

345 2571 514 2592 currence
530 2562 569 2592 of
579 2562 642 2593 the
661 2562 873 2594 Ghancellor
891 2562 1107 2604 (Warham),

345 2604 408 2634 the
421 2605 635 2645 University
646 2606 813 2647 formally
829 2607 1017 2646 requested
1033 2607 1111 2637 him

345 2650 382 2678 to
398 2648 598 2680 undertake
616 2660 636 2680 a
651 2651 808 2681 revision
825 2650 863 2681 of
875 2651 922 2681 its
937 2651 1090 2681 statutes
1105 2661 1112 2680 :

347 2701 403 2722 see
428 2691 493 2723 the
516 2693 730 2733 University
756 2693 993 2735 Letter-book,
1020 2693 1112 2724 Bod-

346 2735 443 2766 leian
459 2735 531 2767 MS.
547 2737 625 2776 282,
642 2737 675 2768 ff.
694 2747 737 2775 30
747 2739 860 2777 v0—32,
880 2737 967 2777 Epp.
983 2738 1035 2778 66,
1054 2738 1108 2777 64,

347 2780 398 2818 65,
425 2780 570 2819 printed
595 2781 643 2820 by
669 2780 809 2820 Fiddes‚
837 2782 904 2818 L‘c'fe
926 2782 961 2818 of
981 2783 1108 2821 Wolsm,

350 2832 443 2862 1724,
463 2823 687 2864 Collections,
707 2834 765 2864 pp.
783 2825 836 2865 36,
851 2833 903 2865 34,
921 2833 975 2863 32.
1007 2824 1110 2855 Some

347 2867 385 2895 of
397 2866 459 2896 the
476 2868 746 2907 appointments
767 2878 860 2899 were
884 2877 969 2898 soon
992 2868 1107 2908 made,

349 2908 510 2941 Clement
527 2911 607 2951 (Ep.
623 2912 697 2950 388.
721 2921 781 2951 173
794 2912 859 2952 n.),
876 2911 1010 2952 Lupset
1030 2911 1107 2952 (Ep.

348 2962 421 2990 270.
447 2954 490 2984 60
506 2956 570 2994 nst,
582 2955 690 2986 Vives
710 2954 757 2995 (p.
774 2955 855 2996 508)
876 2956 1111 2994 successively

348 2996 453 3035 being
464 2997 525 3027 the
540 2997 619 3028 first
631 2998 856 3038 Humanists,
871 2998 944 3029 and
962 2998 1111 3029 Kratzer

349 3038 427 3079 (Ep.
448 3048 519 3079 515.
542 3051 553 3070 1
571 3041 625 3082 n.)
643 3042 734 3072 later
751 3051 817 3072 one
839 3041 877 3072 of
895 3042 957 3072 the
976 3043 1109 3073 mathe-

1174 2388 1375 2421 maticians.
1404 2389 1503 2428 They
1515 2399 1608 2420 were
1620 2389 1745 2429 lodged
1755 2390 1796 2420 in
1805 2389 1942 2430 Corpus

1175 2431 1311 2463 Christi
1335 2433 1407 2464 and
1435 2433 1537 2464 acted
1568 2443 1606 2463 as
1636 2433 1760 2464 Foxe’s
1789 2433 1942 2465 Readers

1178 2476 1256 2516 (Ep.
1265 2478 1341 2517 965.
1352 2487 1374 2516 9
1384 2478 1436 2518 n.)
1448 2487 1456 2515 ;
1471 2476 1568 2507 until
1580 2477 1619 2507 in
1633 2486 1759 2517 1524—5
1768 2476 1943 2517 Wolsey’s

1177 2520 1319 2551 scheme
1342 2520 1534 2560 developed
1551 2521 1629 2551 into
1644 2520 1706 2551 the
1725 2520 1940 2552 foundation

1178 2564 1217 2595 of
1230 2563 1400 2594 Cardinal
1417 2563 1568 2603 College.

1221 2616 1274 2646 51.
1300 2608 1533 2647 opprobrabat
1563 2607 1686 2649 Italia]
1718 2607 1783 2648 Cf„
1807 2608 1861 2639 for
1887 2609 1941 2640 in-

1177 2652 1309 2690 stance,
1342 2650 1468 2681 Aldus'
1507 2651 1626 2692 letter,
1664 2661 1702 2690 14
1734 2651 1811 2683 Oct.
1845 2661 1939 2692 1499,

1178 2695 1217 2725 in
1234 2695 1296 2725 the
1314 2697 1494 2725 Astronomi
1511 2698 1627 2735 veteres,
1647 2694 1725 2726 Oct.
1744 2704 1838 2734 1499,
1854 2694 1899 2727 fo-
1914 2696 1943 2726 Τ

1177 2740 1242 2778 v⁰.‚
1262 2738 1517 2778 commending
1528 2737 1710 2769 Linacre’s
1725 2738 1941 2771 translation

1177 2781 1215 2812 of
1228 2781 1383 2812 Proclus’
1402 2782 1536 2822 Sphere
1551 2793 1559 2813 ε
1584 2783 1644 2813 ‘vt
1663 2791 1707 2812 ex
1724 2782 1848 2812 eadem
1863 2782 1943 2813 Bri-

1176 2825 1302 2856 tannia
1317 2825 1411 2856 vnde
1427 2825 1514 2856 olim
1535 2825 1702 2857 barbarae
1721 2827 1760 2857 et
1775 2825 1941 2857 indoctae

1177 2869 1317 2899 litterae
1334 2869 1379 2899 ad
1394 2879 1459 2900 nos
1480 2869 1654 2908 profectae
1674 2869 1820 2900 Italiam
1841 2879 1942 2900 occu-

1175 2914 1306 2952 parunt
1329 2914 1364 2942 et
1387 2913 1505 2944 adhuc
1531 2922 1628 2944 arces
1647 2914 1785 2952 tenent,
1811 2912 1941 2944 Latine

1176 2956 1212 2985 et
1228 2955 1329 2987 docte
1344 2955 1534 2996 loquentes
1555 2957 1664 2987 bonas
1683 2957 1773 2987 artis
1792 2956 1942 2996 accipia-

1176 3008 1267 3039 mus,
1292 3008 1331 3030 ac
1355 3000 1544 3031 Britannis
1571 2999 1796 3031 adiutoribus
1819 2999 1941 3039 fugata

1177 3042 1340 3073 barbarie
1356 3052 1453 3074 arces
1469 3044 1608 3074 nostras
1623 3043 1861 3083 recipiamus!
