2034 3433
307 188 386 225 452
766 187 1018 226 LETTERS
1057 186 1127 225 OF
1167 185 1434 225 ERASMUS
1769 184 1899 237 [1518

306 293 473 343 quidem
507 295 549 330 et
582 291 757 330 feliciter
787 292 968 339 argutae,
1002 290 1073 327 sed
1107 303 1192 327 non
1220 289 1389 339 perinde
1421 302 1570 339 aequae
1604 290 1899 339 officiosaeque,

306 357 598 407 respondeam?
654 356 761 394 Vide
780 368 878 394 vero
899 368 1001 392 num
1021 356 1063 392 et
1086 354 1191 392 illud
1218 354 1305 392 ioco
1329 355 1490 393 dictum
1515 354 1731 393 videatur:
1765 357 1774 373 ⁴
1789 355 1898 392 Tum

226 440 283 471 145
304 423 433 472 igitur
470 421 724 470 praediceres
761 422 800 457 te
838 419 1088 469 Apologiam
1125 418 1327 466 meditari,
1367 421 1409 457 et
1447 431 1520 468 ego
1557 418 1730 457 fortasse
1768 418 1899 457 officio

305 487 472 524 functus
502 498 649 524 essem.
716 486 777 523 At
804 486 851 522 tu
881 498 948 522 me
981 484 1279 534 Epimetheum
1311 483 1454 531 fecisti,
1487 486 1534 522 vt
1562 497 1635 534 per
1663 486 1704 522 te
1732 483 1902 533 quidem

305 564 393 588 rem
412 551 456 588 in
477 563 641 589 scenam
661 550 969 599 producendam
993 562 1079 587 non
1104 551 1200 588 ante
1227 549 1443 588 resciscere
1467 549 1676 599 potuerim
1703 561 1828 598 quam
1853 551 1901 587 tu

304 615 519 666 prologum
540 615 585 653 in
605 616 870 665 proscenium
889 614 1070 653 misisti?

363 680 580 719 Hactenus
614 683 660 719 tu
699 694 797 719 sane
830 680 1038 719 festiuiter
1071 681 1113 718 et
1146 678 1314 718 erudite.
1385 680 1503 728 Quod
1542 693 1698 728 mones,
1730 681 1906 719 fortasse

228 765 288 795 150
306 747 490 784 facturus
516 760 640 793 eram,
670 747 705 784 si
736 748 828 784 tum
861 746 1056 784 Budaeus
1083 745 1134 784 ad
1162 758 1336 783 manum
1365 745 1524 784 fuisset.
1582 745 1771 784 Vulnera
1798 759 1901 795 quae

308 811 411 850 mihi
434 811 565 850 Faber
593 812 812 861 inflixerat,
845 825 934 849 sero
968 811 1103 849 sensi:
1134 823 1207 848 nec
1234 810 1411 848 Louanii
1439 812 1659 860 quisquam
1688 812 1830 850 aderat
1857 810 1899 848 id

306 877 504 927 temporis
532 877 679 925 (nouus
717 878 830 915 enim
864 877 1012 926 hospes
1046 890 1093 914 eo
1130 877 1341 924 veneram)
1368 876 1487 914 cuius
1515 877 1688 915 consilio
1716 876 1902 916 multum

307 943 373 980 vel
403 942 630 981 tribuerem
659 942 725 980 vel
759 942 941 980 fiderem.
1003 941 1057 979 Et
1092 940 1200 991 quod
1234 942 1280 978 tu
1318 941 1490 979 fortasse
1528 942 1766 980 moniturus
1798 954 1899 989 eras,

307 1010 352 1045 vt
382 1007 648 1055 moderatius,
686 1009 731 1045 vt
763 1007 924 1056 parcius
959 1005 1263 1055 responderem,
1300 1005 1342 1043 id
1376 1005 1464 1055 ipse
1493 1019 1560 1044 me
1593 1007 1775 1045 maxime
1808 1009 1901 1045 tum

230 1087 287 1119 155
306 1072 591 1111 admonebam.
653 1072 795 1122 Neque
820 1073 932 1110 enim
958 1074 1045 1109 tam
1071 1070 1292 1120 impotenti
1312 1083 1406 1109 sum
1432 1071 1600 1121 ingenio
1623 1085 1749 1122 quam
1767 1075 1814 1110 tu
1834 1084 1905 1110 me

306 1138 406 1176 facis
424 1152 433 1185 ;
463 1151 597 1187 neque
618 1138 658 1176 id
679 1138 877 1187 temporis
898 1140 985 1175 tam
1005 1136 1146 1174 animo
1167 1137 1401 1174 commotus
1420 1149 1533 1175 eram
1554 1150 1678 1187 quam
1698 1139 1743 1176 tu
1762 1137 1904 1187 imagi-

306 1204 427 1241 naris.
474 1203 664 1241 Moerens
676 1216 767 1241 eam
783 1202 1032 1252 Apologiam
1048 1201 1208 1251 scripsi,
1223 1214 1308 1239 non
1323 1200 1453 1240 iratus
1464 1204 1537 1240 aut
1549 1202 1900 1251 indignabundus.

306 1269 355 1307 Id
376 1268 509 1306 nolim
535 1269 641 1306 mihi
668 1269 817 1317 credas,
841 1268 877 1305 si
906 1268 1126 1317 quisquam
1152 1266 1394 1305 mortalium
1415 1267 1577 1306 audiuit
1596 1267 1829 1315 Erasmum,
1852 1280 1901 1305 eo

304 1337 490 1383 tempore
507 1347 588 1383 quo
601 1333 756 1372 vulnus
771 1333 905 1371 adhuc
922 1345 1062 1371 recens
1075 1334 1195 1379 esset,
1209 1331 1278 1370 vel
1294 1332 1403 1370 inter
1414 1332 1562 1381 pocula
1577 1345 1672 1371 cum
1688 1332 1903 1371 stomacho

227 1404 287 1435 160
304 1399 539 1449 loquentem
558 1399 608 1437 de
629 1398 775 1437 Fabro.
832 1398 940 1436 Mihi
959 1397 1087 1447 igitur
1109 1399 1201 1434 tum
1225 1409 1350 1435 sanus
1379 1397 1575 1435 videbar:
1604 1397 1715 1436 idem
1734 1398 1904 1436 videtur

303 1463 549 1514 quibusdam
579 1464 650 1513 qui
679 1463 811 1501 Fabro
841 1462 1148 1512 impensissime
1173 1462 1316 1500 fauent
1344 1474 1472 1512 eoque
1496 1465 1756 1512 praeceptore
1781 1463 1901 1513 glori-

301 1530 433 1567 antur.
494 1529 679 1577 Quorum
712 1528 863 1566 iudicio
898 1526 1136 1577 plusculum
1165 1526 1343 1565 arbitror
1375 1527 1451 1565 hac
1482 1527 1684 1566 duntaxat
1711 1528 1756 1566 in
1785 1530 1899 1576 parte

301 1594 571 1632 tribuendum
610 1606 735 1643 quam
775 1596 846 1631 tuo
886 1595 957 1631 aut
997 1595 1176 1639 tuorum,
1213 1604 1391 1641 quorum
1430 1592 1533 1630 alias
1570 1592 1721 1631 iudicio
1759 1591 1901 1631 tribuo

302 1659 544 1709 plurimum.
619 1658 818 1696 Cauillari
857 1660 1045 1707 poteram
1084 1657 1228 1695 Gallos
1260 1657 1399 1695 fauere
1436 1657 1556 1696 Gallo
1593 1670 1639 1696 ac
1678 1657 1900 1696 reiectione

226 1729 284 1771 165
302 1724 487 1763 iudicum
516 1725 588 1762 vti.
647 1725 709 1762 Tu
738 1724 880 1773 procul
909 1723 1062 1768 aberas,
1086 1726 1132 1761 vt
1161 1722 1256 1770 dixi,
1284 1725 1326 1760 et
1355 1735 1420 1760 res
1448 1735 1642 1772 praesens
1668 1723 1898 1761 remedium

303 1790 548 1839 postulabat.
630 1789 940 1828 Consuluissem
988 1787 1181 1826 videlicet
1220 1790 1271 1825 te.
1313 1790 1359 1825 tu
1401 1800 1668 1826 conuocasses
1706 1791 1898 1827 senatum

305 1855 542 1903 amicorum,
574 1858 614 1892 et
642 1857 736 1904 post
765 1867 923 1892 annum
953 1854 1125 1891 redisset
1152 1853 1201 1891 ad
1233 1865 1308 1891 nos
1336 1855 1522 1891 vestrum
1557 1854 1780 1893 oraculum.
1839 1855 1898 1893 At

305 1932 377 1957 cur
405 1920 544 1970 potius
581 1921 625 1957 tu
657 1919 764 1957 mihi
799 1918 1079 1957 consulendus
1113 1930 1202 1955 eras
1234 1930 1360 1966 quam
1394 1918 1516 1956 amici
1547 1918 1731 1957 caeteri?
1767 1932 1821 1957 an
1851 1921 1898 1957 tu

305 1985 418 2023 solus
437 1985 535 2035 quid
557 1985 725 2023 decebat
744 1984 1019 2034 perspiciebas
1032 1984 1052 2020 ἵ)
1081 1996 1134 2021 an
1154 1983 1324 2021 caeteris
1340 1996 1425 2021 non
1445 1985 1545 2022 sunt
1565 1984 1705 2022 oculi?
1733 1986 1779 2022 vt
1793 1983 1900 2022 mihi

229 2066 288 2098 170
306 2049 349 2087 in
370 2063 462 2088 mea
478 2063 598 2088 causa
619 2049 819 2088 iudicium
839 2049 1009 2087 adimas.

361 2115 453 2153 Iam
482 2115 518 2153 si
546 2115 781 2164 complures
814 2114 967 2152 amicos
1004 2113 1317 2161 consuluissem,
1353 2113 1542 2151 fortassis
1580 2126 1725 2152 omnes
1762 2113 1900 2151 mode-

307 2181 456 2219 randae
475 2181 704 2230 Apologiae
728 2180 907 2218 fuissent
933 2182 1107 2217 autores.
1168 2178 1430 2228 Recepissem
1451 2192 1517 2217 me
1538 2179 1756 2217 facturum.
1817 2178 1898 2216 Hic

306 2258 472 2284 rursum
511 2245 619 2296 quod
658 2245 764 2283 mihi
801 2243 1183 2283 moderatissimum
1219 2243 1356 2281 visum
1395 2244 1553 2292 fuisset,
1590 2244 1688 2282 huic
1727 2245 1799 2282 aut
1834 2242 1900 2281 illi

304 2324 453 2360 parum
491 2311 750 2349 moderatum
788 2310 927 2348 visum
965 2310 1133 2347 fuisset:
1177 2308 1258 2346 nisi
1299 2309 1405 2347 forte
1443 2309 1613 2347 volebas
1649 2308 1898 2358 Apologiam

231 2394 286 2425 ¹75
305 2376 549 2424 absolutam,
571 2379 612 2413 et
641 2389 762 2424 opera
793 2375 1051 2413 notariorum
1079 2373 1124 2411 in
1153 2373 1310 2423 aliquot
1338 2373 1591 2423 exemplaria
1618 2376 1895 2423 propagatam,

306 2441 350 2479 in
373 2441 648 2480 Germaniam.
671 2440 932 2490 Hispaniam,
956 2439 1219 2477 Britanniam
1239 2440 1281 2476 et
1307 2439 1487 2478 Galliam
1511 2439 1636 2487 mitti,
1657 2438 1897 2489 priusquam

307 2507 573 2544 excuderetur
601 2505 803 2543 formulis.
877 2504 1050 2543 Vtinam
1078 2504 1121 2542 id
1154 2503 1295 2543 liceret
1330 2504 1374 2541 in
1409 2504 1603 2542 omnibus
1639 2503 1759 2542 libris
1795 2516 1899 2553 quos

307 2571 493 2610 aedimus
513 2572 557 2609 in
577 2571 750 2620 vulgus!
798 2570 930 2619 Atqui
949 2572 995 2607 vt
1016 2568 1132 2606 nulla
1146 2570 1338 2617 sumptus
1357 2569 1561 2608 habeatur
1580 2570 1695 2617 ratio,
1713 2569 1898 2618 primum

309 2637 473 2676 difficile
490 2640 553 2675 est
573 2649 660 2674 esse
675 2636 937 2685 ingeniosum
951 2635 998 2672 in
1013 2647 1131 2683 opere
1147 2633 1283 2672 alieno
1303 2648 1313 2681 ;
1342 2634 1491 2672 deinde
1506 2634 1576 2672 vix
1593 2647 1725 2672 vnum
1739 2633 1899 2683 reperio

232 2712 289 2740 130
306 2704 373 2741 cui
393 2704 507 2742 vacet
527 2701 674 2739 alienis
689 2699 1049 2739 lucubrationibus
1064 2699 1274 2737 attendere
1289 2713 1297 2736 :
1327 2699 1532 2749 siquidem
1547 2712 1593 2737 ea
1608 2712 1673 2737 res
1688 2701 1898 2738 attentum
1954 2744 1957 2746 ¹

307 2768 488 2818 requirit.
548 2766 728 2804 Facilius
754 2765 931 2815 reperias
958 2764 1029 2815 qui
1058 2765 1195 2802 aedita
1225 2767 1470 2813 cognoscant
1496 2766 1542 2802 vt
1565 2766 1746 2814 carpant,
1772 2776 1897 2813 quam

308 2834 382 2883 qui
402 2833 583 2871 aedenda
612 2834 905 2881 recognoscant
925 2832 970 2868 vt
992 2829 1224 2867 emendent.
1283 2829 1509 2878 Postremo,
1532 2843 1628 2868 cum
1647 2829 1714 2868 hic
1735 2841 1898 2879 quoque

308 2898 537 2936 variassent
560 2897 787 2936 amicorum
812 2895 1016 2945 suffragia,
1042 2907 1179 2933 nonne
1210 2895 1505 2933 moderationis
1529 2908 1659 2934 canon
1683 2894 1734 2932 ad
1760 2906 1895 2932 meam

308 2963 641 3001 aestimationem
662 2961 946 3000 reuolueretur
959 2962 979 2998 ’Β
1024 2960 1081 2998 Vt
1098 2959 1322 3009 reperiatur
1342 2959 1490 3009 aliquis
1509 2962 1595 2998 tam
1616 2960 1786 3007 ociosus,
1805 2958 1897 3007 quis

315 3030 322 3076 μ.
356 3059 425 3087 144.
452 3049 556 3089 Tum]
582 3049 633 3080 Cf.
654 3048 715 3088 Ep.
733 3049 805 3079 810.
826 3048 945 3086 38-41.
1184 3054 1254 3084 175.
1280 3045 1514 3086 not-ariorum]
1533 3046 1583 3077 Cf.
1602 3046 1664 3084 Ep.
1685 3046 1759 3083 766.
1776 3054 1814 3081 41
1830 3054 1864 3074 n.
