<?xml version="1.0" encoding="UTF-8"?>
<!DOCTYPE html PUBLIC "-//W3C//DTD XHTML 1.0 Transitional//EN"
    "http://www.w3.org/TR/xhtml1/DTD/xhtml1-transitional.dtd">
<html xmlns="http://www.w3.org/1999/xhtml" xml:lang="en" lang="en">
 <head>
  <title>
</title>
<meta http-equiv="Content-Type" content="text/html;charset=utf-8" />
  <meta name='ocr-system' content='tesseract 3.04.00' />
  <meta name='ocr-capabilities' content='ocr_page ocr_carea ocr_par ocr_line ocrx_word'/>
</head>
<body>
  <div class='ocr_page' id='page_1' title='image "./opusepistolarumd03erasuoft_0214.png"; bbox 0 0 2034 3433; ppageno 0'>
   <div class='ocr_carea' id='block_1_1' title="bbox 305 122 1434 166">
    <p class='ocr_par' dir='ltr' id='par_1_1' title="bbox 305 122 1434 166">
     <span class='ocr_line' id='line_1_1' title="bbox 305 122 1434 166; baseline -0.004 0"><span class='ocrx_word' id='word_1_1' title='bbox 305 127 383 166; x_wconf 82' lang='lat'>174</span> <span class='ocrx_word' id='word_1_2' title='bbox 769 125 1021 166; x_wconf 84' lang='lat' dir='ltr'>LETTERS</span> <span class='ocrx_word' id='word_1_3' title='bbox 1059 123 1130 163; x_wconf 94' lang='lat' dir='ltr'>OF</span> <span class='ocrx_word' id='word_1_4' title='bbox 1167 122 1434 162; x_wconf 89' lang='lat' dir='ltr'>ERASMUS</span> 
     </span>
    </p>
   </div>
   <div class='ocr_carea' id='block_1_2' title="bbox 1775 123 1899 178">
    <p class='ocr_par' dir='ltr' id='par_1_2' title="bbox 1775 123 1899 178">
     <span class='ocr_line' id='line_1_2' title="bbox 1775 123 1899 178; baseline 0.008 -5"><span class='ocrx_word' id='word_1_5' title='bbox 1775 123 1899 178; x_wconf 86' lang='lat'>[1517</span> 
     </span>
    </p>
   </div>
   <div class='ocr_carea' id='block_1_3' title="bbox 244 227 1912 2381">
    <p class='ocr_par' dir='ltr' id='par_1_3' title="bbox 244 227 1906 544">
     <span class='ocr_line' id='line_1_3' title="bbox 244 227 1903 281; baseline -0.009 -6"><span class='ocrx_word' id='word_1_6' title='bbox 244 248 287 279; x_wconf 87' lang='lat'>40</span> <span class='ocrx_word' id='word_1_7' title='bbox 305 236 456 275; x_wconf 80' lang='lat' dir='ltr'>Postea</span> <span class='ocrx_word' id='word_1_8' title='bbox 475 236 520 274; x_wconf 91' lang='lat' dir='ltr'>in</span> <span class='ocrx_word' id='word_1_9' title='bbox 541 234 741 273; x_wconf 87' lang='lat' dir='ltr'>comitatu</span> <span class='ocrx_word' id='word_1_10' title='bbox 767 244 930 281; x_wconf 85' lang='lat' dir='ltr'>semper</span> <span class='ocrx_word' id='word_1_11' title='bbox 954 231 1045 277; x_wconf 88' lang='lat' dir='ltr'>fuit,</span> <span class='ocrx_word' id='word_1_12' title='bbox 1070 231 1112 268; x_wconf 88' lang='lat' dir='ltr'>et</span> <span class='ocrx_word' id='word_1_13' title='bbox 1139 228 1248 278; x_wconf 90' lang='lat' dir='ltr'>apud</span> <span class='ocrx_word' id='word_1_14' title='bbox 1274 227 1454 267; x_wconf 89' lang='lat' dir='ltr'>Calesios</span> <span class='ocrx_word' id='word_1_15' title='bbox 1479 229 1522 266; x_wconf 89' lang='lat' dir='ltr'>et</span> <span class='ocrx_word' id='word_1_16' title='bbox 1547 229 1709 279; x_wconf 89' lang='lat' dir='ltr'>Anglos</span> <span class='ocrx_word' id='word_1_17' title='bbox 1734 229 1779 268; x_wconf 92' lang='lat' dir='ltr'>in</span> <span class='ocrx_word' id='word_1_18' title='bbox 1799 231 1903 280; x_wconf 78' lang='lat' dir='ltr'>lega.</span> 
     </span>
     <span class='ocr_line' id='line_1_4' title="bbox 305 293 1903 350; baseline -0.003 -9"><span class='ocrx_word' id='word_1_19' title='bbox 305 303 432 341; x_wconf 87' lang='lat' dir='ltr'>tione.</span> <span class='ocrx_word' id='word_1_20' title='bbox 491 302 554 340; x_wconf 80' lang='lat' dir='ltr'>Ex</span> <span class='ocrx_word' id='word_1_21' title='bbox 583 313 664 350; x_wconf 92' lang='lat' dir='ltr'>qua</span> <span class='ocrx_word' id='word_1_22' title='bbox 691 299 759 337; x_wconf 88' lang='lat' dir='ltr'>his</span> <span class='ocrx_word' id='word_1_23' title='bbox 788 298 931 336; x_wconf 90' lang='lat' dir='ltr'>diebus</span> <span class='ocrx_word' id='word_1_24' title='bbox 961 309 1056 335; x_wconf 91' lang='lat' dir='ltr'>cum</span> <span class='ocrx_word' id='word_1_25' title='bbox 1086 296 1257 334; x_wconf 76' lang='lat' dir='ltr'>redisset</span> <span class='ocrx_word' id='word_1_26' title='bbox 1286 297 1328 334; x_wconf 92' lang='lat' dir='ltr'>et</span> <span class='ocrx_word' id='word_1_27' title='bbox 1356 295 1433 333; x_wconf 86' lang='lat' dir='ltr'>hac</span> <span class='ocrx_word' id='word_1_28' title='bbox 1462 293 1564 333; x_wconf 90' lang='lat' dir='ltr'>vrbe</span> <span class='ocrx_word' id='word_1_29' title='bbox 1591 296 1825 345; x_wconf 74' lang='lat' dir='ltr'>transisset,</span> <span class='ocrx_word' id='word_1_30' title='bbox 1851 298 1903 337; x_wconf 87' lang='lat' dir='ltr'>ad</span> 
     </span>
     <span class='ocr_line' id='line_1_5' title="bbox 305 360 1906 418; baseline -0.002 -11"><span class='ocrx_word' id='word_1_31' title='bbox 305 367 524 418; x_wconf 86' lang='lat' dir='ltr'>prandium</span> <span class='ocrx_word' id='word_1_32' title='bbox 554 366 625 412; x_wconf 91' lang='lat' dir='ltr'>iui,</span> <span class='ocrx_word' id='word_1_33' title='bbox 659 363 730 402; x_wconf 87' lang='lat' dir='ltr'>vbi</span> <span class='ocrx_word' id='word_1_34' title='bbox 758 375 854 412; x_wconf 88' lang='lat' dir='ltr'>prae</span> <span class='ocrx_word' id='word_1_35' title='bbox 883 361 1154 400; x_wconf 88' lang='lat' dir='ltr'>multitudine</span> <span class='ocrx_word' id='word_1_36' title='bbox 1182 360 1417 399; x_wconf 83' lang='lat' dir='ltr'>triclinium</span> <span class='ocrx_word' id='word_1_37' title='bbox 1444 362 1622 399; x_wconf 88' lang='lat' dir='ltr'>stratum</span> <span class='ocrx_word' id='word_1_38' title='bbox 1652 363 1750 400; x_wconf 87' lang='lat' dir='ltr'>erat.</span> <span class='ocrx_word' id='word_1_39' title='bbox 1811 365 1906 414; x_wconf 87' lang='grc' dir='ltr'>Περὶ</span> 
     </span>
     <span class='ocr_line' id='line_1_6' title="bbox 306 426 1905 477; baseline -0.003 -5"><span class='ocrx_word' id='word_1_40' title='bbox 306 436 376 471; x_wconf 80' lang='grc' dir='ltr'>σοῦ</span> <span class='ocrx_word' id='word_1_41' title='bbox 393 433 519 471; x_wconf 84' lang='lat' dir='ltr'>verba</span> <span class='ocrx_word' id='word_1_42' title='bbox 537 431 634 469; x_wconf 85' lang='lat' dir='ltr'>feci:</span> <span class='ocrx_word' id='word_1_43' title='bbox 664 428 867 468; x_wconf 80' lang='lat' dir='ltr'>habebam</span> <span class='ocrx_word' id='word_1_44' title='bbox 887 427 1028 466; x_wconf 84' lang='lat' dir='ltr'>literas</span> <span class='ocrx_word' id='word_1_45' title='bbox 1047 430 1140 466; x_wconf 90' lang='lat' dir='ltr'>tuas</span> <span class='ocrx_word' id='word_1_46' title='bbox 1164 426 1210 465; x_wconf 92' lang='lat' dir='ltr'>in</span> <span class='ocrx_word' id='word_1_47' title='bbox 1236 426 1333 465; x_wconf 89' lang='lat' dir='ltr'>sinu</span> <span class='ocrx_word' id='word_1_48' title='bbox 1352 440 1457 475; x_wconf 88' lang='lat' dir='ltr'>meo,</span> <span class='ocrx_word' id='word_1_49' title='bbox 1481 440 1582 477; x_wconf 90' lang='lat' dir='ltr'>quas</span> <span class='ocrx_word' id='word_1_50' title='bbox 1601 429 1744 466; x_wconf 89' lang='lat' dir='ltr'>tamen</span> <span class='ocrx_word' id='word_1_51' title='bbox 1762 429 1800 467; x_wconf 90' lang='lat' dir='ltr'>ei</span> <span class='ocrx_word' id='word_1_52' title='bbox 1820 442 1905 468; x_wconf 92' lang='lat' dir='ltr'>non</span> 
     </span>
     <span class='ocr_line' id='line_1_7' title="bbox 305 492 1906 544; baseline -0.001 -9"><span class='ocrx_word' id='word_1_53' title='bbox 305 497 478 537; x_wconf 90' lang='lat' dir='ltr'>ostendi.</span> <span class='ocrx_word' id='word_1_54' title='bbox 539 496 640 534; x_wconf 87' lang='lat' dir='ltr'>Post</span> <span class='ocrx_word' id='word_1_55' title='bbox 668 493 890 544; x_wconf 89' lang='lat' dir='ltr'>prandium</span> <span class='ocrx_word' id='word_1_56' title='bbox 920 494 1037 532; x_wconf 88' lang='lat' dir='ltr'>venit</span> <span class='ocrx_word' id='word_1_57' title='bbox 1062 492 1303 540; x_wconf 82' lang='lat' dir='ltr'>Glareanus,</span> <span class='ocrx_word' id='word_1_58' title='bbox 1329 494 1376 532; x_wconf 90' lang='lat' dir='ltr'>vt</span> <span class='ocrx_word' id='word_1_59' title='bbox 1405 506 1501 532; x_wconf 89' lang='lat' dir='ltr'>eum</span> <span class='ocrx_word' id='word_1_60' title='bbox 1531 493 1740 532; x_wconf 89' lang='lat' dir='ltr'>salutaret.</span> <span class='ocrx_word' id='word_1_61' title='bbox 1797 493 1906 534; x_wconf 83' lang='lat' dir='ltr'>Cum</span> 
     </span>
    </p>

    <p class='ocr_par' dir='ltr' id='par_1_4' title="bbox 247 557 1908 804">
     <span class='ocr_line' id='line_1_8' title="bbox 247 557 1902 612; baseline -0.002 -11"><span class='ocrx_word' id='word_1_62' title='bbox 247 576 286 607; x_wconf 81' lang='lat'>45</span> <span class='ocrx_word' id='word_1_63' title='bbox 305 576 378 612; x_wconf 88' lang='lat' dir='ltr'>ego</span> <span class='ocrx_word' id='word_1_64' title='bbox 407 561 585 600; x_wconf 82' lang='lat' dir='ltr'>redirem</span> <span class='ocrx_word' id='word_1_65' title='bbox 614 561 654 598; x_wconf 85' lang='lat' dir='ltr'>et</span> <span class='ocrx_word' id='word_1_66' title='bbox 683 559 913 608; x_wconf 82' lang='lat' dir='ltr'>Episcopus</span> <span class='ocrx_word' id='word_1_67' title='bbox 941 558 1025 596; x_wconf 89' lang='lat' dir='ltr'>iam</span> <span class='ocrx_word' id='word_1_68' title='bbox 1053 558 1099 596; x_wconf 92' lang='lat' dir='ltr'>in</span> <span class='ocrx_word' id='word_1_69' title='bbox 1128 557 1366 597; x_wconf 87' lang='lat' dir='ltr'>cubiculum</span> <span class='ocrx_word' id='word_1_70' title='bbox 1393 559 1570 597; x_wconf 87' lang='lat' dir='ltr'>interius</span> <span class='ocrx_word' id='word_1_71' title='bbox 1601 572 1643 597; x_wconf 88' lang='lat' dir='ltr'>se</span> <span class='ocrx_word' id='word_1_72' title='bbox 1672 560 1902 609; x_wconf 85' lang='lat' dir='ltr'>recepisset,</span> 
     </span>
     <span class='ocr_line' id='line_1_9' title="bbox 306 623 1906 674; baseline -0.001 -9"><span class='ocrx_word' id='word_1_73' title='bbox 306 627 409 665; x_wconf 89' lang='lat' dir='ltr'>redii</span> <span class='ocrx_word' id='word_1_74' title='bbox 429 628 474 664; x_wconf 88' lang='lat' dir='ltr'>vt</span> <span class='ocrx_word' id='word_1_75' title='bbox 494 639 589 664; x_wconf 90' lang='lat' dir='ltr'>eum</span> <span class='ocrx_word' id='word_1_76' title='bbox 610 625 689 674; x_wconf 88' lang='lat' dir='ltr'>ipsi</span> <span class='ocrx_word' id='word_1_77' title='bbox 715 626 864 662; x_wconf 91' lang='lat' dir='ltr'>notum</span> <span class='ocrx_word' id='word_1_78' title='bbox 884 623 1083 662; x_wconf 87' lang='lat' dir='ltr'>facerem:</span> <span class='ocrx_word' id='word_1_79' title='bbox 1114 623 1180 662; x_wconf 90' lang='lat' dir='ltr'>cui</span> <span class='ocrx_word' id='word_1_80' title='bbox 1200 623 1402 663; x_wconf 82' lang='lat' dir='ltr'>Glareano</span> <span class='ocrx_word' id='word_1_81' title='bbox 1423 624 1531 674; x_wconf 88' lang='lat' dir='ltr'>quod</span> <span class='ocrx_word' id='word_1_82' title='bbox 1551 637 1574 662; x_wconf 93' lang='lat' dir='ltr'>a</span> <span class='ocrx_word' id='word_1_83' title='bbox 1593 637 1659 662; x_wconf 92' lang='lat' dir='ltr'>me</span> <span class='ocrx_word' id='word_1_84' title='bbox 1678 625 1800 674; x_wconf 89' lang='lat' dir='ltr'>petiit</span> <span class='ocrx_word' id='word_1_85' title='bbox 1819 637 1906 664; x_wconf 91' lang='lat' dir='ltr'>non</span> 
     </span>
     <span class='ocr_line' id='line_1_10' title="bbox 305 689 1908 741; baseline -0.001 -10"><span class='ocrx_word' id='word_1_86' title='bbox 305 691 464 741; x_wconf 77' lang='lat' dir='ltr'>negaui,</span> <span class='ocrx_word' id='word_1_87' title='bbox 487 691 550 729; x_wconf 87' lang='lat' dir='ltr'>tui</span> <span class='ocrx_word' id='word_1_88' title='bbox 575 689 709 739; x_wconf 87' lang='lat' dir='ltr'>gratia</span> <span class='ocrx_word' id='word_1_89' title='bbox 735 689 808 738; x_wconf 89' lang='lat' dir='ltr'>qui</span> <span class='ocrx_word' id='word_1_90' title='bbox 834 701 901 727; x_wconf 91' lang='lat' dir='ltr'>me</span> <span class='ocrx_word' id='word_1_91' title='bbox 929 690 989 727; x_wconf 90' lang='lat' dir='ltr'>ita</span> <span class='ocrx_word' id='word_1_92' title='bbox 1014 689 1146 728; x_wconf 87' lang='lat' dir='ltr'>facere</span> <span class='ocrx_word' id='word_1_93' title='bbox 1170 689 1299 728; x_wconf 89' lang='lat' dir='ltr'>iubes.</span> <span class='ocrx_word' id='word_1_94' title='bbox 1362 689 1516 728; x_wconf 88' lang='lat' dir='ltr'>Parum</span> <span class='ocrx_word' id='word_1_95' title='bbox 1542 691 1684 728; x_wconf 86' lang='lat' dir='ltr'>tamen</span> <span class='ocrx_word' id='word_1_96' title='bbox 1713 690 1819 729; x_wconf 91' lang='lat' dir='ltr'>mihi</span> <span class='ocrx_word' id='word_1_97' title='bbox 1843 692 1908 729; x_wconf 90' lang='lat' dir='ltr'>est</span> 
     </span>
     <span class='ocr_line' id='line_1_11' title="bbox 305 754 1211 804; baseline -0.001 -9"><span class='ocrx_word' id='word_1_98' title='bbox 305 757 513 804; x_wconf 88' lang='lat' dir='ltr'>molestus,</span> <span class='ocrx_word' id='word_1_99' title='bbox 537 769 612 794; x_wconf 91' lang='lat' dir='ltr'>nec</span> <span class='ocrx_word' id='word_1_100' title='bbox 632 754 714 793; x_wconf 90' lang='lat' dir='ltr'>nisi</span> <span class='ocrx_word' id='word_1_101' title='bbox 734 767 825 793; x_wconf 87' lang='lat' dir='ltr'>raro</span> <span class='ocrx_word' id='word_1_102' title='bbox 844 754 965 793; x_wconf 84' lang='lat' dir='ltr'>video</span> <span class='ocrx_word' id='word_1_103' title='bbox 985 754 1211 794; x_wconf 87' lang='lat' dir='ltr'>hominem.</span> 
     </span>
    </p>

    <p class='ocr_par' dir='ltr' id='par_1_5' title="bbox 360 820 1908 868">
     <span class='ocr_line' id='line_1_12' title="bbox 360 820 1908 868; baseline -0.001 -7"><span class='ocrx_word' id='word_1_104' title='bbox 360 822 576 861; x_wconf 90' lang='lat' dir='ltr'>Huttenus</span> <span class='ocrx_word' id='word_1_105' title='bbox 595 821 671 858; x_wconf 90' lang='lat' dir='ltr'>hac</span> <span class='ocrx_word' id='word_1_106' title='bbox 696 820 875 868; x_wconf 89' lang='lat' dir='ltr'>transiit,</span> <span class='ocrx_word' id='word_1_107' title='bbox 897 821 962 859; x_wconf 88' lang='lat' dir='ltr'>vir</span> <span class='ocrx_word' id='word_1_108' title='bbox 989 820 1160 859; x_wconf 91' lang='lat' dir='ltr'>omnino</span> <span class='ocrx_word' id='word_1_109' title='bbox 1180 820 1356 859; x_wconf 85' lang='lat' dir='ltr'>festiuus</span> <span class='ocrx_word' id='word_1_110' title='bbox 1375 822 1416 859; x_wconf 91' lang='lat' dir='ltr'>et</span> <span class='ocrx_word' id='word_1_111' title='bbox 1436 820 1566 859; x_wconf 89' lang='lat' dir='ltr'>comis</span> <span class='ocrx_word' id='word_1_112' title='bbox 1585 822 1626 859; x_wconf 89' lang='lat' dir='ltr'>et</span> <span class='ocrx_word' id='word_1_113' title='bbox 1647 820 1908 860; x_wconf 83' lang='lat' dir='ltr'>nobilitatem</span> 
     </span>
    </p>

    <p class='ocr_par' dir='ltr' id='par_1_6' title="bbox 248 885 1910 1199">
     <span class='ocr_line' id='line_1_13' title="bbox 248 885 1909 938; baseline 0.001 -14"><span class='ocrx_word' id='word_1_114' title='bbox 248 902 289 934; x_wconf 80' lang='lat'>50</span> <span class='ocrx_word' id='word_1_115' title='bbox 305 886 706 938; x_wconf 86' lang='lat' dir='ltr'>generositatemque</span> <span class='ocrx_word' id='word_1_116' title='bbox 734 898 828 935; x_wconf 90' lang='lat' dir='ltr'>prae</span> <span class='ocrx_word' id='word_1_117' title='bbox 855 899 898 923; x_wconf 89' lang='lat' dir='ltr'>se</span> <span class='ocrx_word' id='word_1_118' title='bbox 924 886 1073 926; x_wconf 84' lang='lat' dir='ltr'>ferens.</span> <span class='ocrx_word' id='word_1_119' title='bbox 1132 886 1241 924; x_wconf 92' lang='lat' dir='ltr'>Eum</span> <span class='ocrx_word' id='word_1_120' title='bbox 1261 885 1457 925; x_wconf 91' lang='lat' dir='ltr'>conuiuio</span> <span class='ocrx_word' id='word_1_121' title='bbox 1477 885 1734 936; x_wconf 84' lang='lat' dir='ltr'>accepissem,</span> <span class='ocrx_word' id='word_1_122' title='bbox 1757 886 1793 924; x_wconf 93' lang='lat' dir='ltr'>si</span> <span class='ocrx_word' id='word_1_123' title='bbox 1816 899 1909 936; x_wconf 91' lang='lat' dir='ltr'>pro-</span> 
     </span>
     <span class='ocr_line' id='line_1_14' title="bbox 307 950 1908 1001; baseline -0.001 -10"><span class='ocrx_word' id='word_1_124' title='bbox 307 953 476 992; x_wconf 81' lang='lat' dir='ltr'>mittere</span> <span class='ocrx_word' id='word_1_125' title='bbox 503 951 727 997; x_wconf 88' lang='lat' dir='ltr'>voluisset;</span> <span class='ocrx_word' id='word_1_126' title='bbox 763 950 833 989; x_wconf 88' lang='lat' dir='ltr'>sed</span> <span class='ocrx_word' id='word_1_127' title='bbox 862 951 971 1000; x_wconf 90' lang='lat' dir='ltr'>apud</span> <span class='ocrx_word' id='word_1_128' title='bbox 1002 951 1188 990; x_wconf 89' lang='lat' dir='ltr'>Ruzeum</span> <span class='ocrx_word' id='word_1_129' title='bbox 1217 964 1315 989; x_wconf 91' lang='lat' dir='ltr'>eum</span> <span class='ocrx_word' id='word_1_130' title='bbox 1344 951 1528 1001; x_wconf 84' lang='lat' dir='ltr'>primum</span> <span class='ocrx_word' id='word_1_131' title='bbox 1557 950 1656 1000; x_wconf 80' lang='lat' dir='ltr'>vidi,</span> <span class='ocrx_word' id='word_1_132' title='bbox 1685 964 1780 990; x_wconf 89' lang='lat' dir='ltr'>cum</span> <span class='ocrx_word' id='word_1_133' title='bbox 1809 951 1908 990; x_wconf 89' lang='lat' dir='ltr'>illuc</span> 
     </span>
     <span class='ocr_line' id='line_1_15' title="bbox 308 1016 1905 1067; baseline -0.001 -11"><span class='ocrx_word' id='word_1_134' title='bbox 308 1019 358 1056; x_wconf 90' lang='lat' dir='ltr'>ad</span> <span class='ocrx_word' id='word_1_135' title='bbox 394 1017 618 1067; x_wconf 87' lang='lat' dir='ltr'>prandium</span> <span class='ocrx_word' id='word_1_136' title='bbox 656 1017 827 1055; x_wconf 89' lang='lat' dir='ltr'>vocatus</span> <span class='ocrx_word' id='word_1_137' title='bbox 866 1029 1011 1065; x_wconf 88' lang='lat' dir='ltr'>essem,</span> <span class='ocrx_word' id='word_1_138' title='bbox 1049 1019 1090 1056; x_wconf 89' lang='lat' dir='ltr'>et</span> <span class='ocrx_word' id='word_1_139' title='bbox 1127 1017 1367 1056; x_wconf 84' lang='lat' dir='ltr'>Huttenum</span> <span class='ocrx_word' id='word_1_140' title='bbox 1403 1016 1491 1056; x_wconf 81' lang='lat' dir='ltr'>illic</span> <span class='ocrx_word' id='word_1_141' title='bbox 1529 1029 1616 1056; x_wconf 90' lang='lat' dir='ltr'>esse</span> <span class='ocrx_word' id='word_1_142' title='bbox 1654 1016 1905 1067; x_wconf 86' lang='lat' dir='ltr'>ignorarem.</span> 
     </span>
     <span class='ocr_line' id='line_1_16' title="bbox 308 1082 1910 1133; baseline 0.001 -11"><span class='ocrx_word' id='word_1_143' title='bbox 308 1082 515 1122; x_wconf 87' lang='lat' dir='ltr'>Postridie</span> <span class='ocrx_word' id='word_1_144' title='bbox 552 1082 747 1130; x_wconf 86' lang='lat' dir='ltr'>discessit,</span> <span class='ocrx_word' id='word_1_145' title='bbox 788 1082 997 1122; x_wconf 85' lang='lat' dir='ltr'>rediturus</span> <span class='ocrx_word' id='word_1_146' title='bbox 1035 1083 1120 1132; x_wconf 90' lang='lat' dir='ltr'>hac,</span> <span class='ocrx_word' id='word_1_147' title='bbox 1161 1086 1210 1123; x_wconf 81' lang='lat' dir='ltr'>vt</span> <span class='ocrx_word' id='word_1_148' title='bbox 1248 1083 1453 1133; x_wconf 87' lang='lat' dir='ltr'>promisit.</span> <span class='ocrx_word' id='word_1_149' title='bbox 1526 1082 1728 1122; x_wconf 89' lang='lat' dir='ltr'>Deloinus</span> <span class='ocrx_word' id='word_1_150' title='bbox 1766 1083 1910 1123; x_wconf 85' lang='lat' dir='ltr'>literas</span> 
     </span>
     <span class='ocr_line' id='line_1_17' title="bbox 307 1147 1907 1199; baseline 0 -11"><span class='ocrx_word' id='word_1_151' title='bbox 307 1148 465 1188; x_wconf 89' lang='lat' dir='ltr'>iamdiu</span> <span class='ocrx_word' id='word_1_152' title='bbox 485 1148 736 1198; x_wconf 87' lang='lat' dir='ltr'>conscriptas</span> <span class='ocrx_word' id='word_1_153' title='bbox 756 1147 890 1196; x_wconf 89' lang='lat' dir='ltr'>habet,</span> <span class='ocrx_word' id='word_1_154' title='bbox 910 1148 979 1186; x_wconf 90' lang='lat' dir='ltr'>sed</span> <span class='ocrx_word' id='word_1_155' title='bbox 1000 1161 1113 1188; x_wconf 91' lang='lat' dir='ltr'>meas</span> <span class='ocrx_word' id='word_1_156' title='bbox 1132 1149 1384 1199; x_wconf 75' lang='lat' dir='ltr'>expectabat,</span> <span class='ocrx_word' id='word_1_157' title='bbox 1404 1151 1452 1188; x_wconf 88' lang='lat' dir='ltr'>vt</span> <span class='ocrx_word' id='word_1_158' title='bbox 1471 1148 1597 1188; x_wconf 88' lang='lat' dir='ltr'>simul</span> <span class='ocrx_word' id='word_1_159' title='bbox 1617 1149 1907 1189; x_wconf 86' lang='lat' dir='ltr'>scriberemus.</span> 
     </span>
    </p>

    <p class='ocr_par' dir='ltr' id='par_1_7' title="bbox 250 1214 1911 1462">
     <span class='ocr_line' id='line_1_18' title="bbox 250 1214 1909 1265; baseline 0.001 -13"><span class='ocrx_word' id='word_1_160' title='bbox 250 1229 288 1260; x_wconf 85' lang='lat'>55</span> <span class='ocrx_word' id='word_1_161' title='bbox 311 1214 490 1253; x_wconf 83' lang='lat' dir='ltr'>Interim</span> <span class='ocrx_word' id='word_1_162' title='bbox 513 1227 587 1263; x_wconf 90' lang='lat' dir='ltr'>ego</span> <span class='ocrx_word' id='word_1_163' title='bbox 614 1214 687 1252; x_wconf 90' lang='lat' dir='ltr'>diu</span> <span class='ocrx_word' id='word_1_164' title='bbox 707 1214 932 1253; x_wconf 89' lang='lat' dir='ltr'>rusticatus</span> <span class='ocrx_word' id='word_1_165' title='bbox 952 1228 1057 1264; x_wconf 90' lang='lat' dir='ltr'>sum,</span> <span class='ocrx_word' id='word_1_166' title='bbox 1081 1217 1124 1253; x_wconf 90' lang='lat' dir='ltr'>et</span> <span class='ocrx_word' id='word_1_167' title='bbox 1143 1215 1324 1265; x_wconf 87' lang='lat' dir='ltr'>negociis</span> <span class='ocrx_word' id='word_1_168' title='bbox 1341 1214 1572 1265; x_wconf 89' lang='lat' dir='ltr'>implicitus</span> <span class='ocrx_word' id='word_1_169' title='bbox 1599 1215 1776 1253; x_wconf 88' lang='lat' dir='ltr'>scribere</span> <span class='ocrx_word' id='word_1_170' title='bbox 1795 1215 1847 1254; x_wconf 90' lang='lat' dir='ltr'>ad</span> <span class='ocrx_word' id='word_1_171' title='bbox 1865 1216 1909 1254; x_wconf 87' lang='lat' dir='ltr'>te</span> 
     </span>
     <span class='ocr_line' id='line_1_19' title="bbox 307 1279 1911 1331; baseline 0 -12"><span class='ocrx_word' id='word_1_172' title='bbox 307 1282 507 1320; x_wconf 83' lang='lat' dir='ltr'>hactenus</span> <span class='ocrx_word' id='word_1_173' title='bbox 526 1279 683 1318; x_wconf 85' lang='lat' dir='ltr'>distuli.</span> <span class='ocrx_word' id='word_1_174' title='bbox 727 1279 849 1318; x_wconf 88' lang='lat' dir='ltr'>Nunc</span> <span class='ocrx_word' id='word_1_175' title='bbox 863 1280 1016 1329; x_wconf 91' lang='lat' dir='ltr'>raptim</span> <span class='ocrx_word' id='word_1_176' title='bbox 1035 1294 1158 1320; x_wconf 88' lang='lat' dir='ltr'>mane</span> <span class='ocrx_word' id='word_1_177' title='bbox 1177 1281 1332 1331; x_wconf 90' lang='lat' dir='ltr'>scripsi,</span> <span class='ocrx_word' id='word_1_178' title='bbox 1351 1294 1449 1319; x_wconf 90' lang='lat' dir='ltr'>cum</span> <span class='ocrx_word' id='word_1_179' title='bbox 1463 1294 1631 1331; x_wconf 88' lang='lat' dir='ltr'>peregre</span> <span class='ocrx_word' id='word_1_180' title='bbox 1650 1281 1911 1331; x_wconf 85' lang='lat' dir='ltr'>profecturus</span> 
     </span>
     <span class='ocr_line' id='line_1_20' title="bbox 309 1345 1910 1397; baseline -0.001 -12"><span class='ocrx_word' id='word_1_181' title='bbox 309 1359 455 1394; x_wconf 84' lang='lat' dir='ltr'>essem,</span> <span class='ocrx_word' id='word_1_182' title='bbox 477 1348 518 1384; x_wconf 90' lang='lat' dir='ltr'>et</span> <span class='ocrx_word' id='word_1_183' title='bbox 537 1346 624 1384; x_wconf 89' lang='lat' dir='ltr'>ruri</span> <span class='ocrx_word' id='word_1_184' title='bbox 649 1345 791 1384; x_wconf 86' lang='lat' dir='ltr'>literas</span> <span class='ocrx_word' id='word_1_185' title='bbox 816 1347 909 1384; x_wconf 90' lang='lat' dir='ltr'>tuas</span> <span class='ocrx_word' id='word_1_186' title='bbox 934 1346 1207 1396; x_wconf 84' lang='lat' dir='ltr'>accepissem:</span> <span class='ocrx_word' id='word_1_187' title='bbox 1236 1359 1261 1385; x_wconf 91' lang='lat' dir='ltr'>a</span> <span class='ocrx_word' id='word_1_188' title='bbox 1286 1346 1462 1397; x_wconf 88' lang='lat' dir='ltr'>prandio</span> <span class='ocrx_word' id='word_1_189' title='bbox 1482 1347 1598 1385; x_wconf 89' lang='lat' dir='ltr'>enim</span> <span class='ocrx_word' id='word_1_190' title='bbox 1618 1346 1815 1396; x_wconf 86' lang='lat' dir='ltr'>Episcopi</span> <span class='ocrx_word' id='word_1_191' title='bbox 1833 1359 1910 1397; x_wconf 92' lang='lat' dir='ltr'>ego</span> 
     </span>
     <span class='ocr_line' id='line_1_21' title="bbox 310 1411 1782 1462; baseline 0 -12"><span class='ocrx_word' id='word_1_192' title='bbox 310 1412 579 1450; x_wconf 88' lang='lat' dir='ltr'>discesseram</span> <span class='ocrx_word' id='word_1_193' title='bbox 597 1423 677 1459; x_wconf 87' lang='lat' dir='ltr'>rus,</span> <span class='ocrx_word' id='word_1_194' title='bbox 701 1412 742 1449; x_wconf 88' lang='lat' dir='ltr'>et</span> <span class='ocrx_word' id='word_1_195' title='bbox 761 1411 961 1460; x_wconf 89' lang='lat' dir='ltr'>postridie</span> <span class='ocrx_word' id='word_1_196' title='bbox 981 1412 1211 1462; x_wconf 89' lang='lat' dir='ltr'>Episcopus</span> <span class='ocrx_word' id='word_1_197' title='bbox 1230 1412 1437 1462; x_wconf 89' lang='lat' dir='ltr'>profectus</span> <span class='ocrx_word' id='word_1_198' title='bbox 1456 1413 1520 1450; x_wconf 90' lang='lat' dir='ltr'>est</span> <span class='ocrx_word' id='word_1_199' title='bbox 1539 1412 1591 1450; x_wconf 87' lang='lat' dir='ltr'>ad</span> <span class='ocrx_word' id='word_1_200' title='bbox 1612 1411 1782 1462; x_wconf 87' lang='lat' dir='ltr'>Regem.</span> 
     </span>
    </p>

    <p class='ocr_par' dir='ltr' id='par_1_8' title="bbox 365 1476 1911 1526">
     <span class='ocr_line' id='line_1_22' title="bbox 365 1476 1911 1526; baseline -0.001 -11"><span class='ocrx_word' id='word_1_201' title='bbox 365 1476 485 1525; x_wconf 82' lang='lat' dir='ltr'>Quod</span> <span class='ocrx_word' id='word_1_202' title='bbox 514 1476 631 1514; x_wconf 90' lang='lat' dir='ltr'>iubes</span> <span class='ocrx_word' id='word_1_203' title='bbox 660 1489 727 1514; x_wconf 89' lang='lat' dir='ltr'>me</span> <span class='ocrx_word' id='word_1_204' title='bbox 757 1476 934 1515; x_wconf 87' lang='lat' dir='ltr'>scribere</span> <span class='ocrx_word' id='word_1_205' title='bbox 959 1477 1190 1525; x_wconf 86' lang='lat' dir='ltr'>Tunstan,</span> <span class='ocrx_word' id='word_1_206' title='bbox 1214 1477 1329 1515; x_wconf 86' lang='lat' dir='ltr'>deest</span> <span class='ocrx_word' id='word_1_207' title='bbox 1357 1476 1464 1515; x_wconf 91' lang='lat' dir='ltr'>mihi</span> <span class='ocrx_word' id='word_1_208' title='bbox 1494 1478 1800 1526; x_wconf 80' lang='lat' dir='ltr'>argumentum,</span> <span class='ocrx_word' id='word_1_209' title='bbox 1827 1476 1911 1515; x_wconf 90' lang='lat' dir='ltr'>nisi</span> 
     </span>
    </p>

    <p class='ocr_par' dir='ltr' id='par_1_9' title="bbox 251 1541 1911 1856">
     <span class='ocr_line' id='line_1_23' title="bbox 251 1541 1911 1592; baseline 0.001 -14"><span class='ocrx_word' id='word_1_210' title='bbox 251 1548 294 1578; x_wconf 88' lang='lat'>60</span> <span class='ocrx_word' id='word_1_211' title='bbox 311 1542 381 1581; x_wconf 93' lang='lat' dir='ltr'>ille</span> <span class='ocrx_word' id='word_1_212' title='bbox 419 1542 469 1580; x_wconf 94' lang='lat' dir='ltr'>ad</span> <span class='ocrx_word' id='word_1_213' title='bbox 508 1554 644 1580; x_wconf 88' lang='lat' dir='ltr'>meam</span> <span class='ocrx_word' id='word_1_214' title='bbox 682 1554 877 1592; x_wconf 87' lang='lat' dir='ltr'>magnam</span> <span class='ocrx_word' id='word_1_215' title='bbox 913 1542 1130 1592; x_wconf 89' lang='lat' dir='ltr'>epistolam</span> <span class='ocrx_word' id='word_1_216' title='bbox 1167 1542 1431 1592; x_wconf 85' lang='lat' dir='ltr'>rescripserit.</span> <span class='ocrx_word' id='word_1_217' title='bbox 1503 1542 1700 1581; x_wconf 89' lang='lat' dir='ltr'>Dolerem</span> <span class='ocrx_word' id='word_1_218' title='bbox 1738 1541 1911 1581; x_wconf 88' lang='lat' dir='ltr'>omnino</span> 
     </span>
     <span class='ocr_line' id='line_1_24' title="bbox 310 1607 1905 1658; baseline -0.001 -11"><span class='ocrx_word' id='word_1_219' title='bbox 310 1611 434 1658; x_wconf 88' lang='lat' dir='ltr'>atque</span> <span class='ocrx_word' id='word_1_220' title='bbox 464 1608 590 1646; x_wconf 91' lang='lat' dir='ltr'>etiam</span> <span class='ocrx_word' id='word_1_221' title='bbox 619 1620 856 1656; x_wconf 87' lang='lat' dir='ltr'>moererem‚</span> <span class='ocrx_word' id='word_1_222' title='bbox 880 1608 1014 1658; x_wconf 89' lang='lat' dir='ltr'>siquid</span> <span class='ocrx_word' id='word_1_223' title='bbox 1041 1609 1078 1647; x_wconf 91' lang='lat' dir='ltr'>ei</span> <span class='ocrx_word' id='word_1_224' title='bbox 1105 1608 1329 1648; x_wconf 90' lang='lat' dir='ltr'>accidisset.</span> <span class='ocrx_word' id='word_1_225' title='bbox 1390 1608 1543 1657; x_wconf 86' lang='lat' dir='ltr'>Scripsi</span> <span class='ocrx_word' id='word_1_226' title='bbox 1568 1608 1699 1647; x_wconf 90' lang='lat' dir='ltr'>etiam</span> <span class='ocrx_word' id='word_1_227' title='bbox 1718 1607 1905 1652; x_wconf 89' lang='lat' dir='ltr'>Linacro‚</span> 
     </span>
     <span class='ocr_line' id='line_1_25' title="bbox 312 1672 1911 1724; baseline -0.001 -11"><span class='ocrx_word' id='word_1_228' title='bbox 312 1674 383 1713; x_wconf 89' lang='lat' dir='ltr'>sed</span> <span class='ocrx_word' id='word_1_229' title='bbox 417 1672 605 1712; x_wconf 91' lang='lat' dir='ltr'>nondum</span> <span class='ocrx_word' id='word_1_230' title='bbox 640 1686 884 1724; x_wconf 87' lang='lat' dir='ltr'>responsum</span> <span class='ocrx_word' id='word_1_231' title='bbox 917 1674 1055 1722; x_wconf 83' lang='lat' dir='ltr'>habui,</span> <span class='ocrx_word' id='word_1_232' title='bbox 1094 1674 1129 1713; x_wconf 91' lang='lat' dir='ltr'>si</span> <span class='ocrx_word' id='word_1_233' title='bbox 1161 1676 1303 1713; x_wconf 89' lang='lat' dir='ltr'>tamen</span> <span class='ocrx_word' id='word_1_234' title='bbox 1340 1686 1615 1724; x_wconf 87' lang='lat' dir='ltr'>responsurus</span> <span class='ocrx_word' id='word_1_235' title='bbox 1653 1674 1726 1712; x_wconf 85' lang='lat' dir='ltr'>est.</span> <span class='ocrx_word' id='word_1_236' title='bbox 1799 1672 1911 1712; x_wconf 86' lang='lat' dir='ltr'>Nam</span> 
     </span>
     <span class='ocr_line' id='line_1_26' title="bbox 311 1738 1907 1790; baseline -0.001 -13"><span class='ocrx_word' id='word_1_237' title='bbox 311 1739 398 1789; x_wconf 87' lang='lat' dir='ltr'>ipse</span> <span class='ocrx_word' id='word_1_238' title='bbox 418 1741 514 1777; x_wconf 88' lang='lat' dir='ltr'>ante</span> <span class='ocrx_word' id='word_1_239' title='bbox 533 1739 584 1777; x_wconf 91' lang='lat' dir='ltr'>ad</span> <span class='ocrx_word' id='word_1_240' title='bbox 611 1752 678 1776; x_wconf 86' lang='lat' dir='ltr'>me</span> <span class='ocrx_word' id='word_1_241' title='bbox 707 1739 946 1789; x_wconf 84' lang='lat' dir='ltr'>scripserat:</span> <span class='ocrx_word' id='word_1_242' title='bbox 976 1740 1096 1779; x_wconf 87' lang='lat' dir='ltr'>credo</span> <span class='ocrx_word' id='word_1_243' title='bbox 1123 1743 1285 1790; x_wconf 90' lang='lat' dir='ltr'>pestem</span> <span class='ocrx_word' id='word_1_244' title='bbox 1312 1740 1349 1778; x_wconf 88' lang='lat' dir='ltr'>ei</span> <span class='ocrx_word' id='word_1_245' title='bbox 1375 1740 1592 1779; x_wconf 87' lang='lat' dir='ltr'>obstetisse</span> <span class='ocrx_word' id='word_1_246' title='bbox 1611 1738 1836 1790; x_wconf 89' lang='lat' dir='ltr'>quominus</span> <span class='ocrx_word' id='word_1_247' title='bbox 1855 1738 1907 1777; x_wconf 90' lang='lat' dir='ltr'>ad</span> 
     </span>
     <span class='ocr_line' id='line_1_27' title="bbox 312 1803 1911 1856; baseline -0.001 -13"><span class='ocrx_word' id='word_1_248' title='bbox 312 1817 379 1843; x_wconf 88' lang='lat' dir='ltr'>me</span> <span class='ocrx_word' id='word_1_249' title='bbox 397 1804 619 1854; x_wconf 89' lang='lat' dir='ltr'>scripserit.</span> <span class='ocrx_word' id='word_1_250' title='bbox 679 1804 846 1843; x_wconf 86' lang='lat' dir='ltr'>Nouum</span> <span class='ocrx_word' id='word_1_251' title='bbox 866 1808 928 1844; x_wconf 91' lang='lat' dir='ltr'>est</span> <span class='ocrx_word' id='word_1_252' title='bbox 948 1805 1119 1844; x_wconf 90' lang='lat' dir='ltr'>omnino</span> <span class='ocrx_word' id='word_1_253' title='bbox 1138 1808 1177 1844; x_wconf 91' lang='lat' dir='ltr'>et</span> <span class='ocrx_word' id='word_1_254' title='bbox 1197 1805 1446 1844; x_wconf 88' lang='lat' dir='ltr'>inusitatum</span> <span class='ocrx_word' id='word_1_255' title='bbox 1461 1805 1571 1856; x_wconf 91' lang='lat' dir='ltr'>quod</span> <span class='ocrx_word' id='word_1_256' title='bbox 1592 1805 1642 1843; x_wconf 89' lang='lat' dir='ltr'>de</span> <span class='ocrx_word' id='word_1_257' title='bbox 1661 1803 1911 1843; x_wconf 85' lang='lat' dir='ltr'>Buslidiano</span> 
     </span>
    </p>

    <p class='ocr_par' dir='ltr' id='par_1_10' title="bbox 252 1869 1912 2117">
     <span class='ocr_line' id='line_1_28' title="bbox 252 1869 1911 1921; baseline 0.001 -14"><span class='ocrx_word' id='word_1_258' title='bbox 252 1875 293 1916; x_wconf 88' lang='lat'>65</span> <span class='ocrx_word' id='word_1_259' title='bbox 312 1870 445 1920; x_wconf 88' lang='lat' dir='ltr'>legato</span> <span class='ocrx_word' id='word_1_260' title='bbox 464 1870 532 1908; x_wconf 90' lang='lat' dir='ltr'>vel</span> <span class='ocrx_word' id='word_1_261' title='bbox 551 1869 648 1908; x_wconf 88' lang='lat' dir='ltr'>fidei</span> <span class='ocrx_word' id='word_1_262' title='bbox 667 1870 889 1909; x_wconf 89' lang='lat' dir='ltr'>commisso</span> <span class='ocrx_word' id='word_1_263' title='bbox 908 1871 1064 1920; x_wconf 85' lang='lat' dir='ltr'>scribis,</span> <span class='ocrx_word' id='word_1_264' title='bbox 1087 1872 1157 1910; x_wconf 93' lang='lat' dir='ltr'>sed</span> <span class='ocrx_word' id='word_1_265' title='bbox 1178 1871 1351 1910; x_wconf 87' lang='lat' dir='ltr'>omnino</span> <span class='ocrx_word' id='word_1_266' title='bbox 1372 1871 1667 1921; x_wconf 88' lang='lat' dir='ltr'>plaudendum.</span> <span class='ocrx_word' id='word_1_267' title='bbox 1720 1870 1911 1909; x_wconf 86' lang='lat' dir='ltr'>Fratrem</span> 
     </span>
     <span class='ocr_line' id='line_1_29' title="bbox 310 1935 1912 1987; baseline 0.001 -14"><span class='ocrx_word' id='word_1_268' title='bbox 310 1935 452 1984; x_wconf 86' lang='lat' dir='ltr'>paucis</span> <span class='ocrx_word' id='word_1_269' title='bbox 471 1935 761 1987; x_wconf 56' lang='lat' dir='ltr'>hhebdomadis</span> <span class='ocrx_word' id='word_1_270' title='bbox 798 1936 932 1985; x_wconf 87' lang='lat' dir='ltr'>amisi,</span> <span class='ocrx_word' id='word_1_271' title='bbox 974 1937 1223 1987; x_wconf 90' lang='lat' dir='ltr'>scriptorum</span> <span class='ocrx_word' id='word_1_272' title='bbox 1261 1939 1428 1976; x_wconf 86' lang='lat' dir='ltr'>tuorum</span> <span class='ocrx_word' id='word_1_273' title='bbox 1467 1936 1716 1984; x_wconf 87' lang='lat' dir='ltr'>studiosum,</span> <span class='ocrx_word' id='word_1_274' title='bbox 1758 1937 1912 1976; x_wconf 83' lang='lat' dir='ltr'>Graece</span> 
     </span>
     <span class='ocr_line' id='line_1_30' title="bbox 313 2000 1908 2052; baseline 0.001 -13"><span class='ocrx_word' id='word_1_275' title='bbox 313 2001 440 2039; x_wconf 89' lang='lat' dir='ltr'>etiam</span> <span class='ocrx_word' id='word_1_276' title='bbox 484 2001 664 2049; x_wconf 88' lang='lat' dir='ltr'>doctum,</span> <span class='ocrx_word' id='word_1_277' title='bbox 706 2003 971 2052; x_wconf 86' lang='lat' dir='ltr'>sacerdotem,</span> <span class='ocrx_word' id='word_1_278' title='bbox 1015 2003 1350 2042; x_wconf 88' lang='lat' dir='ltr'>archidiaconum</span> <span class='ocrx_word' id='word_1_279' title='bbox 1389 2002 1659 2050; x_wconf 84' lang='lat' dir='ltr'>Trecensem3</span> <span class='ocrx_word' id='word_1_280' title='bbox 1707 2001 1759 2040; x_wconf 92' lang='lat' dir='ltr'>ob</span> <span class='ocrx_word' id='word_1_281' title='bbox 1797 2000 1908 2052; x_wconf 88' lang='lat' dir='ltr'>quod</span> 
     </span>
     <span class='ocr_line' id='line_1_31' title="bbox 314 2066 902 2117; baseline 0.003 -12"><span class='ocrx_word' id='word_1_282' title='bbox 314 2079 478 2117; x_wconf 88' lang='lat' dir='ltr'>peregre</span> <span class='ocrx_word' id='word_1_283' title='bbox 505 2066 643 2106; x_wconf 88' lang='lat' dir='ltr'>iturus</span> <span class='ocrx_word' id='word_1_284' title='bbox 670 2067 771 2106; x_wconf 89' lang='lat' dir='ltr'>illuc</span> <span class='ocrx_word' id='word_1_285' title='bbox 798 2081 902 2107; x_wconf 86' lang='lat' dir='ltr'>sum.</span> 
     </span>
    </p>

    <p class='ocr_par' dir='ltr' id='par_1_11' title="bbox 367 2132 1908 2186">
     <span class='ocr_line' id='line_1_32' title="bbox 367 2132 1908 2186; baseline 0.001 -17"><span class='ocrx_word' id='word_1_286' title='bbox 367 2134 422 2169; x_wconf 81' lang='grc' dir='ltr'>Τὸ.</span> <span class='ocrx_word' id='word_1_287' title='bbox 439 2135 510 2170; x_wconf 85' lang='grc' dir='ltr'>τῶν</span> <span class='ocrx_word' id='word_1_288' title='bbox 529 2133 757 2184; x_wconf 82' lang='grc' dir='ltr'>γραμμάτων</span> <span class='ocrx_word' id='word_1_289' title='bbox 770 2135 874 2183; x_wconf 81' lang='grc' dir='ltr'>ἡμῶν</span> <span class='ocrx_word' id='word_1_290' title='bbox 895 2134 955 2172; x_wconf 83' lang='grc' dir='ltr'>καὶ</span> <span class='ocrx_word' id='word_1_291' title='bbox 974 2137 1045 2173; x_wconf 84' lang='grc' dir='ltr'>τῶν</span> <span class='ocrx_word' id='word_1_292' title='bbox 1064 2135 1199 2186; x_wconf 79' lang='grc' dir='ltr'><strong>λόγων,</strong></span> <span class='ocrx_word' id='word_1_293' title='bbox 1220 2135 1243 2183; x_wconf 86' lang='grc' dir='ltr'>ἡ</span> <span class='ocrx_word' id='word_1_294' title='bbox 1264 2134 1410 2184; x_wconf 79' lang='grc' dir='ltr'>σπουδὴ</span> <span class='ocrx_word' id='word_1_295' title='bbox 1428 2135 1581 2182; x_wconf 84' lang='grc' dir='ltr'>φαύλως</span> <span class='ocrx_word' id='word_1_296' title='bbox 1600 2136 1664 2172; x_wconf 79' lang='grc' dir='ltr'>νῦν</span> <span class='ocrx_word' id='word_1_297' title='bbox 1680 2132 1908 2182; x_wconf 83' lang='grc' dir='ltr'>καθέστηκεν</span> 
     </span>
    </p>

    <p class='ocr_par' dir='ltr' id='par_1_12' title="bbox 257 2197 1912 2381">
     <span class='ocr_line' id='line_1_33' title="bbox 257 2197 1910 2250; baseline 0.001 -15"><span class='ocrx_word' id='word_1_298' title='bbox 257 2211 296 2243; x_wconf 74' lang='lat'>70</span> <span class='ocrx_word' id='word_1_299' title='bbox 313 2198 354 2235; x_wconf 92' lang='lat' dir='ltr'>et</span> <span class='ocrx_word' id='word_1_300' title='bbox 380 2211 505 2247; x_wconf 90' lang='lat' dir='ltr'>prope</span> <span class='ocrx_word' id='word_1_301' title='bbox 536 2198 713 2236; x_wconf 77' lang='lat' dir='ltr'>dixerim</span> <span class='ocrx_word' id='word_1_302' title='bbox 742 2199 939 2248; x_wconf 84' lang='grc' dir='ltr'>ζημιωδῶς.</span> <span class='ocrx_word' id='word_1_303' title='bbox 998 2199 1101 2250; x_wconf 89' lang='lat' dir='ltr'>Legi</span> <span class='ocrx_word' id='word_1_304' title='bbox 1128 2200 1270 2239; x_wconf 89' lang='lat' dir='ltr'>locum</span> <span class='ocrx_word' id='word_1_305' title='bbox 1297 2199 1692 2239; x_wconf 88' lang='lat' dir='ltr'>commentariorum</span> <span class='ocrx_word' id='word_1_306' title='bbox 1717 2197 1841 2236; x_wconf 89' lang='lat' dir='ltr'>Fabri</span> <span class='ocrx_word' id='word_1_307' title='bbox 1865 2197 1910 2236; x_wconf 90' lang='lat' dir='ltr'>in</span> 
     </span>
     <span class='ocr_line' id='line_1_34' title="bbox 311 2262 1912 2314; baseline 0 -13"><span class='ocrx_word' id='word_1_308' title='bbox 311 2263 506 2313; x_wconf 85' lang='lat' dir='ltr'>epistolas</span> <span class='ocrx_word' id='word_1_309' title='bbox 543 2263 630 2302; x_wconf 89' lang='lat' dir='ltr'>diui</span> <span class='ocrx_word' id='word_1_310' title='bbox 667 2263 801 2314; x_wconf 88' lang='lat' dir='ltr'>Pauli,</span> <span class='ocrx_word' id='word_1_311' title='bbox 838 2267 885 2304; x_wconf 86' lang='lat' dir='ltr'>vt</span> <span class='ocrx_word' id='word_1_312' title='bbox 922 2267 969 2304; x_wconf 88' lang='lat' dir='ltr'>tu</span> <span class='ocrx_word' id='word_1_313' title='bbox 1008 2278 1076 2304; x_wconf 90' lang='lat' dir='ltr'>me</span> <span class='ocrx_word' id='word_1_314' title='bbox 1107 2265 1241 2304; x_wconf 90' lang='lat' dir='ltr'>facere</span> <span class='ocrx_word' id='word_1_315' title='bbox 1278 2265 1460 2314; x_wconf 90' lang='lat' dir='ltr'>voluisti,</span> <span class='ocrx_word' id='word_1_316' title='bbox 1496 2266 1568 2304; x_wconf 89' lang='lat' dir='ltr'>sed</span> <span class='ocrx_word' id='word_1_317' title='bbox 1607 2263 1797 2303; x_wconf 90' lang='lat' dir='ltr'>nondum</span> <span class='ocrx_word' id='word_1_318' title='bbox 1830 2262 1912 2313; x_wconf 87' lang='lat' dir='ltr'>legi</span> 
     </span>
     <span class='ocr_line' id='line_1_35' title="bbox 312 2327 1910 2381; baseline 0 -15"><span class='ocrx_word' id='word_1_319' title='bbox 312 2328 563 2378; x_wconf 86' lang='lat' dir='ltr'>Apologiam</span> <span class='ocrx_word' id='word_1_320' title='bbox 588 2331 717 2377; x_wconf 88' lang='lat' dir='ltr'>tuam,</span> <span class='ocrx_word' id='word_1_321' title='bbox 741 2329 823 2369; x_wconf 90' lang='lat' dir='ltr'>nisi</span> <span class='ocrx_word' id='word_1_322' title='bbox 846 2330 1087 2370; x_wconf 86' lang='lat' dir='ltr'>vellicatim.</span> <span class='ocrx_word' id='word_1_323' title='bbox 1146 2330 1238 2370; x_wconf 86' lang='lat' dir='ltr'>Scio</span> <span class='ocrx_word' id='word_1_324' title='bbox 1266 2330 1375 2381; x_wconf 88' lang='lat' dir='ltr'>quod</span> <span class='ocrx_word' id='word_1_325' title='bbox 1400 2331 1453 2369; x_wconf 90' lang='lat' dir='ltr'>sit</span> <span class='ocrx_word' id='word_1_326' title='bbox 1477 2330 1699 2369; x_wconf 89' lang='lat' dir='ltr'>hominum</span> <span class='ocrx_word' id='word_1_327' title='bbox 1719 2329 1768 2367; x_wconf 91' lang='lat' dir='ltr'>de</span> <span class='ocrx_word' id='word_1_328' title='bbox 1790 2327 1910 2367; x_wconf 83' lang='lat' dir='ltr'>vobis</span> 
     </span>
    </p>
   </div>
   <div class='ocr_carea' id='block_1_4' title="bbox 359 2455 1912 2498">
    <p class='ocr_par' dir='ltr' id='par_1_13' title="bbox 359 2455 1912 2498">
     <span class='ocr_line' id='line_1_36' title="bbox 359 2455 1912 2498; baseline -0.001 -11"><span class='ocrx_word' id='word_1_329' title='bbox 359 2467 413 2495; x_wconf 83' lang='lat'>43.</span> <span class='ocrx_word' id='word_1_330' title='bbox 438 2456 577 2498; x_wconf 83' lang='lat' dir='ltr'>literas]</span> <span class='ocrx_word' id='word_1_331' title='bbox 596 2457 659 2497; x_wconf 87' lang='lat' dir='ltr'>Ep.</span> <span class='ocrx_word' id='word_1_332' title='bbox 680 2466 751 2496; x_wconf 86' lang='lat'>723.</span> <span class='ocrx_word' id='word_1_333' title='bbox 1147 2458 1186 2489; x_wconf 87' lang='lat' dir='ltr'>of</span> <span class='ocrx_word' id='word_1_334' title='bbox 1213 2458 1293 2489; x_wconf 89' lang='lat' dir='ltr'>Feb.</span> <span class='ocrx_word' id='word_1_335' title='bbox 1325 2458 1369 2489; x_wconf 89' lang='lat' dir='ltr'>he</span> <span class='ocrx_word' id='word_1_336' title='bbox 1401 2459 1474 2489; x_wconf 88' lang='lat' dir='ltr'>had</span> <span class='ocrx_word' id='word_1_337' title='bbox 1506 2457 1676 2489; x_wconf 88' lang='lat' dir='ltr'>returned</span> <span class='ocrx_word' id='word_1_338' title='bbox 1714 2458 1751 2488; x_wconf 91' lang='lat' dir='ltr'>to</span> <span class='ocrx_word' id='word_1_339' title='bbox 1791 2455 1912 2487; x_wconf 85' lang='lat' dir='ltr'>Mainz</span> 
     </span>
    </p>
   </div>
   <div class='ocr_carea' id='block_1_5' title="bbox 317 2499 1085 3021">
    <p class='ocr_par' dir='ltr' id='par_1_14' title="bbox 317 2499 1085 3021">
     <span class='ocr_line' id='line_1_37' title="bbox 359 2499 1082 2541; baseline 0.001 -10"><span class='ocrx_word' id='word_1_340' title='bbox 359 2511 411 2539; x_wconf 88' lang='lat'>49.</span> <span class='ocrx_word' id='word_1_341' title='bbox 440 2501 641 2541; x_wconf 87' lang='lat' dir='ltr'>Huttenus]</span> <span class='ocrx_word' id='word_1_342' title='bbox 665 2499 854 2541; x_wconf 77' lang='lat' dir='ltr'>Bocking&#39;s</span> <span class='ocrx_word' id='word_1_343' title='bbox 877 2501 1082 2541; x_wconf 82' lang='lat' dir='ltr'>conjecture</span> 
     </span>
     <span class='ocr_line' id='line_1_38' title="bbox 317 2544 1082 2584; baseline -0.001 -8"><span class='ocrx_word' id='word_1_344' title='bbox 317 2544 412 2583; x_wconf 47' lang='lat' dir='ltr'>(HE.</span> <span class='ocrx_word' id='word_1_345' title='bbox 446 2544 500 2584; x_wconf 88' lang='lat'>71)</span> <span class='ocrx_word' id='word_1_346' title='bbox 532 2544 614 2575; x_wconf 87' lang='lat' dir='ltr'>that</span> <span class='ocrx_word' id='word_1_347' title='bbox 646 2545 691 2575; x_wconf 91' lang='lat' dir='ltr'>he</span> <span class='ocrx_word' id='word_1_348' title='bbox 717 2544 791 2575; x_wconf 87' lang='lat' dir='ltr'>had</span> <span class='ocrx_word' id='word_1_349' title='bbox 818 2545 907 2575; x_wconf 87' lang='lat' dir='ltr'>been</span> <span class='ocrx_word' id='word_1_350' title='bbox 935 2547 1015 2576; x_wconf 86' lang='lat' dir='ltr'>sent</span> <span class='ocrx_word' id='word_1_351' title='bbox 1045 2546 1082 2575; x_wconf 90' lang='lat' dir='ltr'>to</span> 
     </span>
     <span class='ocr_line' id='line_1_39' title="bbox 317 2587 1085 2628; baseline 0 -10"><span class='ocrx_word' id='word_1_352' title='bbox 317 2588 498 2627; x_wconf 85' lang='lat' dir='ltr'>negotiate</span> <span class='ocrx_word' id='word_1_353' title='bbox 529 2598 575 2619; x_wconf 91' lang='lat' dir='ltr'>on</span> <span class='ocrx_word' id='word_1_354' title='bbox 605 2587 730 2619; x_wconf 88' lang='lat' dir='ltr'>behalf</span> <span class='ocrx_word' id='word_1_355' title='bbox 757 2588 795 2619; x_wconf 88' lang='lat' dir='ltr'>of</span> <span class='ocrx_word' id='word_1_356' title='bbox 822 2588 885 2618; x_wconf 89' lang='lat' dir='ltr'>the</span> <span class='ocrx_word' id='word_1_357' title='bbox 922 2588 1013 2628; x_wconf 87' lang='lat' dir='ltr'>Abp.</span> <span class='ocrx_word' id='word_1_358' title='bbox 1046 2588 1085 2619; x_wconf 87' lang='lat' dir='ltr'>of</span> 
     </span>
     <span class='ocr_line' id='line_1_40' title="bbox 318 2631 1081 2663; baseline 0 -1"><span class='ocrx_word' id='word_1_359' title='bbox 318 2631 436 2662; x_wconf 86' lang='lat' dir='ltr'>Mainz</span> <span class='ocrx_word' id='word_1_360' title='bbox 458 2631 513 2662; x_wconf 84' lang='lat' dir='ltr'>for</span> <span class='ocrx_word' id='word_1_361' title='bbox 537 2632 600 2662; x_wconf 89' lang='lat' dir='ltr'>the</span> <span class='ocrx_word' id='word_1_362' title='bbox 627 2631 778 2662; x_wconf 85' lang='lat' dir='ltr'>election</span> <span class='ocrx_word' id='word_1_363' title='bbox 807 2631 845 2662; x_wconf 88' lang='lat' dir='ltr'>of</span> <span class='ocrx_word' id='word_1_364' title='bbox 869 2631 1017 2663; x_wconf 84' lang='lat' dir='ltr'>Francis</span> <span class='ocrx_word' id='word_1_365' title='bbox 1044 2634 1081 2662; x_wconf 92' lang='lat' dir='ltr'>to</span> 
     </span>
     <span class='ocr_line' id='line_1_41' title="bbox 318 2675 1081 2714; baseline 0.003 -10"><span class='ocrx_word' id='word_1_366' title='bbox 318 2675 378 2705; x_wconf 78' lang='lat' dir='ltr'>the</span> <span class='ocrx_word' id='word_1_367' title='bbox 403 2675 558 2714; x_wconf 86' lang='lat' dir='ltr'>Empire,</span> <span class='ocrx_word' id='word_1_368' title='bbox 585 2675 615 2706; x_wconf 87' lang='lat' dir='ltr'>is</span> <span class='ocrx_word' id='word_1_369' title='bbox 638 2675 748 2706; x_wconf 88' lang='lat' dir='ltr'>borne</span> <span class='ocrx_word' id='word_1_370' title='bbox 771 2677 833 2705; x_wconf 85' lang='lat' dir='ltr'>out</span> <span class='ocrx_word' id='word_1_371' title='bbox 859 2676 905 2714; x_wconf 91' lang='lat' dir='ltr'>by</span> <span class='ocrx_word' id='word_1_372' title='bbox 929 2675 1081 2706; x_wconf 85' lang='lat' dir='ltr'>Lefranc</span> 
     </span>
     <span class='ocr_line' id='line_1_42' title="bbox 318 2719 1078 2758; baseline 0 -10"><span class='ocrx_word' id='word_1_373' title='bbox 318 2720 415 2755; x_wconf 82' lang='lat' dir='ltr'>(Bull.</span> <span class='ocrx_word' id='word_1_374' title='bbox 437 2729 494 2749; x_wconf 85' lang='lat' dir='ltr'>soc.</span> <span class='ocrx_word' id='word_1_375' title='bbox 519 2721 589 2749; x_wconf 75' lang='lat' dir='ltr'>hist.</span> <span class='ocrx_word' id='word_1_376' title='bbox 608 2723 687 2756; x_wconf 76' lang='lat' dir='ltr'>prot.</span> <span class='ocrx_word' id='word_1_377' title='bbox 703 2720 823 2756; x_wconf 63' lang='lat' dir='ltr'>franc„</span> <span class='ocrx_word' id='word_1_378' title='bbox 842 2719 962 2757; x_wconf 79' lang='lat' dir='ltr'>xxxix,</span> <span class='ocrx_word' id='word_1_379' title='bbox 984 2719 1078 2758; x_wconf 86' lang='lat'>1890,</span> 
     </span>
     <span class='ocr_line' id='line_1_43' title="bbox 318 2762 1082 2802; baseline 0.004 -12"><span class='ocrx_word' id='word_1_380' title='bbox 318 2772 374 2801; x_wconf 83' lang='lat' dir='ltr'>pp.</span> <span class='ocrx_word' id='word_1_381' title='bbox 392 2762 521 2801; x_wconf 39' lang='lat'>181-93.</span> <span class='ocrx_word' id='word_1_382' title='bbox 547 2762 621 2792; x_wconf 87' lang='lat' dir='ltr'>The</span> <span class='ocrx_word' id='word_1_383' title='bbox 634 2762 758 2802; x_wconf 84' lang='lat' dir='ltr'>Abp.’s</span> <span class='ocrx_word' id='word_1_384' title='bbox 771 2763 878 2793; x_wconf 85' lang='lat' dir='ltr'>letter</span> <span class='ocrx_word' id='word_1_385' title='bbox 887 2764 923 2793; x_wconf 87' lang='lat' dir='ltr'>to</span> <span class='ocrx_word' id='word_1_386' title='bbox 934 2762 1082 2793; x_wconf 86' lang='lat' dir='ltr'>Francis</span> 
     </span>
     <span class='ocr_line' id='line_1_44' title="bbox 319 2804 1081 2845; baseline 0.003 -10"><span class='ocrx_word' id='word_1_387' title='bbox 319 2805 443 2843; x_wconf 63' lang='lat' dir='ltr'>(ibid.)</span> <span class='ocrx_word' id='word_1_388' title='bbox 455 2804 527 2835; x_wconf 86' lang='lat' dir='ltr'>aud</span> <span class='ocrx_word' id='word_1_389' title='bbox 540 2805 714 2836; x_wconf 68' lang='lat' dir='ltr'>Hutten&#39;s</span> <span class='ocrx_word' id='word_1_390' title='bbox 728 2806 944 2836; x_wconf 84' lang='lat' dir='ltr'>credentials</span> <span class='ocrx_word' id='word_1_391' title='bbox 957 2806 1081 2845; x_wconf 73' lang='lat' dir='ltr'>(Book—</span> 
     </span>
     <span class='ocr_line' id='line_1_45' title="bbox 319 2849 1080 2889; baseline 0.004 -12"><span class='ocrx_word' id='word_1_392' title='bbox 319 2849 393 2887; x_wconf 84' lang='lat' dir='ltr'>ing,</span> <span class='ocrx_word' id='word_1_393' title='bbox 423 2851 553 2879; x_wconf 75' lang='lat' dir='ltr'>Hutteni</span> <span class='ocrx_word' id='word_1_394' title='bbox 585 2852 657 2886; x_wconf 65' lang='grc' dir='ltr'><strong>ΟΜ).</strong></span> <span class='ocrx_word' id='word_1_395' title='bbox 682 2860 714 2880; x_wconf 86' lang='lat' dir='ltr'>v.</span> <span class='ocrx_word' id='word_1_396' title='bbox 739 2850 850 2889; x_wconf 86' lang='lat'>507,8)</span> <span class='ocrx_word' id='word_1_397' title='bbox 884 2859 942 2880; x_wconf 91' lang='lat' dir='ltr'>are</span> <span class='ocrx_word' id='word_1_398' title='bbox 974 2849 1080 2880; x_wconf 87' lang='lat' dir='ltr'>dated</span> 
     </span>
     <span class='ocr_line' id='line_1_46' title="bbox 322 2892 1081 2933; baseline 0.005 -13"><span class='ocrx_word' id='word_1_399' title='bbox 322 2901 419 2931; x_wconf 79' lang='lat'>19‚20</span> <span class='ocrx_word' id='word_1_400' title='bbox 441 2892 535 2931; x_wconf 84' lang='lat' dir='ltr'>Sept.</span> <span class='ocrx_word' id='word_1_401' title='bbox 565 2902 666 2931; x_wconf 81' lang='lat'>15173</span> <span class='ocrx_word' id='word_1_402' title='bbox 689 2893 753 2923; x_wconf 85' lang='lat' dir='ltr'>but</span> <span class='ocrx_word' id='word_1_403' title='bbox 778 2893 807 2924; x_wconf 89' lang='lat' dir='ltr'>it</span> <span class='ocrx_word' id='word_1_404' title='bbox 830 2902 977 2933; x_wconf 82' lang='lat' dir='ltr'>appears</span> <span class='ocrx_word' id='word_1_405' title='bbox 1000 2893 1081 2923; x_wconf 83' lang='lat' dir='ltr'>that</span> 
     </span>
     <span class='ocr_line' id='line_1_47' title="bbox 318 2935 1082 2976; baseline 0.004 -12"><span class='ocrx_word' id='word_1_406' title='bbox 318 2944 364 2964; x_wconf 91' lang='lat' dir='ltr'>on</span> <span class='ocrx_word' id='word_1_407' title='bbox 395 2945 407 2965; x_wconf 85' lang='lat'>1</span> <span class='ocrx_word' id='word_1_408' title='bbox 436 2935 519 2965; x_wconf 88' lang='lat' dir='ltr'>Dec.</span> <span class='ocrx_word' id='word_1_409' title='bbox 556 2936 698 2967; x_wconf 84' lang='lat' dir='ltr'>Hutten</span> <span class='ocrx_word' id='word_1_410' title='bbox 731 2935 803 2966; x_wconf 87' lang='lat' dir='ltr'>had</span> <span class='ocrx_word' id='word_1_411' title='bbox 830 2938 894 2966; x_wconf 89' lang='lat' dir='ltr'>not</span> <span class='ocrx_word' id='word_1_412' title='bbox 924 2939 986 2976; x_wconf 83' lang='lat' dir='ltr'>yet</span> <span class='ocrx_word' id='word_1_413' title='bbox 1016 2936 1082 2967; x_wconf 87' lang='lat' dir='ltr'>left</span> 
     </span>
     <span class='ocr_line' id='line_1_48' title="bbox 320 2978 1078 3021; baseline 0.003 -14"><span class='ocrx_word' id='word_1_414' title='bbox 320 2978 544 3018; x_wconf 79' lang='lat' dir='ltr'>Steckelberg</span> <span class='ocrx_word' id='word_1_415' title='bbox 563 2979 656 3017; x_wconf 82' lang='lat' dir='ltr'>(HE.</span> <span class='ocrx_word' id='word_1_416' title='bbox 678 2979 760 3021; x_wconf 69' lang='lat' dir='ltr'>70).v</span> <span class='ocrx_word' id='word_1_417' title='bbox 779 2980 847 3021; x_wconf 69' lang='lat' dir='ltr'>¹By</span> <span class='ocrx_word' id='word_1_418' title='bbox 864 2979 925 3010; x_wconf 88' lang='lat' dir='ltr'>the</span> <span class='ocrx_word' id='word_1_419' title='bbox 942 2979 1078 3011; x_wconf 86' lang='lat' dir='ltr'>middle</span> 
     </span>
    </p>
   </div>
   <div class='ocr_carea' id='block_1_6' title="bbox 1147 2502 1912 3020">
    <p class='ocr_par' dir='ltr' id='par_1_15' title="bbox 1149 2502 1910 2586">
     <span class='ocr_line' id='line_1_49' title="bbox 1149 2502 1453 2542; baseline 0 0"><span class='ocrx_word' id='word_1_420' title='bbox 1149 2503 1227 2542; x_wconf 65' lang='lat' dir='ltr'>&lt;Ee</span> <span class='ocrx_word' id='word_1_421' title='bbox 1256 2502 1328 2541; x_wconf 87' lang='lat'><strong>778·</strong></span> <span class='ocrx_word' id='word_1_422' title='bbox 1347 2502 1453 2542; x_wconf 85' lang='lat'>35‚6)·</span> 
     </span>
     <span class='ocr_line' id='line_1_50' title="bbox 1235 2545 1910 2586; baseline 0 -10"><span class='ocrx_word' id='word_1_423' title='bbox 1235 2545 1399 2586; x_wconf 86' lang='lat' dir='ltr'>transiit]</span> <span class='ocrx_word' id='word_1_424' title='bbox 1439 2545 1494 2576; x_wconf 88' lang='lat' dir='ltr'>On</span> <span class='ocrx_word' id='word_1_425' title='bbox 1533 2545 1592 2576; x_wconf 91' lang='lat' dir='ltr'>his</span> <span class='ocrx_word' id='word_1_426' title='bbox 1638 2554 1718 2585; x_wconf 88' lang='lat' dir='ltr'>way</span> <span class='ocrx_word' id='word_1_427' title='bbox 1760 2545 1797 2574; x_wconf 90' lang='lat' dir='ltr'>to</span> <span class='ocrx_word' id='word_1_428' title='bbox 1846 2545 1910 2576; x_wconf 85' lang='lat' dir='ltr'>the</span> 
     </span>
    </p>

    <p class='ocr_par' dir='ltr' id='par_1_16' title="bbox 1147 2587 1905 2627">
     <span class='ocr_line' id='line_1_51' title="bbox 1147 2587 1905 2627; baseline 0.001 -7"><span class='ocrx_word' id='word_1_429' title='bbox 1147 2589 1267 2627; x_wconf 85' lang='lat' dir='ltr'>Court,</span> <span class='ocrx_word' id='word_1_430' title='bbox 1298 2588 1420 2619; x_wconf 87' lang='lat' dir='ltr'>which</span> <span class='ocrx_word' id='word_1_431' title='bbox 1448 2598 1520 2619; x_wconf 84' lang='lat' dir='ltr'>was</span> <span class='ocrx_word' id='word_1_432' title='bbox 1546 2598 1626 2620; x_wconf 86' lang='lat' dir='ltr'>now</span> <span class='ocrx_word' id='word_1_433' title='bbox 1653 2590 1691 2619; x_wconf 90' lang='lat' dir='ltr'>at</span> <span class='ocrx_word' id='word_1_434' title='bbox 1724 2587 1905 2620; x_wconf 82' lang='lat' dir='ltr'>Amboise.</span> 
     </span>
    </p>

    <p class='ocr_par' dir='ltr' id='par_1_17' title="bbox 1191 2631 1825 2673">
     <span class='ocr_line' id='line_1_52' title="bbox 1191 2631 1825 2673; baseline -0.002 -11"><span class='ocrx_word' id='word_1_435' title='bbox 1191 2642 1242 2671; x_wconf 89' lang='lat'>51.</span> <span class='ocrx_word' id='word_1_436' title='bbox 1262 2631 1437 2673; x_wconf 85' lang='lat' dir='ltr'>Ruzeum]</span> <span class='ocrx_word' id='word_1_437' title='bbox 1456 2633 1521 2663; x_wconf 84' lang='lat' dir='ltr'>See</span> <span class='ocrx_word' id='word_1_438' title='bbox 1538 2633 1601 2672; x_wconf 86' lang='lat' dir='ltr'>Ep.</span> <span class='ocrx_word' id='word_1_439' title='bbox 1618 2642 1692 2671; x_wconf 84' lang='lat'>493.</span> <span class='ocrx_word' id='word_1_440' title='bbox 1711 2642 1776 2671; x_wconf 85' lang='lat'>420</span> <span class='ocrx_word' id='word_1_441' title='bbox 1788 2640 1825 2662; x_wconf 82' lang='lat' dir='ltr'>n.</span> 
     </span>
    </p>

    <p class='ocr_par' dir='ltr' id='par_1_18' title="bbox 1192 2675 1786 2717">
     <span class='ocr_line' id='line_1_53' title="bbox 1192 2675 1786 2717; baseline -0.002 -10"><span class='ocrx_word' id='word_1_442' title='bbox 1192 2685 1244 2714; x_wconf 87' lang='grc'>53.</span> <span class='ocrx_word' id='word_1_443' title='bbox 1264 2675 1452 2717; x_wconf 85' lang='lat' dir='ltr'>Deloinus]</span> <span class='ocrx_word' id='word_1_444' title='bbox 1467 2676 1520 2707; x_wconf 86' lang='lat' dir='ltr'>Cf.</span> <span class='ocrx_word' id='word_1_445' title='bbox 1538 2676 1600 2716; x_wconf 91' lang='lat' dir='ltr'>Ep.</span> <span class='ocrx_word' id='word_1_446' title='bbox 1620 2677 1694 2714; x_wconf 88' lang='lat'>689.</span> <span class='ocrx_word' id='word_1_447' title='bbox 1711 2686 1786 2714; x_wconf 84' lang='lat'>4-7.</span> 
     </span>
    </p>

    <p class='ocr_par' dir='ltr' id='par_1_19' title="bbox 1192 2718 1836 2759">
     <span class='ocr_line' id='line_1_54' title="bbox 1192 2718 1836 2759; baseline 0.005 -10"><span class='ocrx_word' id='word_1_448' title='bbox 1192 2729 1243 2758; x_wconf 88' lang='lat'>59.</span> <span class='ocrx_word' id='word_1_449' title='bbox 1270 2718 1473 2755; x_wconf 72' lang='lat' dir='ltr'>Tunstallo&#39;l</span> <span class='ocrx_word' id='word_1_450' title='bbox 1490 2719 1542 2750; x_wconf 86' lang='lat' dir='ltr'>Cf.</span> <span class='ocrx_word' id='word_1_451' title='bbox 1565 2720 1629 2759; x_wconf 87' lang='lat' dir='ltr'>Ep.</span> <span class='ocrx_word' id='word_1_452' title='bbox 1646 2720 1722 2758; x_wconf 89' lang='lat'>689.</span> <span class='ocrx_word' id='word_1_453' title='bbox 1740 2720 1836 2752; x_wconf 89' lang='lat'>8-12.</span> 
     </span>
    </p>

    <p class='ocr_par' dir='ltr' id='par_1_20' title="bbox 1190 2762 1647 2802">
     <span class='ocr_line' id='line_1_55' title="bbox 1190 2762 1647 2802; baseline 0.004 -10"><span class='ocrx_word' id='word_1_454' title='bbox 1190 2764 1245 2793; x_wconf 88' lang='lat'>60.</span> <span class='ocrx_word' id='word_1_455' title='bbox 1271 2762 1475 2802; x_wconf 81' lang='lat' dir='ltr'>epistolam]</span> <span class='ocrx_word' id='word_1_456' title='bbox 1495 2763 1558 2802; x_wconf 89' lang='lat' dir='ltr'>Ep.</span> <span class='ocrx_word' id='word_1_457' title='bbox 1573 2764 1647 2802; x_wconf 87' lang='lat'>583.</span> 
     </span>
    </p>

    <p class='ocr_par' dir='ltr' id='par_1_21' title="bbox 1190 2805 1868 2847">
     <span class='ocr_line' id='line_1_56' title="bbox 1190 2805 1868 2847; baseline 0.001 -11"><span class='ocrx_word' id='word_1_458' title='bbox 1190 2807 1243 2837; x_wconf 82' lang='lat'>61.</span> <span class='ocrx_word' id='word_1_459' title='bbox 1269 2805 1435 2847; x_wconf 87' lang='lat' dir='ltr'>Linacro]</span> <span class='ocrx_word' id='word_1_460' title='bbox 1455 2807 1509 2837; x_wconf 87' lang='lat' dir='ltr'>On</span> <span class='ocrx_word' id='word_1_461' title='bbox 1530 2817 1570 2837; x_wconf 93' lang='lat'>10</span> <span class='ocrx_word' id='word_1_462' title='bbox 1585 2806 1694 2845; x_wconf 86' lang='lat' dir='ltr'>July;</span> <span class='ocrx_word' id='word_1_463' title='bbox 1714 2805 1798 2838; x_wconf 69' lang='lat' dir='ltr'>BE.4</span> <span class='ocrx_word' id='word_1_464' title='bbox 1817 2816 1868 2837; x_wconf 91' lang='lat'>10.</span> 
     </span>
    </p>

    <p class='ocr_par' dir='ltr' id='par_1_22' title="bbox 1147 2849 1912 3020">
     <span class='ocr_line' id='line_1_57' title="bbox 1191 2849 1912 2890; baseline 0.001 -11"><span class='ocrx_word' id='word_1_465' title='bbox 1191 2851 1245 2888; x_wconf 87' lang='lat'>65.</span> <span class='ocrx_word' id='word_1_466' title='bbox 1272 2849 1449 2890; x_wconf 86' lang='lat' dir='ltr'>Fratrem]</span> <span class='ocrx_word' id='word_1_467' title='bbox 1465 2850 1570 2882; x_wconf 89' lang='lat' dir='ltr'>Louis</span> <span class='ocrx_word' id='word_1_468' title='bbox 1587 2850 1688 2881; x_wconf 80' lang='lat' dir='ltr'>Bude</span> <span class='ocrx_word' id='word_1_469' title='bbox 1704 2850 1861 2890; x_wconf 82' lang='grc'><strong>(1470-</strong></span> <span class='ocrx_word' id='word_1_470' title='bbox 1872 2859 1912 2888; x_wconf 92' lang='lat'>19</span> 
     </span>
     <span class='ocr_line' id='line_1_58' title="bbox 1149 2893 1911 2932; baseline 0.001 -10"><span class='ocrx_word' id='word_1_471' title='bbox 1149 2893 1237 2924; x_wconf 91' lang='lat' dir='ltr'>Nov.</span> <span class='ocrx_word' id='word_1_472' title='bbox 1258 2894 1368 2932; x_wconf 65' lang='lat'>1517),</span> <span class='ocrx_word' id='word_1_473' title='bbox 1388 2904 1503 2924; x_wconf 83' lang='lat' dir='ltr'>canon</span> <span class='ocrx_word' id='word_1_474' title='bbox 1528 2893 1566 2924; x_wconf 91' lang='lat' dir='ltr'>of</span> <span class='ocrx_word' id='word_1_475' title='bbox 1586 2894 1747 2925; x_wconf 85' lang='lat' dir='ltr'>Auxerre</span> <span class='ocrx_word' id='word_1_476' title='bbox 1768 2894 1807 2924; x_wconf 89' lang='lat' dir='ltr'>iu</span> <span class='ocrx_word' id='word_1_477' title='bbox 1828 2901 1911 2932; x_wconf 88' lang='lat'>1513</span> 
     </span>
     <span class='ocr_line' id='line_1_59' title="bbox 1151 2935 1911 2975; baseline 0 -8"><span class='ocrx_word' id='word_1_478' title='bbox 1151 2935 1234 2970; x_wconf 57' lang='lat' dir='ltr'>(GC.</span> <span class='ocrx_word' id='word_1_479' title='bbox 1252 2937 1314 2967; x_wconf 83' lang='lat' dir='ltr'>xii.</span> <span class='ocrx_word' id='word_1_480' title='bbox 1338 2937 1422 2968; x_wconf 87' lang='lat' dir='ltr'>inst.</span> <span class='ocrx_word' id='word_1_481' title='bbox 1440 2947 1503 2967; x_wconf 82' lang='lat'>221</span> <span class='ocrx_word' id='word_1_482' title='bbox 1517 2939 1566 2975; x_wconf 51' lang='lat'>13),</span> <span class='ocrx_word' id='word_1_483' title='bbox 1586 2937 1658 2968; x_wconf 91' lang='lat' dir='ltr'>and</span> <span class='ocrx_word' id='word_1_484' title='bbox 1683 2938 1775 2967; x_wconf 88' lang='lat' dir='ltr'>later</span> <span class='ocrx_word' id='word_1_485' title='bbox 1798 2936 1911 2968; x_wconf 90' lang='lat' dir='ltr'>Arch-</span> 
     </span>
     <span class='ocr_line' id='line_1_60' title="bbox 1147 2979 1853 3020; baseline 0.001 -10"><span class='ocrx_word' id='word_1_486' title='bbox 1147 2979 1280 3011; x_wconf 88' lang='lat' dir='ltr'>deacon</span> <span class='ocrx_word' id='word_1_487' title='bbox 1298 2980 1336 3011; x_wconf 89' lang='lat' dir='ltr'>of</span> <span class='ocrx_word' id='word_1_488' title='bbox 1348 2981 1491 3020; x_wconf 85' lang='lat' dir='ltr'>Troyes.</span> <span class='ocrx_word' id='word_1_489' title='bbox 1537 2981 1599 3012; x_wconf 79' lang='lat' dir='ltr'>See</span> <span class='ocrx_word' id='word_1_490' title='bbox 1615 2980 1702 3012; x_wconf 66' lang='grc' dir='ltr'>ΒΕ*</span> <span class='ocrx_word' id='word_1_491' title='bbox 1717 2981 1748 3019; x_wconf 89' lang='lat'>6,</span> <span class='ocrx_word' id='word_1_492' title='bbox 1770 2989 1806 3011; x_wconf 90' lang='lat' dir='ltr'>n.</span> <span class='ocrx_word' id='word_1_493' title='bbox 1827 2990 1853 3011; x_wconf 90' lang='lat'>1.</span> 
     </span>
    </p>
   </div>
  </div>
 </body>
</html>
