2034 3433
100 144 200 199 987]
514 149 664 189 FROM
700 149 964 190 WILLIAM
999 149 1270 190 BUDAEUS
1598 152 1678 190 617

100 263 169 289 me
194 251 262 300 τὴν
290 252 501 302 συνείδησιν
527 254 594 302 τὴν
623 254 801 304 ἡμετέραν
829 253 1080 306 ἐξομολογεῖν,
1109 255 1275 292 tantum
1301 252 1380 292 hoc
1407 254 1516 303 opto,
1538 255 1587 292 Vt
1608 254 1677 292 ali-

97 316 263 365 quando
281 317 384 356 scire
402 317 534 368 possis
553 319 649 359 ὅπως
666 335 730 368 μοι
744 320 820 370 ἔχει
836 320 882 357 τὸ.
896 319 980 369 περὶ
996 319 1064 368 τὴν
1078 319 1301 369 συνηγορίαν
1314 319 1450 356 τούτων
1465 318 1500 356 οἳ
1514 321 1677 368 συνερεῖν

97 382 146 432 τῇ
163 383 322 433 ἡμετέρᾳ
343 385 548 435 φιλολογίᾳ
566 385 734 435 ηὔχοντο.
794 384 856 422 Tu
871 383 998 422 velim
1016 384 1067 422 ad
1087 395 1153 421 me
1172 382 1336 431 scribas,
1358 383 1396 422 si
1415 383 1514 434 quid
1534 385 1554 422 ὃ
1572 385 1676 434 ὑπερ-

98 449 252 498 αγαπῶν
271 464 316 486 σε
333 447 540 499 Ἀρχιερεὺς
559 450 772 488 ἐπέστειλὲν
790 466 864 487 σοι.
913 451 1029 487 Τοῦτο
1047 449 1119 500 γὰρ
1138 448 1304 498 κρύβδην
1323 451 1413 497 ἐμοῦ
1431 449 1585 500 ἐγένετο,
1605 448 1676 487 εἴτε
1699 466 1738 499 35

100 513 220 553 καλῶς
238 513 313 564 ἔχει
331 513 402 552 εἴτε
419 515 482 563 μή.
540 515 596 552 Τὰ
615 514 654 553 δὲ
672 515 808 553 τούτων
826 514 983 566 ἐχόμενα
1004 513 1154 551 τοιαῦτά
1174 515 1276 551 ἐστιν
1298 513 1395 551 ὥστε
1412 514 1568 562 βέλτιον
1587 513 1677 552 εἶναι

98 577 257 628 ἡγοῦμαι
276 578 431 617 ἐνταῦθα
447 581 513 617 τοῦ
531 580 689 631 γράφειν
706 580 943 629 παυσάμενον
962 579 1102 628 ἔρρωσο
1121 578 1185 615 σοὶ
1204 578 1328 625 φάναι.

151 641 324 681 Parisiis
342 645 485 694 quarto
504 644 599 683 idus
617 644 770 683 Iunias.

367 788 518 831 ⁰⁶⁸988.
578 789 707 830 FROM
740 790 922 831 ALBERT
953 799 1008 829 or
1040 788 1397 830 BRANDENBURG.

140 879 301 928 Farrago
322 895 358 928 p.
380 892 457 928 357.
1379 881 1588 919 Frankfort.

141 938 178 974 F.
197 951 233 985 p.
250 949 339 985 454:
366 940 456 975 HN:
482 940 597 976 Lond.
615 940 664 975 xi.
686 951 746 976 10:
772 931 843 976 LB.
861 950 941 985 434.
1352 950 1391 984 13
1410 939 1504 976 June
1526 950 1625 986 1519.

137 1020 247 1095 [¹1¹th
241 1021 322 1052 date
338 1022 576 1107 its]confirmed
592 1024 639 1063 by
653 1023 715 1054 the
732 1022 943 1063 impending
964 1021 1133 1062 Imperial
1149 1021 1310 1052 election.
1354 1021 1523 1053 Erasmus
1538 1022 1672 1063 replied

93 1073 140 1094 on
159 1073 198 1104 15
248 1074 337 1105 ugus
357 1090 362 1096 .

191 1164 420 1196 ALBERTVS
450 1165 757 1196 MISERATIONE
788 1164 951 1194 DIVINA
982 1163 1324 1194 SACROSANCTAE
1355 1163 1573 1194 ROMANAE

233 1233 478 1265 ECCLESIAE
508 1235 573 1266 TT.
600 1235 635 1265 S.
661 1220 948 1265 CHRYSOGONI
978 1232 1217 1264 PRAESBYT.
1244 1231 1530 1270 CARDINALIS,

261 1302 570 1333 MOGVNTINEN.
602 1303 658 1334 AC
688 1300 1070 1333 MAGDENBVRGEN.
1099 1300 1492 1339 ABCHIEPISCOPVS,

312 1371 527 1403 PRINCEPS
556 1371 768 1410 ELECTOR,
788 1369 958 1400 PRIMAS
989 1369 1044 1414 ΕΤ
1074 1368 1446 1399 ADMINISTRATOR

435 1439 813 1480 HALBERSTATEN„
847 1437 1057 1468 MARCHIO
1097 1436 1330 1466 BRANDEN-

489 1508 690 1545 BVRGEN„
711 1508 820 1547 ETC„
841 1506 1020 1537 ERASMO
1049 1505 1146 1536 ROT.
1171 1506 1204 1536 S.
1227 1505 1268 1535 D.

142 1587 375 1636 QVANQVAM
395 1588 640 1637 grauissima
658 1590 756 1627 sunt
774 1602 818 1627 ac
839 1587 1028 1626 omnium
1055 1585 1224 1624 nomine
1244 1585 1422 1624 maxime
1447 1585 1670 1625 necessaria

88 1665 192 1703 quae
213 1666 288 1690 nos
307 1666 404 1692 cura
423 1655 463 1692 et
483 1652 758 1691 sollicitudine
778 1652 960 1691 multum
983 1652 1171 1690 exercent
1189 1650 1267 1689 hoc
1286 1652 1482 1700 tempore,
1498 1651 1669 1690 Erasme

87 1717 338 1766 doctissime,
357 1720 404 1757 vt
423 1719 494 1768 qui
511 1731 597 1757 non
616 1718 769 1768 priuati
788 1717 962 1757 alicuius
989 1715 1151 1766 negocii
1177 1728 1275 1754 cura
1295 1715 1575 1762 distineamur,
1597 1715 1668 1754 sed

85 1783 293 1834 deligendi
311 1783 441 1822 totius
459 1784 570 1822 orbis
588 1783 855 1833 Imperatoris
879 1795 1049 1821 munere
1071 1781 1191 1831 fungi
1214 1793 1417 1830 cogamur,
1439 1780 1503 1818 tui
1528 1782 1667 1820 tamen

85 1848 254 1888 interim
273 1861 417 1887 sumus
435 1848 612 1899 impigre
637 1862 682 1887 ac
708 1848 884 1887 libenter
911 1859 1124 1886 memores.
1183 1846 1331 1895 Itaque
1356 1845 1463 1884 nihil
1490 1846 1665 1884 arduum
1683 1860 1703 1893 5

85 1914 185 1953 adeo
204 1913 412 1953 obuersari
430 1916 564 1963 potest
583 1913 691 1964 quod
711 1913 832 1952 nobis
851 1912 1224 1951 eruditissimarum
1244 1913 1411 1948 tuarum
1437 1909 1662 1958 literarum,

85 1979 244 2029 quoties
275 1978 371 2018 illae
404 1980 445 2017 et
477 1978 548 2018 vbi
578 1978 649 2017 vbi
686 1978 918 2025 reddantur,
954 1977 1174 2016 lectionem
1210 1975 1470 2014 interturbet.
1529 1976 1665 2026 Teque

86 2056 250 2082 oramus
281 2043 509 2093 plurimum
538 2046 586 2083 vt
614 2056 690 2082 nos
723 2042 960 2092 frequenter
993 2042 1045 2080 ad
1074 2041 1187 2080 hunc
1214 2041 1385 2079 modum
1412 2041 1661 2090 interpelles.

85 2108 177 2147 Iam
209 2108 322 2147 enim
353 2108 431 2147 tibi
459 2109 655 2159 persuade
682 2108 804 2146 toties
830 2107 1013 2146 exultare
1041 2119 1118 2145 nos
1150 2106 1309 2155 quoties
1342 2108 1457 2145 tuam
1484 2105 1663 2156 aliquam

82 2173 299 2224 epistolam
318 2173 553 2223 accipimus.
1683 2191 1724 2213 10

138 2237 188 2276 Id
209 2251 442 2288 quanquam
460 2239 504 2277 in
523 2240 563 2277 te
582 2238 799 2288 praecipue
813 2250 958 2276 verum
978 2238 1050 2284 est,
1069 2238 1209 2274 tamen
1228 2248 1313 2274 non
1330 2248 1477 2285 parum
1491 2235 1662 2274 interim

83 2303 204 2341 nobis
229 2302 361 2352 placet
386 2302 599 2341 doctorum
624 2303 853 2349 hominum,
873 2302 1143 2350 vndecunque
1169 2313 1217 2338 ea
1243 2300 1464 2348 accesserit,
1496 2300 1658 2339 noticia.

86 2368 231 2418 Itaque
262 2367 486 2405 Ricardum
514 2368 702 2416 Paceum,
734 2366 1000 2406 inuictissimi
1031 2365 1266 2415 Anglorum
1294 2364 1417 2413 Regis
1445 2367 1656 2413 oratorem,

83 2432 418 2471 commendatum
454 2432 573 2471 nobis
609 2446 682 2472 sua
713 2433 896 2482 primum
928 2432 1239 2480 virtute—quae
1271 2443 1345 2468 nec
1377 2429 1492 2479 prius
1527 2430 1661 2469 fuerat

126 2545 199 2576 987.
227 2555 279 2584 32.
311 2547 386 2576 EF:
416 2543 604 2583 συνεύδησιν
627 2546 656 2574 Ε
671 2547 780 2582 Corriy.
943 2554 994 2584 33.
1029 2543 1098 2582 ἔχει
1122 2545 1152 2573 Ε
1165 2545 1260 2573 Lond.
1280 2553 1288 2573 t
1318 2541 1394 2582 ἤχει
1417 2545 1484 2573 MS.
1501 2545 1530 2572 E
1547 2545 1658 2580 Com-2¹9.

83 2590 156 2622 988.
181 2598 244 2619 nr.
264 2597 493 2619 MISI-:RATIONE
509 2611 517 2618 .
536 2611 544 2618 .
563 2611 571 2619 .
589 2597 657 2619 Ere.
672 2590 702 2619 E
718 2599 725 2618 :
747 2597 955 2619 cuumums
970 2595 1201 2619 uoevnmssx.
1219 2589 1260 2617 H.
1395 2595 1421 2617 1.
1440 2596 1479 2616 ac
1494 2589 1540 2617 F:
1565 2588 1602 2617 at
1618 2588 1656 2617 E.

85 2644 114 2672 7.
137 2635 192 2664 H:
215 2632 460 2663 interturbent
475 2634 513 2662 E.

127 2731 201 2762 987.
215 2739 266 2769 32.
286 2728 477 2770 συνείδησιν]
490 2729 564 2760 The
574 2729 720 2769 reading
729 2729 835 2769 given
898 2729 940 2760 cf.
958 2729 1022 2768 Ep.
1044 2728 1118 2759 810.
1144 2729 1265 2768 460-2)
1286 2727 1358 2758 and
1376 2726 1448 2758 had
1469 2727 1557 2758 been
1584 2737 1656 2758 cor-

84 2777 122 2806 in
145 2774 174 2804 E
200 2773 334 2812 Corrig.
353 2774 384 2803 is
404 2773 575 2812 probably
600 2772 639 2803 of
658 2772 719 2803 the
741 2782 836 2803 same
898 2773 1017 2802 rected
1033 2772 1072 2802 in
1087 2772 1150 2802 the
1165 2773 1241 2802 text
1256 2782 1262 2801 :
1279 2771 1342 2801 but
1358 2770 1420 2801 the
1432 2770 1564 2801 editors
1581 2771 1619 2802 of
1630 2771 1657 2802 F

83 2818 264 2849 character
285 2826 322 2847 as
344 2816 424 2846 that
446 2825 492 2846 on
514 2815 537 2847 l.
555 2825 609 2855 33.
896 2815 1033 2846 treated
1060 2816 1090 2846 it
1117 2824 1154 2845 as
1180 2825 1199 2845 a
1224 2814 1481 2853 corrigendum,
1508 2813 1581 2844 and
1607 2813 1656 2845 all

123 2870 175 2901 33.
191 2859 275 2901 ἔχει]
285 2859 357 2890 The
370 2860 452 2889 note
465 2859 504 2889 in
517 2858 544 2889 Ε
556 2859 697 2899 Corrig.‚
715 2858 834 2898 (ἤχει.)
896 2859 959 2889 the
983 2859 1201 2897 subsequent
1223 2858 1298 2888 xvi⁰
1320 2857 1454 2888 editors
1481 2856 1651 2889 followed.

82 2902 264 2943 exemplar
277 2902 385 2933 habet
399 2903 407 2919 ’
424 2911 496 2933 was
516 2902 646 2942 clearly
661 2902 833 2933 intended
897 2901 949 2933 cf.
967 2902 989 2932 l.
1004 2911 1044 2940 32
1059 2911 1094 2932 n.

82 2950 117 2978 to
134 2947 290 2978 indicate
304 2945 384 2977 that
396 2945 459 2976 the
469 2945 618 2985 reading
632 2945 670 2976 of
681 2945 745 2976 the
762 2945 832 2977 MS.
938 2954 990 2984 35.
1016 2942 1209 2985 Ἀρχιερεὺς]
1226 2943 1387 2974 Poncher
1404 2953 1412 2981 ;
1434 2943 1477 2976 cf.
1496 2943 1558 2984 Ep.
1577 2954 1652 2984 924.

81 3000 152 3022 was
166 2998 290 3029 wrong
306 2988 492 3029 (probably
504 2998 524 3019 a
536 2989 700 3029 eopyist’s
714 2998 811 3020 error
826 2999 834 3027 ;
898 2998 936 3027 14
952 2998 988 3020 n.
