2034 3433
256 128 310 166 88
720 127 971 166 LETTERS
1011 125 1081 163 or
1118 124 1384 164 ERASMUs
1726 121 1847 176 [1517

254 233 479 272 dicebatur.
537 233 645 271 Nam
675 232 784 282 quod
815 232 967 269 Grecas
999 229 1160 267 litteras
1192 229 1395 279 attigerat,
1427 228 1550 267 editis
1580 228 1632 266 ab
1660 241 1708 267 eo
1740 241 1849 267 com-

254 299 472 338 mentariis
505 299 549 337 in
582 297 782 336 Paulinas
814 295 1023 346 Epistolas
1055 294 1242 343 primum
1272 294 1474 332 intellexi.
1532 294 1722 334 Fortasse
1754 307 1849 332 cum

253 364 411 414 aliquot
432 365 564 402 errata
581 366 653 401 τῶν
667 365 885 411 νεωτερικῶν
904 361 949 398 in
969 359 1096 398 sacris
1114 358 1268 397 litteris
1288 359 1624 409 deprehendisset
1646 372 1695 397 ex
1711 358 1851 397 Grecis

253 429 450 475 fontibus,
486 427 816 478 operepraecium
850 424 1014 475 putauit
1044 424 1096 462 ad
1126 424 1281 463 famam
1310 425 1536 474 parandam
1567 424 1677 474 quod
1710 423 1850 462 luscus

193 502 236 534 60
252 494 361 533 inter
394 505 532 532 caecos
564 492 684 542 paulo
717 491 868 529 clarius
901 490 1095 537 cerneret,
1130 489 1252 527 editis
1284 489 1594 528 commentariis
1627 488 1850 527 admonere

251 559 549 609 posteritatem.
610 557 698 605 Qua
723 557 767 594 in
797 569 840 593 re
868 554 994 604 probo
1016 553 1202 592 hominis
1230 553 1485 602 institutum,
1514 554 1549 592 si
1576 554 1616 592 id
1647 555 1852 604 praestare

252 624 414 673 potuit;
442 622 649 672 premium
677 621 790 659 enim
817 620 905 658 eius
931 619 991 657 rei
1009 619 1124 657 velut
1152 619 1198 657 in
1226 619 1352 657 sacris
1381 619 1680 658 certaminibus
1699 619 1849 658 victori

251 688 420 726 cuilibet
448 691 508 725 est
535 687 805 736 propositum.
865 685 944 723 Sed
965 683 1074 734 quod
1099 684 1144 721 in
1170 684 1315 722 eodem
1342 683 1475 722 stadio
1495 687 1743 733 currentem,
1766 686 1850 735 qui-

248 767 327 803 que
359 753 481 802 longe
514 751 736 790 relicturus
769 763 865 788 eum
893 749 1114 796 videretur,
1149 749 1330 798 maligne
1361 749 1626 799 supplantare
1656 750 1845 797 voluerit,

190 828 230 869 65
250 818 423 856 minime
449 817 557 855 mihi
575 817 741 856 videtur
759 817 917 854 factum
938 815 1074 864 probe,
1098 815 1254 853 nedum
1275 814 1514 864 theologice.
1574 814 1656 853 Hic
1675 816 1848 855 fortasse

248 897 298 922 ex
325 884 413 921 suis
434 882 627 921 Parrisiis
654 882 798 920 orbem
826 883 1032 919 terrarum
1058 881 1243 928 metitur,
1266 880 1338 918 vbi
1359 893 1596 930 quanquam
1620 880 1779 930 aliquot
1803 881 1848 919 in

247 949 392 998 lingua
416 948 568 986 Graeca
597 946 857 986 doctissimos
885 947 927 984 et
955 945 1142 984 seculum
1170 947 1366 984 ornantes
1395 948 1587 984 nostrum
1611 946 1737 994 videt,
1765 959 1848 985 non

247 1026 338 1052 eam
367 1013 435 1051 vel
456 1012 617 1062 copiam
647 1012 789 1051 Grecis
818 1010 968 1050 litteris
996 1024 1163 1061 operam
1193 1011 1394 1057 dantium,
1427 1011 1495 1049 vel
1522 1024 1619 1049 eum
1648 1011 1848 1050 honorem

246 1078 313 1116 his
345 1078 549 1125 habitum,
582 1079 629 1115 vt
664 1079 797 1127 speret
831 1076 1053 1126 aliquando
1086 1076 1313 1114 redituram
1345 1076 1522 1125 priscam
1556 1077 1843 1117 eruditionem.

192 1164 230 1195 70
247 1144 388 1193 Atque
407 1143 499 1182 ideo
515 1143 605 1181 fieri
624 1145 757 1193 potest
773 1144 819 1180 vt
838 1142 888 1180 ad
908 1142 1136 1180 editionem
1156 1142 1280 1180 fuerit
1300 1142 1489 1191 paratior,
1510 1142 1621 1192 quod
1641 1142 1848 1193 deplorate

246 1209 503 1259 posteritatis
532 1222 749 1247 censuram
778 1221 864 1247 non
891 1210 955 1246 est
974 1207 1142 1246 veritus.
1200 1209 1260 1246 At
1283 1208 1319 1245 si
1345 1208 1488 1247 scisset
1509 1221 1634 1258 quam
1660 1222 1774 1248 nunc
1801 1209 1847 1247 in

245 1275 381 1323 Italia,
407 1275 640 1322 Germania,
664 1274 868 1324 Hispania
887 1274 1037 1312 florent
1056 1286 1103 1312 ea
1121 1273 1270 1321 studia,
1295 1286 1345 1311 ex
1364 1273 1533 1313 Horatii
1550 1276 1652 1324 puto
1671 1274 1848 1313 consilio

244 1340 396 1379 librum
416 1353 575 1379 nonum
595 1340 809 1391 pressisset
823 1339 867 1378 in
882 1352 1042 1378 annum
1058 1353 1067 1385 ;
1095 1339 1178 1377 nisi
1193 1338 1301 1377 forte
1316 1338 1432 1377 illam
1449 1339 1664 1389 vtriusque
1680 1339 1849 1389 linguae

243 1405 436 1455 peritiam
470 1408 533 1444 est
563 1406 748 1454 adeptus,
780 1407 827 1444 vt
856 1417 1077 1454 prouocare
1110 1404 1242 1453 magis
1270 1417 1396 1454 quam
1424 1405 1570 1443 timere
1600 1405 1846 1456 cuiusquam

187 1491 225 1523 75
244 1483 462 1509 censuram
483 1470 679 1509 debuerit.
732 1471 866 1519 Quam
885 1483 939 1508 an
959 1469 1014 1507 sit
1034 1471 1326 1519 consequutus,
1347 1469 1524 1509 aliorum
1545 1471 1599 1508 sit
1617 1470 1845 1517 iudicium;

243 1535 410 1574 nullum
434 1536 547 1574 enim
572 1535 818 1574 eruditionis
844 1534 933 1573 eius
953 1534 998 1573 in
1019 1547 1066 1572 eo
1085 1547 1235 1584 genere
1262 1536 1472 1585 specimen
1492 1541 1627 1585 preter
1646 1536 1845 1575 Paulinas

242 1600 450 1651 Epistolas
470 1601 576 1640 mihi
594 1601 734 1639 videre
754 1600 939 1650 contigit.

297 1666 454 1704 Verum
474 1667 686 1705 enimuero
703 1666 795 1716 quis
814 1679 897 1703 non
912 1665 1027 1703 videt
1042 1665 1152 1703 vnde
1170 1665 1269 1703 haec
1285 1667 1347 1704 est
1362 1667 1451 1704 orta
1470 1666 1710 1716 malignitas
1723 1667 1743 1705 ἵ)
1781 1667 1843 1705 Tu

242 1744 375 1781 nuper
406 1732 530 1770 editis
564 1731 607 1769 in
641 1731 809 1770 Nouum
839 1731 1151 1769 Testamentum
1182 1731 1522 1770 annotationibus
1551 1733 1728 1771 Graecos
1757 1745 1843 1771 non

184 1810 226 1841 80
244 1797 369 1835 modo
388 1797 587 1847 aperuisti
614 1797 751 1836 fontes
776 1796 873 1835 huic
900 1797 1044 1834 nostro
1065 1796 1215 1844 seculo,
1240 1809 1386 1835 verum
1414 1799 1501 1835 tam
1526 1797 1610 1835 alte
1636 1798 1782 1836 cuncta
1801 1811 1844 1836 es

242 1861 416 1900 rimatus
435 1864 481 1901 vt
500 1862 608 1900 nihil
628 1875 651 1901 a
671 1862 819 1912 quouis
838 1863 1095 1909 annotatum,
1114 1862 1222 1911 quod
1245 1863 1575 1912 operepraecium
1595 1863 1676 1902 fuit
1694 1863 1842 1913 legere,

242 1940 327 1965 non
354 1930 441 1966 tam
467 1930 605 1966 exacte
632 1927 860 1966 excusseris
888 1929 934 1966 vt
955 1926 1063 1965 nihil
1089 1927 1281 1977 cuiquam
1304 1927 1449 1966 feceris
1475 1928 1693 1978 reliquum.
1753 1928 1842 1977 Quo

240 1994 287 2030 tu
312 1993 650 2032 lucubrationum
676 1995 843 2032 tuarum
870 1992 1099 2042 splendore,
1121 1993 1238 2031 velut
1263 1993 1326 2031 sol
1351 1993 1488 2032 oriens
1517 1994 1657 2034 stellas
1685 1993 1839 2042 condit,

241 2058 411 2097 caeteris
440 2072 489 2096 ex
517 2072 564 2097 ea
591 2072 633 2097 re
660 2059 818 2097 famam
845 2060 941 2096 ante
969 2060 1086 2097 tuam
1113 2057 1342 2097 editionem
1368 2059 1632 2108 captantibus
1655 2062 1844 2099 aeternas

183 2136 222 2176 85
242 2123 429 2162 offudisti
462 2124 663 2164 tenebras.
723 2124 790 2162 Ita
821 2123 1038 2174 gloriolam
1068 2136 1193 2173 quam
1226 2124 1409 2162 editione
1443 2137 1518 2162 sua
1548 2125 1839 2175 aucupabatur,

239 2188 318 2226 sibi
348 2189 413 2227 vel
445 2191 630 2239 ereptam
661 2189 728 2228 vel
760 2189 1034 2228 imminutam
1068 2189 1190 2228 dolet.
1247 2189 1327 2227 Sed
1366 2189 1565 2239 gratulari
1596 2190 1731 2240 magis
1767 2204 1843 2230 suo

239 2254 402 2292 saeculo
431 2254 590 2304 debuit,
614 2269 695 2305 quo
725 2255 859 2305 prisca
891 2254 1148 2304 repullulant
1179 2254 1327 2302 studia,
1361 2268 1485 2304 quam
1514 2268 1657 2294 eorum
1683 2256 1842 2296 imitari

240 2332 398 2357 morem
427 2321 499 2369 qui
528 2321 758 2370 peruicacia
786 2320 963 2370 quadam
997 2319 1148 2358 nolunt
1180 2320 1331 2369 cedere,
1364 2333 1460 2359 cum
1491 2321 1742 2360 contendere
1768 2335 1841 2371 per

239 2383 569 2424 imbecillitatem
590 2399 675 2424 non
694 2388 880 2435 possunt.
933 2385 1012 2423 Sed
1033 2385 1133 2435 quid
1156 2399 1239 2424 non
1260 2386 1356 2424 facit
1375 2385 1580 2424 ambitio?
1608 2387 1676 2425 hic
1695 2386 1839 2426 huma-

180 2471 222 2502 90
240 2462 343 2488 num
372 2449 545 2499 impegit
572 2450 616 2488 in
645 2450 809 2490 vicium.
870 2451 1010 2490 Tuum
1040 2464 1130 2489 esse
1157 2451 1333 2490 arbitror
1360 2454 1432 2490 τῶν
1459 2452 1623 2503 γνησίων
1652 2452 1839 2504 θεολόγων

239 2528 352 2553 more
381 2515 601 2565 ignoscere.
662 2516 775 2555 Illud
805 2529 898 2566 egre
925 2516 1023 2565 fero,
1047 2517 1157 2566 quod
1180 2517 1282 2555 dum
1306 2516 1404 2555 huic
1428 2516 1678 2567 Apologiam
1702 2530 1839 2568 paras,

238 2579 439 2619 iacturam
468 2580 612 2619 feceris
647 2581 845 2631 temporis
874 2595 955 2631 quo
984 2582 1118 2631 magis
1144 2582 1318 2631 posteris
1348 2582 1563 2632 profutura
1593 2583 1835 2633 scripsisses.

281 2677 333 2715 58.
360 2680 413 2708 H:
438 2678 644 2708 νεοτιστικῶν
659 2690 679 2708 α
695 2690 702 2710 :
725 2678 913 2717 νεοτερικῶν
929 2681 967 2710 D.
1089 2679 1144 2709 60.
1168 2688 1266 2721 cecos
1282 2678 1316 2708 αἳ
1332 2691 1339 2709 :
1363 2689 1460 2710 cecos
1474 2680 1519 2711 αῙ.
1640 2680 1694 2721 63.
1717 2681 1836 2713 stadio

237 2731 256 2748 α
269 2722 298 2749 F
313 2723 447 2759 Corriq.:
472 2722 591 2752 studio
608 2725 646 2753 D.
747 2723 800 2761 64.
826 2731 909 2753 eum
926 2732 983 2752 mn.
1000 2724 1039 2753 D.
1151 2723 1205 2760 65.
1229 2721 1279 2752 (1²2
1306 2722 1467 2754 fortassis
1482 2723 1527 2754 al.
1633 2726 1685 2763 67.
1711 2724 1836 2765 lingua

237 2762 290 2794 a2:
317 2763 413 2802 ligno
429 2763 474 2795 αῙ.
574 2764 628 2797 a²z
653 2775 757 2804 greca
775 2765 820 2796 al.
965 2775 1016 2804 73.
1042 2764 1095 2797 0²:
1120 2765 1242 2805 lingue
1257 2764 1302 2797 al.
1447 2776 1499 2806 75.
1525 2770 1767 2807 consequutus
1781 2768 1833 2800 a2:

237 2809 489 2837 consecuturus
500 2807 545 2839 al.
638 2811 689 2847 76.
705 2811 752 2841 D:
771 2809 965 2848 specimem
981 2820 1011 2839 α.
1103 2809 1156 2847 87.
1174 2812 1202 2838 D
1217 2819 1225 2838 ι
1240 2809 1447 2849 repululant
1459 2822 1490 2842 α.
1566 2811 1619 2842 88.
1636 2812 1836 2852 peruicacia

240 2862 276 2881 a:
312 2850 509 2923 pertinacia
535 2854 572 2882 D.
759 2853 812 2891 89.
848 2853 987 2892 possint
1013 2855 1050 2883 F.
1234 2862 1288 2891 90.
1325 2854 1465 2892 γνησίων
1491 2857 1567 2886 add.
1596 2854 1642 2894 αἳ,
1672 2859 1708 2886 in
1733 2859 1834 2893 spatio

237 2903 330 2923 vacuo
345 2903 376 2923 re
389 2904 416 2924 zc
429 2904 455 2925 ο.

281 2982 332 3020 56.
358 2982 640 3023 commentariis]
658 2982 721 3013 See
739 2983 803 3022 Ep.
817 2993 893 3022 304.
911 2984 954 3023 89
966 2993 1001 3014 n.
1113 2993 1164 3022 72.
1190 2983 1353 3025 Horatii]
1370 2988 1411 3016 A.
1424 2988 1455 3017 Ρ.
1475 2986 1550 3025 388.
