2034 3433
270 120 350 158 220
735 124 985 163 LETTERS
1024 123 1093 162 oF
1132 123 1395 162 ERASMus
1739 122 1863 176 [15Ιὸ

269 224 466 273 sinamus,
498 227 569 276 qui
603 226 690 264 solo
719 227 877 275 impetu
915 225 1154 264 animorum
1182 225 1383 264 damnant
1411 228 1484 263 aut
1522 225 1710 275 probant,
1742 227 1865 264 etiam

268 288 338 326 illa
383 303 484 339 quae
527 291 716 328 nondum
754 291 993 339 cognorunt.
1063 290 1244 329 Fabrum
1282 290 1421 339 ipsum
1459 289 1650 338 demiror,
1686 290 1867 339 primuni

270 353 341 402 qui
360 353 418 392 sic
439 355 483 392 in
504 368 571 392 me
593 355 830 393 debacchari
857 354 1049 393 animum
1067 354 1293 403 induxerit,
1317 354 1467 392 deinde
1493 355 1566 404 qui
1591 367 1675 392 non
1694 354 1870 403 priuatis

271 417 418 456 saltem
442 419 592 457 litteris
621 433 664 457 se
686 419 795 456 mihi
813 419 879 456 vel
903 420 1051 469 purget
1069 419 1137 458 vel
1157 419 1360 458 defendat.
1419 419 1535 467 Quod
1556 419 1594 456 si
1613 418 1800 457 Standiis
1819 420 1868 457 ad

236 499 252 528 5
271 482 401 521 istum
421 497 488 522 me
508 484 737 522 lacessisset
757 485 941 532 modum,
960 484 1082 533 longe
1101 485 1225 522 aliter
1239 484 1406 522 beluam
1425 484 1682 534 accepissem.
1738 483 1869 522 Fabro

271 560 368 585 sane
397 561 521 598 quam
560 549 724 587 inuitus
753 548 959 598 respondi,
990 549 1206 599 multaque
1244 549 1341 587 dedi
1377 548 1507 588 veteri
1544 550 1709 587 nostrae
1737 560 1870 587 neces-

271 612 456 650 situdini.
504 613 660 651 Verum
682 626 766 651 non
787 627 916 664 vsque
936 614 1036 653 adeo
1055 614 1165 652 mihi
1185 615 1247 652 est
1266 615 1426 652 amicus
1440 615 1486 653 vt
1505 614 1549 652 in
1569 613 1682 652 illius
1695 612 1872 662 gratiam

271 675 403 714 hostis
432 677 647 727 dignitatis
676 678 842 726 Christi,
876 681 917 717 et
944 679 1207 729 propheticae
1234 678 1541 729 intelligentiae
1569 679 1805 727 subuersor,
1831 681 1872 716 et

272 740 498 780 iudeorum
522 742 660 781 fautor
679 756 767 782 esse
788 744 1023 784 debuerim:
1052 744 1295 794 praesertim
1316 757 1412 782 cum
1430 743 1503 782 ille
1523 743 1635 793 prior
1663 742 1871 782 amiciciae

217 823 230 843 2
271 806 361 844 iura
380 808 587 846 violasset.

327 871 492 910 Nouum
521 873 838 913 Testamentum
866 876 1002 914 denuo
1028 875 1206 913 summis
1234 875 1442 913 laboribus
1469 875 1700 924 recognoui.
1758 873 1809 912 Id
1828 877 1874 912 vt

271 936 429 986 aedam,
453 951 565 976 nunc
591 941 663 977 aut
692 939 905 979 Basileam
932 943 1003 979 aut
1021 941 1218 979 Venetias
1243 940 1398 979 adorno
1424 940 1734 990 profectionem.
1794 939 1874 978 His

271 1002 367 1040 fatis
396 1006 520 1041 natus
549 1017 656 1053 sum,
691 1005 752 1043 mi
780 1005 972 1053 Bouille;
1011 1006 1082 1044 sed
1111 1019 1196 1044 non
1232 1007 1393 1056 oportet
1432 1007 1638 1057 θεομαχεῖν.
1697 1004 1875 1043 Reddita

272 1069 334 1105 est
362 1068 470 1106 mihi
498 1082 522 1107 a
551 1070 675 1108 Graio
703 1071 877 1120 epistola
905 1071 987 1118 sed,
1009 1074 1056 1110 vt
1083 1071 1259 1120 videtur,
1288 1071 1479 1110 Lutetiae
1505 1072 1667 1120 scripta.
1725 1070 1876 1108 Petrus

217 1150 253 1180 25
273 1133 479 1183 Aegidius
497 1135 636 1173 nescio
657 1135 724 1174 cui
743 1137 955 1174 commisit
971 1137 1090 1175 Croci
1104 1137 1155 1176 ad
1175 1150 1242 1175 me
1257 1137 1417 1175 litteras
1434 1151 1443 1185 ;
1473 1149 1618 1175 verum
1633 1136 1669 1174 is
1689 1135 1876 1186 quisquis

272 1199 335 1236 est
358 1211 444 1237 non
467 1200 660 1238 reddidit.
717 1201 828 1239 Eum
851 1202 956 1240 meis
980 1202 1119 1241 verbis
1144 1201 1343 1241 salutabis
1370 1202 1603 1251 diligenter,
1624 1203 1747 1251 atque
1773 1200 1875 1239 item

275 1264 448 1303 Graium
477 1265 712 1314 optimum;
741 1267 808 1305 cui
837 1267 1022 1306 narrabis
1051 1268 1100 1306 de
1122 1268 1268 1306 itinere
1297 1281 1399 1316 ineo,
1423 1267 1614 1305 nondum
1640 1267 1741 1306 satis
1765 1270 1876 1304 certo

274 1330 368 1367 vtro
388 1330 443 1368 sit
466 1330 781 1370 intendendum.
840 1333 1048 1372 Salutabis
1073 1334 1229 1372 amicos
1255 1333 1424 1381 omneis,
1448 1333 1706 1381 Vachanum,
1729 1331 1877 1371 Omfri-

275 1394 388 1441 dum,
411 1395 628 1445 Brianum,
651 1396 908 1437 Watsonum
930 1401 971 1437 et
998 1399 1231 1438 Gerardum
1255 1398 1476 1448 hospitem,
1499 1398 1616 1436 cuius
1638 1398 1730 1435 laus
1748 1399 1811 1435 est
1831 1396 1876 1434 in

217 1477 230 1493 o
274 1460 488 1510 Apologia,
512 1461 608 1500 licet
628 1463 823 1513 ἀνώνυμος.
880 1463 973 1503 Iam
992 1465 1108 1503 adest
1127 1464 1306 1503 Louanii
1320 1464 1555 1502 litterarum
1575 1463 1877 1501 Hebraicarum

275 1525 480 1575 professor
507 1526 628 1577 longe
654 1528 920 1567 doctissimus
942 1529 1069 1568 huius
1095 1530 1189 1577 eui;
1220 1532 1283 1568 est
1311 1529 1382 1579 qui
1407 1531 1449 1567 et
1469 1529 1599 1567 Grece
1619 1527 1875 1578 profiteatur.

277 1589 373 1629 Huc
401 1591 531 1640 igitur
559 1592 753 1631 aduolent
782 1594 854 1643 qui
877 1594 1097 1644 trilingues
1125 1608 1213 1633 esse
1240 1594 1398 1634 volunt.
1456 1594 1571 1632 Bene
1599 1593 1705 1638 vale,
1731 1591 1874 1639 amice,

276 1657 447 1705 patrone
466 1658 508 1694 et
527 1660 810 1707 propugnator
829 1659 958 1698 vnice.
1015 1659 1269 1710 Antuerpiae
1291 1657 1330 1711 [3
1354 1672 1448 1697 non.
1470 1655 1620 1709 Mart.].

656 1798 851 1855 τ44778810
911 1799 976 1842 ΤΟ
1008 1799 1230 1841 WILLIAM
1264 1800 1500 1841 BUDAEUs.

326 1896 515 1931 Deveuter
534 1896 610 1931 MS.
629 1906 685 1941 91,
703 1896 730 1932 f.
752 1907 765 1932 1
788 1897 849 1942 (a).
1540 1894 1715 1930 Louvain.

325 1953 368 1989 D.
388 1966 423 1999 p.
443 1956 484 1989 8:
511 1953 551 1990 E.
573 1966 608 1999 p.
627 1965 671 1999 3:
700 1954 740 1989 F.
760 1967 796 2000 p.
820 1964 909 2000 173:
936 1954 1053 1990 Lond.
1071 1953 1124 1989 iii.
1145 1964 1208 2000 51:
1398 1964 1443 1988 22
1461 1953 1655 1998 February
1676 1952 1829 1999 (1518).

421 2012 493 2048 LB.
515 2022 594 2058 305.

326 2071 514 2116 Apologia
531 2071 579 2106 ad
596 2070 624 2104 F
627 2070 758 2105 abrum
777 2071 821 2106 f0.
841 2072 876 2106 03
896 2071 961 2116 (Β).

325 2152 388 2193 [111
409 2152 471 2183 the
497 2151 678 2183 Deventer
699 2153 924 2192 manuscript
949 2152 1013 2183 the
1036 2162 1124 2192 copy
1149 2152 1196 2192 by
1216 2151 1327 2183 Hand
1350 2151 1376 2182 C
1401 2150 1621 2191 (Nep0s2a1)
1645 2151 1676 2182 is
1698 2151 1880 2191 profusely

281 2196 462 2227 corrected
489 2196 561 2226 and
587 2196 756 2236 enlarged
780 2197 828 2236 by
849 2196 1018 2227 Erasmus
1036 2195 1114 2237 (αἳ).
1170 2195 1320 2226 Besides
1346 2195 1410 2226 the
1435 2204 1610 2234 sequence
1637 2195 1675 2225 of
1697 2195 1878 2226 Erasmus'

282 2242 437 2277 Epistulae
466 2240 540 2270 this
567 2240 674 2270 letter
700 2239 773 2270 also
799 2249 948 2280 appears
973 2240 1013 2270 in
1037 2249 1083 2270 an
1107 2239 1244 2270 edition
1271 2238 1309 2269 of
1335 2239 1394 2269 his
1417 2238 1579 2278 Apology
1605 2238 1746 2279 against
1768 2238 1880 2270 Faber

283 2283 518 2323 stapulensis,
551 2283 722 2323 Louvain,
753 2284 818 2315 Th.
851 2284 1021 2323 Martens,
1051 2294 1121 2314 3.(1.
1139 2283 1204 2324 (β).
1263 2283 1397 2322 Except
1424 2283 1480 2313 for
1509 2292 1529 2313 a
1556 2284 1625 2313 few
1654 2282 1815 2313 variants
1845 2283 1883 2313 of

283 2329 328 2358 its
345 2337 438 2366 own,
457 2327 643 2367 obviously
659 2337 756 2358 mere
774 2327 984 2367 oversights‚
1006 2327 1076 2358 and
1101 2336 1121 2358 a
1143 2326 1258 2366 single
1280 2326 1510 2366 misspelling
1529 2326 1567 2367 (1.
1587 2328 1678 2366 349),
1697 2327 1720 2360 β
1741 2326 1880 2356 cleaves

283 2374 318 2401 to
335 2370 382 2401 D1
399 2371 538 2410 against
553 2382 573 2400 α
588 2370 661 2401 and
677 2371 817 2411 against
834 2370 884 2401 all
899 2371 963 2401 the
978 2371 1084 2401 other
1094 2370 1240 2411 printed
1251 2370 1419 2410 editions,
1435 2370 1604 2409 differing
1617 2369 1708 2400 with
1725 2368 1771 2399 D1
1787 2369 1881 2401 from

283 2414 328 2444 D2
344 2416 383 2445 in
401 2424 467 2445 one
481 2414 630 2454 reading
648 2414 686 2455 (l.
704 2415 796 2455 242),
814 2415 886 2445 and
908 2414 1144 2454 reproducing
1163 2416 1233 2444 two
1255 2423 1369 2444 errors
1387 2412 1425 2443 of
1447 2413 1492 2444 Dl
1516 2413 1637 2443 which
1659 2411 1706 2443 1)2
1727 2416 1880 2444 corrects

284 2457 339 2496 (ll.
355 2467 409 2497 42,
421 2458 513 2498 315).
563 2458 599 2488 It
616 2460 646 2488 is
661 2458 764 2499 clear,
784 2458 973 2498 therefore,
993 2458 1073 2489 that
1089 2467 1155 2489 one
1171 2458 1210 2488 of
1224 2457 1326 2488 these
1345 2459 1427 2496 two,
1446 2458 1469 2491 β
1483 2456 1555 2487 and
1567 2455 1624 2496 D1‚
1645 2465 1718 2487 was
1734 2457 1880 2496 printed

283 2504 374 2532 from
391 2502 454 2532 the
467 2502 576 2533 other.

326 2545 372 2575 In
390 2545 507 2585 BEr.2,
527 2548 710 2576 Admonitio
724 2549 787 2583 eta,
806 2555 838 2584 p.
860 2554 932 2585 103,
952 2545 1015 2585 Ep.
1035 2555 1109 2584 794.
1127 2554 1167 2584 47
1185 2545 1215 2575 is
1236 2544 1331 2574 cited
1352 2545 1389 2574 to
1410 2543 1508 2574 show
1531 2543 1612 2574 that
1627 2545 1650 2578 β
1667 2545 1767 2574 must
1788 2543 1880 2575 have.

284 2589 372 2619 been
389 2589 536 2628 printed
554 2589 600 2628 by
616 2590 637 2619 6
653 2589 775 2620 March
796 2589 888 2628 1518,
904 2590 1003 2619 since
1019 2589 1121 2619 there
1139 2598 1199 2618 are
1216 2587 1303 2627 only
1320 2588 1400 2617 four
1415 2588 1576 2626 separate
1592 2587 1750 2618 editions
1767 2587 1805 2618 of
1817 2588 1880 2618 the

328 2711 401 2744 777.
430 2721 480 2751 14.
507 2711 686 2752 Standiis]
705 2711 759 2743 Cf.
778 2712 842 2752 Ep.
859 2712 934 2744 608.
957 2721 995 2750 14
1010 2721 1044 2743 n.
1159 2721 1210 2750 30.
1237 2710 1423 2752 Apologia]
1435 2714 1645 2743 acZFalnum:
1666 2712 1881 2752 ‘bibliopola

327 2764 379 2793 24.
405 2755 530 2796 Graio]
547 2756 601 2787 Cf.
620 2755 684 2795 Ep.
704 2756 777 2793 768.
798 2764 836 2794 15
849 2765 885 2787 11.
1116 2756 1297 2794 quispiam
1319 2756 1456 2785 amicus
1481 2755 1596 2794 magis
1614 2765 1722 2795 quam
1742 2755 1878 2787 littera-

327 2800 379 2830 26.
406 2809 478 2830 non
509 2799 682 2839 reddidit]
718 2799 805 2829 This
833 2800 863 2829 is
894 2799 1050 2839 perhaps
1116 2799 1200 2829 tus.'
1248 2798 1318 2830 LB.
1336 2798 1383 2830 ix.
1403 2809 1446 2828 20
1458 2808 1485 2829 c.

285 2842 370 2880 only
391 2852 410 2872 a
431 2843 528 2882 piece
549 2843 586 2873 of
606 2851 704 2872 more
728 2853 767 2873 or
788 2843 856 2873 less
876 2844 1050 2874 innocent
1202 2842 1482 2883 Hebraicarum]
1501 2842 1603 2873 Matt.
1629 2842 1793 2882 Adrian;
1824 2852 1879 2874 see

285 2884 550 2916 dissimulation
568 2896 577 2925 ;
599 2886 643 2917 cf.
662 2885 723 2925 Ep.
746 2895 819 2926 712.
837 2895 880 2925 29
890 2896 925 2917 n.
1113 2894 1147 2924 p.
1169 2887 1240 2916 108.

328 2938 379 2967 29.
404 2929 621 2970 Gerardum]
644 2928 697 2960 Cf.
716 2929 779 2969 Ep.
799 2931 873 2968 456.
891 2930 952 2959 281
968 2939 1004 2961 11.
1157 2938 1209 2968 31.
1236 2928 1364 2969 Grece]
1387 2928 1562 2969 Probably
1578 2929 1725 2959 Rescius
1746 2938 1818 2960 was
1840 2930 1877 2959 111

371 2973 472 3004 cuius
482 2972 573 3013 laus]
591 2972 642 3003 Cf.
658 2982 677 3002 2
695 2972 774 3004 Cor.
792 2974 821 3004 8.
844 2974 892 3004 18.
1115 2971 1174 3003 his
1191 2972 1293 3003 mind
1308 2983 1316 3011 ;
1339 2973 1382 3003 cf.
1400 2973 1487 3012 Epp.
1503 2974 1578 3012 691.
1593 2981 1632 3012 15
1645 2982 1694 3012 n.,
1713 2973 1788 3010 805.
