2034 3433
301 153 382 191 426
762 151 1011 190 LETTERS
1050 150 1120 189 OF
1157 150 1423 190 ERASMUS
1769 149 1808 204 [1
1819 163 1839 200 5
1849 164 1863 188 1
1873 154 1896 188 8

302 256 373 306 qui
407 257 514 295 mihi
547 269 669 305 supra
702 255 874 293 modum
907 254 1053 304 placet.
1116 254 1296 293 Posthac
1329 257 1372 293 et
1405 254 1614 293 medicum
1646 255 1737 292 fieri
1768 255 1896 296 iuuat.

301 322 568 361 Decimarum
606 320 825 370 negocium
855 319 1102 358 Germaniae
1140 332 1226 358 non
1261 320 1406 369 placet.
1467 318 1638 369 Egregie
1667 320 1829 359 τείνουσι
1856 323 1900 360 τὸ

303 387 483 425 καλώδιον
502 386 602 424 οὗτοι
620 386 881 436 πολυμήχανοι
901 384 1031 422 Μίδαι.
1083 385 1197 422 Bene
1211 385 1313 433 vale,
1330 384 1570 423 doctissime
1590 385 1731 423 Pacee.
1783 385 1899 425 Lina-

245 468 281 501 15
301 465 419 491 crum
439 451 544 490 meis
570 450 708 489 verbis
733 450 877 498 saluta,
901 459 941 488 et
967 450 1018 488 ad
1044 449 1221 499 reliquas
1246 462 1340 488 suas
1366 449 1673 488 lucubrationes
1699 449 1903 490 aedendas

301 516 513 556 extimula.
573 515 760 554 Louanii.
784 527 841 553 XI.
861 515 1029 554 Oalend.
1054 514 1256 553 Nouemb.
1281 517 1407 554 Anno
1427 527 1642 554 M.D.XV111.

505 692 601 733 888.
661 691 726 733 To
756 691 989 745 <W1LL1AM
1022 665 1226 742 BLoiJNT‚
1257 690 1386 732 LoRD
1417 690 1700 744 MOUNTJOY>.

348 793 535 830 Deventer
551 793 629 828 MS.
649 804 705 838 91,
726 794 751 828 f.
771 803 813 839 25
835 799 885 828 v0.
1566 791 1746 827 Louvain.

349 852 421 887 LB.
439 853 535 898 App.
554 862 635 897 297.
1458 861 1502 896 23
1520 850 1682 887 October
1702 849 1856 896 (1518).

581 945 739 986 [Leclerc
755 946 786 975 is
802 944 936 984 clearly
952 944 1049 985 right
1066 944 1104 975 in
1122 943 1333 984 addressing
1348 945 1386 975 to
1403 942 1620 984 Mountjoy]

357 1032 396 1071 S.
412 1032 473 1079 P„
506 1032 721 1070 Moecenas
759 1031 1070 1081 benignissime.
1131 1031 1234 1080 Quis
1281 1030 1463 1070 crederet
1498 1031 1578 1070 hoc
1613 1029 1906 1080 corpusculum

303 1099 364 1136 tot
384 1096 507 1136 malis
526 1097 809 1146 suffecturum,
833 1098 895 1135 tot
913 1096 1134 1136 itineribus
1160 1097 1428 1145 difficillimis,
1453 1099 1570 1136 tanto
1592 1096 1700 1135 estui
1720 1096 1808 1147 (qui
1826 1095 1906 1134 fuit

302 1163 409 1212 apud
439 1162 694 1201 Basilienses
727 1175 896 1212 prorsus
929 1162 1232 1211 intolerabilis),
1266 1164 1328 1201 tot
1356 1161 1582 1212 laboribus,
1619 1164 1682 1200 tot
1715 1161 1907 1200 morbis?

304 1227 413 1266 Nam
446 1227 634 1266 Basileae
667 1227 750 1266 fere
782 1229 981 1277 perpetuo
1012 1227 1221 1278 egrotaui;
1262 1228 1449 1278 primum
1479 1227 1631 1277 pituita
1665 1226 1830 1266 diutina
1861 1239 1906 1265 ac

266 1314 283 1345 5
304 1292 535 1342 pestilente,
560 1293 713 1343 quippe
747 1306 851 1343 quae
884 1306 969 1331 non
1003 1306 1156 1343 paucos
1188 1293 1434 1343 absumpsit,
1458 1306 1557 1331 mox
1592 1291 1830 1343 dysenteria
1861 1304 1906 1330 ac

304 1358 535 1408 periculoso
563 1358 648 1396 alui
678 1358 896 1408 profluuio.
957 1359 1265 1408 Pretergressus
1295 1358 1512 1398 Coloniam
1546 1357 1655 1397 belle
1685 1357 1902 1403 habebam,

305 1427 347 1463 et
379 1425 513 1462 letum
540 1425 650 1463 mihi
678 1424 859 1464 reditum
889 1425 939 1463 ad
970 1424 1149 1463 Louanii
1177 1424 1342 1463 relictos
1369 1424 1571 1463 amiculos
1594 1422 1902 1474 promittebam.

306 1490 361 1527 Et
381 1503 472 1527 ecce
492 1489 541 1528 de
562 1492 731 1539 repente
750 1490 796 1528 in
817 1490 1008 1529 subitum
1027 1490 1203 1528 exitium
1223 1490 1434 1529 coniectus
1455 1503 1574 1537 sum3
1604 1489 1662 1528 sic
1683 1488 1908 1528 destitutus

307 1555 502 1593 omnibus
540 1555 702 1593 viribus
740 1558 788 1594 vt
837 1555 965 1593 morti
1002 1555 1217 1604 proximus
1261 1569 1408 1594 essem.
1478 1555 1600 1594 Solus
1630 1555 1803 1594 'animus
1839 1566 1906 1592 me

249 1642 288 1664 10
306 1633 523 1670 nunquam
551 1620 755 1659 destituit.
816 1620 1049 1660 Louanium
1078 1621 1319 1671 deportatus
1345 1634 1440 1659 sum
1466 1634 1561 1659 cum
1581 1620 1716 1658 tribus
1736 1618 1908 1657 hulceri-

306 1685 393 1732 bus,
417 1699 500 1724 vno
535 1685 612 1724 sub
643 1699 742 1724 coxa
771 1685 877 1734 leua,
910 1687 1039 1725 altero
1069 1686 1114 1724 in
1143 1686 1317 1737 inguine
1347 1687 1503 1734 dextro,
1540 1686 1668 1725 tercio
1698 1685 1744 1724 in
1775 1687 1904 1734 tergo.

307 1751 408 1790 Erat
441 1753 483 1789 et
515 1751 634 1801 glans
664 1751 841 1801 predura
870 1752 914 1789 in
943 1751 1117 1802 inguine
1146 1752 1328 1800 sinistro,
1352 1765 1432 1802 que
1460 1751 1651 1790 nondum
1675 1752 1763 1790 tota
1788 1749 1903 1788 abiit.

308 1816 501 1866 Chirurgi
521 1816 612 1854 rduo
640 1819 801 1866 pestem
831 1831 920 1856 esse
949 1818 1252 1856 asseuerabant.
1311 1817 1463 1856 Medici
1491 1818 1698 1868 negabant
1730 1816 1774 1854 in
1808 1815 1907 1853 lotio

307 1896 395 1921 esse
432 1882 567 1921 vllum
612 1882 747 1920 morbi
788 1883 1001 1922 inditium.
1061 1883 1164 1922 Post
1203 1883 1516 1934 quatuordecim
1556 1883 1641 1921 dies
1685 1895 1736 1920 ex
1771 1880 1908 1919 tribus

250 1970 287 2003 15
309 1947 517 1986 vlceribus
549 1950 635 1986 atra
665 1961 757 1986 caro
791 1950 833 1986 et
865 1951 1054 1987 emortua
1091 1949 1253 1987 excidit.
1314 1949 1405 1988 Iam
1439 1951 1599 1987 sextam
1637 1946 1908 1986 ebdomadem

310 2012 425 2052 domi
453 2013 613 2063 alligor,
637 2027 727 2052 rem
756 2013 915 2053 habens
944 2027 1040 2053 cum
1073 2014 1290 2065 chirurgis.
1349 2014 1394 2053 Si
1422 2014 1551 2064 pestis
1579 2013 1674 2062 fuit,
1696 2012 1774 2050 hoc
1800 2012 1909 2050 certe

310 2078 418 2117 mihi
436 2079 604 2129 profuit,
630 2080 737 2129 quod
758 2081 917 2129 pestem
937 2093 1026 2119 esse
1046 2093 1130 2118 non
1152 2079 1318 2119 credidi.

363 2145 482 2192 Quod
513 2144 592 2183 tibi
621 2157 697 2193 pro
725 2147 798 2184 tua
825 2145 870 2184 in
899 2159 967 2184 me
986 2145 1276 2184 munificentia
1294 2145 1425 2184 serius
1444 2158 1520 2195 ago
1540 2142 1706 2193 gratias,
1729 2142 1909 2181 Ioannes

309 2209 503 2248 minister
539 2210 585 2248 in
624 2224 746 2249 causa
784 2211 878 2260 fuit,
901 2212 973 2261 qui
1013 2211 1071 2250 sic
1110 2211 1217 2250 mihi
1253 2211 1497 2250 meminisse
1530 2209 1645 2249 visus
1681 2210 1743 2247 est
1777 2207 1827 2246 de
1861 2220 1907 2245 ea

252 2299 292 2320 20
309 2275 491 2325 pecunia,
535 2276 651 2326 quasi
688 2276 739 2314 ab
776 2276 858 2315 alio
898 2277 1001 2315 foret
1047 2277 1239 2327 profecta.
1299 2276 1429 2326 Cupio
1476 2276 1579 2314 scire
1625 2274 1724 2323 quid
1771 2272 1908 2312 valeat

310 2341 513 2380 celsitudo
531 2343 604 2380 tua
623 2355 721 2380 cum
739 2341 934 2381 vxorcula
953 2344 996 2380 et
1014 2342 1112 2381 filio.
1171 2343 1285 2381 Bene
1304 2341 1407 2381 vale.

365 2406 543 2445 Louanii
562 2419 589 2444 x
609 2406 809 2445 Calendas
829 2406 1098 2446 Nouembres.

355 2528 429 2558 887.
458 2528 506 2558 16.
531 2528 638 2558 Anno
654 2538 714 2558 om.
731 2530 772 2558 N.
944 2528 1017 2558 888.
1050 2528 1099 2559 16.
1125 2527 1222 2558 demi
1239 2529 1305 2558 MS.
1470 2526 1517 2556 18.
1544 2525 1611 2556 tibi
1629 2547 1636 2555 .
1656 2547 1664 2555 .
1685 2548 1693 2555 .
1713 2523 1830 2554 serius
1844 2530 1910 2562 ago

311 2572 455 2611 gratias,
474 2573 583 2608 scripsi
601 2581 608 2601 :
633 2573 673 2601 tu
690 2594 698 2602 .
718 2594 725 2601 .
748 2594 755 2601 .
775 2571 899 2609 seruis,
919 2581 982 2610 ago
1000 2571 1143 2611 gratias.
1159 2573 1230 2602 MS.

355 2671 430 2702 887.
449 2681 497 2710 13.
517 2670 763 2710 Decimarum]
776 2670 844 2700 For
854 2670 918 2701 the
929 2670 1076 2701 crusade
1188 2670 1262 2700 888.
1285 2670 1335 2700 18.
1351 2666 1523 2708 Ioannes]
1539 2666 1671 2707 Smith,
1690 2665 1772 2696 who
1787 2675 1834 2697 on
1851 2663 1910 2695 his

313 2715 451 2753 against
465 2715 529 2745 the
543 2715 679 2752 Turks3
701 2713 840 2744 refused
853 2715 902 2753 by
914 2714 976 2744 the
992 2714 1077 2744 Diet
1145 2714 1271 2744 return
1303 2712 1394 2744 from
1426 2711 1593 2752 England
1624 2711 1664 2740 in
1694 2709 1800 2749 April
1834 2707 1907 2738 had
1968 2723 1972 2725 *

313 2759 350 2788 of
363 2758 553 2798 Augsburg
566 2767 605 2796 27
620 2758 710 2796 Aug.
728 2759 819 2796 1518.
853 2758 918 2788 See
931 2757 1075 2797 Creigh-
1145 2758 1251 2796 given
1289 2756 1459 2788 Erasmus
1497 2757 1535 2786 to
1569 2753 1792 2785 understand
1826 2752 1904 2783 that

313 2804 374 2831 ton
392 2812 423 2832 v.
442 2803 540 2841 76,7;
563 2802 688 2833 Pastor
703 2802 767 2832 vii.
783 2810 847 2840 244
863 2810 934 2840 seq.
1145 2799 1334 2840 Mountjoy
1356 2799 1428 2831 had
1454 2802 1533 2831 sent
1563 2798 1735 2837 nothing3
1768 2796 1811 2827 cf.
1839 2795 1904 2834 Ep.

400 2844 439 2874 τὸ
455 2844 628 2885 καλώδιον]
648 2844 699 2876 Of.
715 2847 821 2883 Δάας.
840 2846 914 2882 467.
1144 2844 1218 2883 829.
1237 2853 1267 2882 3.
