2034 3433
94 159 189 213 811]
481 161 551 199 ΤΟ
591 159 823 198 GERARD
862 158 1299 198 GELDENHAUER
1605 160 1684 199 283

95 264 328 312 consistere,
371 263 407 302 si
452 263 688 302 dialecticus
730 275 906 310 summo,
950 263 1058 312 quod
1103 262 1233 309 aiunt,
1274 262 1364 301 iure
1401 264 1540 301 tecum
1578 265 1685 313 agat.

96 330 255 369 Deinde
284 329 390 367 mihi
413 342 497 368 non
521 329 658 368 visum
685 330 747 367 est
772 329 884 367 istud
909 329 1070 379 proprie
1096 327 1198 367 belli
1220 328 1391 367 nomine
1416 329 1682 376 censendum,

95 396 165 434 sed
181 395 322 445 potius
341 394 712 433 animaduersionis
731 407 740 440 ;
761 393 844 431 nisi
862 393 967 432 forte
988 407 1082 431 cum
1098 393 1233 431 Moses
1249 392 1300 431 ob
1316 393 1499 431 vitulum
1515 406 1688 431 aureum
1707 405 1743 436 25

97 462 158 499 tot
201 459 423 498 hominum
457 459 575 498 milia
603 458 840 507 trucidauit,
872 458 1045 498 bellasse
1077 458 1253 497 videtur.
1324 458 1543 497 Postremo
1582 458 1688 496 mihi

97 525 199 563 satis
218 527 303 563 erat
323 524 431 574 quod
451 537 528 562 nos
547 537 710 574 semper
730 524 839 562 inter
858 537 933 562 nos
955 524 1262 574 belligeramur,
1284 523 1349 561 illi
1375 525 1446 567 aut
1472 536 1687 573 nunquam

97 591 169 628 aut
198 589 417 628 rarissime.
477 590 545 628 Ad
583 589 917 639 persuadendum
955 589 1054 627 facit
1092 587 1367 638 exaggeratio,
1403 590 1449 627 vt
1487 601 1688 637 numquam

98 654 279 704 positum
309 655 362 693 sit
396 654 484 693 vice
515 656 602 702 fere
638 667 864 703 nunquam:
906 653 1254 703 quemadmodum
1294 652 1462 702 Paulus,
1497 666 1592 692 cum
1630 653 1688 692 ait

102 720 279 759 'Omnes
309 732 412 770 quae
438 733 512 758 sua
532 721 633 758 sunt
653 721 856 769 quaerunt
873 720 893 766 ⁹,
916 732 1001 758 non
1030 731 1174 757 omnes
1205 718 1335 756 sensit
1364 731 1450 756 esse
1479 718 1594 766 tales,
1617 718 1688 756 sed
1709 730 1750 761 30

100 784 278 835 intelligi
297 785 429 824 voluit
450 798 675 835 perpaucos
695 797 782 822 esse
801 785 873 834 qui
892 783 1170 833 Euangelium
1190 796 1361 833 syncere
1381 784 1617 822 tractarent.

153 850 234 889 His
262 850 525 900 tergiuersari
553 852 750 899 poteram,
774 851 820 887 vt
849 862 971 887 nemo
1001 862 1086 887 non
1116 848 1357 898 ingeniosus
1385 850 1447 886 est
1475 848 1526 886 ad
1555 848 1689 886 defen-

100 916 257 954 sionem
273 917 338 954 sui
354 930 362 962 ;
383 916 464 954 nisi
478 915 587 965 quod
608 928 693 952 non
712 914 813 952 libet
833 928 856 952 a
875 916 962 952 tam
981 914 1133 952 eximio
1153 913 1241 952 viro
1263 913 1496 952 dissentire.
1544 913 1689 963 Itaque

101 981 287 1030 proxima
304 981 510 1020 aeditione
528 980 641 1018 locus
661 979 697 1017 is
715 978 957 1017 mutabitur.
1019 979 1098 1017 Fac
1126 992 1194 1016 me
1219 977 1286 1016 illi
1309 991 1434 1028 quam
1462 978 1689 1028 diligentis·

98 1046 203 1084 sime
218 1046 481 1084 commendes
500 1060 509 1093 ;
540 1058 638 1083 nam
658 1043 820 1082 homini
840 1044 959 1093 cupio
978 1044 1148 1094 propius
1167 1056 1255 1081 esse
1274 1045 1411 1082 notus.
1470 1044 1511 1082 A
1526 1045 1566 1081 te
1582 1043 1690 1081 nihil
1711 1057 1750 1088 35

101 1123 190 1149 meo
206 1111 374 1149 nomine
393 1113 489 1160 peto
510 1112 718 1159 praeterea
733 1109 815 1147 nisi
831 1111 877 1147 vt
893 1122 1040 1158 pergas
1053 1109 1117 1147 tui
1132 1108 1283 1147 similis
1302 1120 1403 1147 esse.
1452 1108 1566 1146 Bene
1585 1109 1688 1147 vale.

155 1176 352 1227 Philippo
374 1176 544 1224 Montio,
559 1176 752 1214 omnium
772 1188 874 1225 quos
894 1175 940 1213 in
960 1175 1048 1213 vita
1067 1174 1245 1212 viderim
1265 1174 1570 1222 candidissimo,
1595 1187 1689 1212 cum

100 1242 296 1280 vxorcula
334 1242 438 1280 meis
476 1242 614 1280 verbis
646 1241 825 1279 salutem
855 1241 976 1280 dices.
1036 1239 1401 1279 Reuerendissimo
1439 1240 1550 1278 dices
1590 1253 1690 1289 quae

101 1319 315 1357 nunquam
336 1321 421 1346 non
441 1307 553 1346 dicis.
610 1306 787 1345 Louanii
807 1303 1026 1358 [M.D.xlx].

477 1421 572 1461 812.
633 1420 697 1461 ΤΟ
728 1419 922 1461 GERARD
953 1419 1317 1459 GELDENHAUER.

150 1497 311 1544 Farrago
330 1510 364 1543 p.
384 1509 462 1542 322.
1383 1496 1560 1532 Louvain.

149 1556 188 1591 F.
207 1568 242 1601 p.
263 1557 353 1599 428:
381 1556 474 1592 HN:
503 1557 619 1592 Lond.
638 1569 672 1592 x.
692 1567 756 1602 25:
785 1557 859 1592 LB.
881 1567 956 1602 153.
1308 1564 1347 1598 17
1366 1554 1474 1600 April
1494 1554 1646 1602 (1518).

148 1626 232 1667 [For
249 1626 312 1657 the
328 1626 410 1657 date
422 1635 480 1657 see
497 1627 560 1667 Ep.
575 1628 636 1657 811
655 1627 789 1658 introd.
836 1627 912 1658 The
928 1627 1051 1657 beai-er
1065 1635 1138 1657 was
1153 1625 1249 1655 John
1266 1624 1387 1655 Smith
1407 1623 1485 1664 (Ep.
1502 1625 1578 1664 837.
1594 1623 1661 1666 4).]

126 1713 337 1744 GERARDO
368 1714 651 1756 NOVIOMAGO,
681 1714 1004 1745 REVERENDISS.
1038 1713 1082 1744 D.
1114 1711 1436 1742 TRAIECTENSIS
1467 1712 1496 1741 A
1527 1711 1693 1752 SACRIS,

549 1783 753 1813 ERASMVS
784 1782 1116 1813 ROTERODAMVS
1148 1781 1182 1812 S.
1204 1781 1245 1812 P.

158 1864 269 1911 QVID
296 1863 372 1902 tibi
398 1864 610 1914 imprecer,
635 1864 697 1903 mi
724 1865 916 1913 Gerarde,
945 1864 1121 1913 dignum
1148 1863 1239 1901 istis
1265 1862 1349 1900 tuis
1375 1861 1527 1900 factis?
1555 1874 1696 1911 precor

107 1930 151 1966 vt
175 1928 293 1966 breui
322 1942 473 1979 magno
497 1930 636 1979 aliquo
665 1930 893 1968 sacerdotio
924 1929 1118 1967 onereris.
1178 1928 1362 1973 Dixeras,
1383 1929 1426 1965 at
1456 1939 1540 1964 non
1569 1926 1692 1972 solus,

109 1992 516 2032 Reuerendissimum
546 1995 764 2033 dominum
797 2007 878 2033 non
907 1996 1003 2032 ante
1033 1995 1230 2043 quartum
1258 1995 1330 2030 aut
1359 1992 1555 2042 quintum
1584 1991 1695 2029 diem

105 2057 339 2097 abiturum:
368 2072 442 2108 ego
454 2059 571 2097 iuxta
585 2060 802 2108 vulgarem
816 2072 976 2097 morem
991 2071 1087 2097 eum
1103 2070 1325 2096 numerum
1341 2056 1692 2105 conduplicabam,

107 2122 350 2160 existimans
379 2125 474 2161 ante
507 2125 700 2162 octauum
730 2124 840 2161 diem
867 2136 952 2161 non
978 2124 1242 2161 mutaturum
1269 2122 1420 2168 locum,
1452 2123 1493 2159 et
1520 2122 1607 2159 erat
1629 2120 1697 2159 hic
1717 2135 1734 2166 5

108 2188 216 2236 quod
236 2201 412 2237 agerem.
468 2188 673 2227 Videbam
694 2189 1059 2227 Reuerendissimo
1086 2201 1171 2226 non
1196 2200 1339 2225 vacare
1365 2189 1458 2224 tum
1483 2186 1694 2235 temporis,

109 2252 413 2301 praesagiebam
443 2266 517 2291 vos
545 2266 634 2292 sero
664 2266 897 2303 pransuros,
923 2255 963 2291 et
990 2253 1096 2291 mihi
1127 2253 1210 2291 iam
1237 2252 1477 2290 stomachus
1506 2251 1694 2289 latrabat.

110 2317 292 2355 Proinde
311 2317 492 2356 subduxi
511 2331 590 2366 me,
612 2319 789 2356 testatus
815 2319 923 2368 apud
951 2320 990 2357 te
1016 2318 1130 2356 domi
1155 2317 1469 2365 expectaturum
1495 2328 1542 2353 eo
1565 2315 1640 2363 die,
1664 2316 1699 2353 si

111 2382 210 2432 quid
238 2382 408 2421 iuberet.
471 2383 588 2421 Nihil
617 2383 914 2422 denunciatum
943 2385 1014 2422 est.
1078 2382 1285 2421 Postridie
1313 2394 1434 2420 mane
1463 2382 1700 2419 transcurro

110 2447 354 2495 Louanium,
398 2449 507 2498 quod
547 2449 770 2487 arbitrarer
806 2448 917 2487 haud
954 2448 1138 2486 multum
1177 2447 1373 2485 interesse
1410 2446 1478 2484 hic
1516 2458 1569 2484 an
1606 2445 1700 2484 istic
1725 2460 1761 2482 10

110 2525 283 2562 agerem,
307 2513 416 2562 quod
435 2513 486 2551 ad
507 2513 838 2552 conueniendum
857 2512 1266 2552 Reuerendissimum
1280 2511 1441 2550 attinet.
1493 2510 1701 2560 Relinquo

112 2578 226 2616 domi
253 2578 492 2626 epistolium
518 2592 599 2628 quo
626 2580 803 2617 testatus
829 2591 923 2616 sum
949 2591 1016 2616 me
1045 2579 1096 2616 ad
1128 2590 1296 2615 omnem
1327 2577 1479 2614 nutum
1511 2577 1701 2624 paratum

112 2644 208 2681 fore.
278 2642 415 2681 Hodie
454 2644 755 2693 propemodum
797 2643 1059 2682 decreueram
1102 2655 1321 2689 recurrere,
1366 2643 1407 2679 et
1453 2653 1543 2678 ecce
1581 2640 1701 2678 Palu-

154 2735 229 2766 811.
253 2744 305 2773 37.
329 2737 378 2766 E:
403 2734 576 2766 Montioio
592 2738 688 2766 Loml.
811 2744 863 2774 39.
889 2734 1039 2765 Louanii
1056 2743 1193 2765 unm(
1210 2735 1283 2763 add.
1302 2735 1344 2763 H.
1456 2731 1530 2761 812.
1548 2740 1578 2769 3.
1606 2740 1701 2761 reue-

111 2777 368 2809 rendissimum
392 2778 578 2809 dominum
594 2781 624 2809 E
638 2790 646 2809 :
669 2779 708 2809 R.
726 2777 925 2818 praesulem
948 2779 1113 2808 nostrum
1129 2779 1165 2807 F.
1276 2777 1306 2807 6.
1331 2775 1632 2806 reuerendissimo
1649 2777 1678 2805 E
1696 2785 1702 2804 :

111 2822 384 2861 occupatissimo
401 2822 559 2862 principi
574 2825 610 2853 F.
747 2832 797 2853 11.
821 2821 1167 2852 reuerendissimum
1184 2822 1212 2849 E
1231 2831 1238 2849 :
1262 2818 1463 2859 praesulem
1479 2820 1515 2848 F.

157 2922 233 2952 811.
252 2931 304 2960 23.
328 2920 483 2961 summo]
512 2920 560 2951 Cf.
588 2920 657 2951 Cic.
679 2923 762 2952 Verr.
789 2931 817 2950 2.
843 2931 872 2959 5.
985 2930 1038 2958 37.
1065 2918 1215 2959 Montio]
1236 2917 1286 2949 Cf.
1305 2917 1369 2956 Ep.
1389 2926 1461 2955 727.
1486 2926 1536 2947 11.

114 2976 143 2997 2.
160 2976 190 3003 4.
986 2964 1060 2994 812.
1080 2973 1107 3001 7.
1125 2960 1296 3001 latrabat]
1315 2961 1366 2992 Cf.
1388 2960 1474 2991 Hor.
1489 2963 1522 2991 S,
1540 2969 1569 2988 2.
1591 2970 1621 2991 2.
1643 2961 1691 2990 18.

158 3018 210 3048 29.
236 3007 380 3048 Paulus]
400 3007 491 3038 Phil.
509 3017 538 3037 2.
558 3016 609 3038 21.
