2034 3433
131 126 230 180 843]
619 129 689 167 ΤΟ
728 129 952 168 MARTIN
992 129 1238 169 LYPSIUS
1647 134 1727 171 317

129 244 227 270 cum
255 231 350 269 aliis
373 231 510 271 verbis
531 232 642 270 idem
667 245 792 270 nemo
819 246 903 270 non
928 233 1036 271 dicat
1064 235 1396 274 orthodoxorum.
1459 236 1566 284 Quid
1586 239 1725 275 autem

128 296 267 346 aptius
291 297 372 336 dici
400 299 592 347 poterat?
646 299 788 347 Atque
818 298 886 337 hic
915 298 975 336 ita
998 298 1185 349 loquitur
1208 300 1324 350 quasi
1346 300 1435 350 ipse
1460 301 1573 341 solus
1593 315 1727 340 sacras

130 361 272 400 literas
290 362 508 413 intelligat,
531 363 640 412 quod
667 362 782 413 rudis
801 362 855 401 sit
875 364 1013 402 omnis
1038 364 1266 414 elegantiae
1286 380 1294 413 ;
1324 368 1366 404 et
1386 366 1503 416 quasi
1522 380 1598 405 nos
1619 367 1727 405 nihil

130 426 372 466 huiusmodi
391 427 599 478 possimus
617 427 779 478 assequi
800 428 909 478 quod
929 440 973 466 se
993 428 1199 478 gloriatur
1222 433 1466 470 assecutum.

189 505 206 528 2
217 505 249 530 2.
281 493 421 543 Atque
433 493 604 531 interim
621 506 745 543 quam
760 493 998 543 improbum
1016 493 1101 543 agit
1116 496 1428 545 sycophantam,
1446 510 1540 535 cum
1552 497 1727 536 affirmat

131 571 156 596 a
185 571 252 597 me
285 558 360 596 hac
388 558 608 597 collatione
636 558 762 597 rideri
793 558 1051 609 Scripturam
1077 562 1258 598 sacram!
1289 573 1384 599 cum
1413 563 1550 600 totum
1578 563 1655 601 hoc
1683 563 1727 600 in

131 623 296 662 laudem
307 626 349 662 et
362 624 765 663 commendationem
779 626 870 662 tum
885 624 1040 664 Christi
1052 626 1142 663 tum
1158 625 1272 663 illius
1285 627 1519 676 Scripturae
1533 627 1725 666 dixerim:

131 689 240 739 quod
264 689 401 739 palam
427 692 490 728 est
516 690 711 728 omnibus
737 689 806 740 qui
832 690 978 739 legunt
1001 691 1154 728 nostra.
1214 690 1329 729 Haec
1355 693 1547 731 videlicet
1573 694 1633 731 est
1656 693 1728 732 illa

132 753 320 794 coelestis
344 755 589 805 eloquentia,
615 768 741 805 quam
768 755 880 793 solus
902 754 1056 805 absque
1082 757 1301 804 poetarum
1331 758 1564 807 cognitione
1585 758 1728 797 didicit

132 832 154 857 e
193 820 319 859 sacris
356 819 502 858 libris:
547 820 663 859 cuius
697 819 761 858 vis
798 820 854 858 sit
890 820 1104 866 eiusmodi,
1140 820 1503 870 impudentissime
1543 824 1729 862 confictis

132 883 353 923 calumniis
372 885 415 923 in
435 884 614 924 alienam
636 885 854 924 debachari
874 886 1040 924 famam.

191 962 251 998 23.
287 950 486 989 Eiusdem
515 950 713 989 vanitatis
739 952 803 989 est
831 951 940 1000 quod
969 950 1112 989 scribit
1140 965 1164 989 a
1191 965 1257 990 me
1287 952 1565 1002 eloquentiam
1599 954 1728 992 adimi

133 1014 257 1053 sacris
282 1014 412 1063 libris,
436 1029 530 1054 cum
551 1028 641 1053 eam
667 1017 729 1053 tot
754 1015 857 1054 locis
879 1015 1120 1065 praedicem.
1179 1017 1363 1055 Tantum
1390 1031 1485 1056 cum
1505 1018 1728 1067 interprete

132 1079 239 1119 mihi
259 1093 322 1119 res
340 1083 425 1127 est3
457 1082 497 1119 et
517 1080 552 1118 si
572 1080 672 1130 quid
692 1080 987 1129 desyderamus
1006 1080 1051 1119 in
1070 1080 1294 1131 Apostolis,
1317 1082 1358 1120 id
1379 1082 1425 1120 in
1443 1083 1580 1121 verbis
1599 1084 1728 1122 situm

133 1157 221 1184 esse
240 1146 430 1193 fatemur,
454 1159 528 1184 nec
549 1147 689 1185 tamen
710 1145 962 1184 insectamur
981 1147 1054 1184 aut
1075 1146 1332 1195 corrigimus.

191 1223 251 1257 24.
283 1210 365 1249 Hic
385 1211 515 1250 veluti
535 1224 679 1250 censor
698 1224 844 1249 01111105
863 1214 1002 1260 poetas
1017 1211 1349 1261 praecipitandos
1369 1212 1512 1260 edicit;
1542 1214 1592 1252 ad
1614 1227 1724 1264 quos,

133 1278 179 1314 vt
208 1275 303 1323 dixi,
326 1276 592 1326 Augustinus
619 1278 782 1314 reuocat
811 1288 919 1321 SUOS,
941 1288 1123 1325 quosque
1153 1276 1274 1315 toties
1303 1291 1397 1315 cum
1421 1278 1593 1316 honoris
1618 1292 1729 1328 prae-

133 1342 288 1380 fatione
324 1342 436 1389 citat,
479 1355 555 1380 nec
595 1342 667 1380 ille
714 1343 855 1379 tamen
900 1340 1023 1379 solus,
1097 1341 1305 1389 Quorsum
1344 1345 1482 1381 autem
1527 1343 1729 1382 attinebat

132 1408 350 1457 poetarum
384 1408 518 1446 facere
550 1407 821 1452 mentionem,
858 1405 976 1456 quasi
1013 1406 1164 1444 horum
1201 1407 1419 1456 praesidiis
1456 1408 1729 1447 emendaueri-

133 1486 229 1512 mus
250 1472 418 1511 Nouum
441 1472 768 1519 Testamentum,
791 1485 836 1509 ac
857 1484 940 1509 non
959 1471 1100 1521 potius
1121 1485 1171 1509 ex
1194 1473 1384 1512 veterum
1404 1473 1728 1512 orthodoxorum

133 1537 364 1585 autoritate,
387 1550 490 1588 quos
511 1539 596 1576 tota
616 1537 764 1587 probat
783 1550 828 1574 ac
847 1536 948 1586 legit
968 1536 1154 1575 Ecclesia
1169 1538 1190 1575 Ῥ

190 1614 250 1651 25.
283 1603 385 1641 Post
405 1603 503 1641 haec
524 1602 639 1653 graui
654 1602 876 1641 autoritate
891 1601 1076 1640 Thomae
1090 1602 1230 1640 1105010
1243 1603 1361 1642 0111115
1375 1604 1490 1651 (nam
1506 1604 1730 1654 Aquinatis

134 1682 220 1707 non
232 1668 357 1718 puto),
378 1669 449 1718 qui
463 1668 629 1718 scripsit
643 1667 966 1706 commentarios
980 1667 1026 1705 in
1039 1667 1379 1717 Philosophicam
1393 1669 1728 1708 Consolationem

134 1734 285 1781 Boetii,
316 1734 463 1783 probat
497 1734 606 1783 quod
639 1732 824 1780 asseruit,
854 1734 996 1782 poetas
1034 1733 1374 1782 praecipitandos,
1414 1734 1521 1784 quod
1560 1735 1730 1774 Boetius

133 1799 286 1838 laceras
306 1799 453 1838 dixerit
472 1811 696 1837 camoenas.
759 1798 844 1836 Nec
866 1797 1162 1836 animaduertit
1183 1798 1291 1847 quod
1317 1798 1381 1836 illi
1399 1799 1551 1838 lacerae
1572 1800 1728 1839 dictant

136 1864 361 1912 scribenda,
396 1864 584 1914 quodque
623 1865 709 1901 toto
747 1876 866 1913 opere
903 1862 1047 1912 lyricis
1083 1863 1274 1902 versibus
1312 1863 1431 1910 ludit,
1472 1878 1545 1902 nec
1584 1879 1730 1903 01111105

135 1929 276 1978 abigit,
309 1929 379 1967 sed
414 1929 593 1967 scenicas
627 1928 856 1976 duntaxat3
899 1942 974 1967 nec
1002 1929 1130 1977 abigit
1161 1929 1206 1966 in
1241 1930 1388 1975 totum,
1423 1930 1494 1967 sed
1531 1930 1576 1968 in
1613 1930 1728 1969 luctu

136 1995 340 2033 duntaxat
366 1994 484 2043 graui
513 1993 583 2044 qui
613 1994 843 2032 remedium
871 1993 1128 2042 praesentius
1157 1994 1388 2042 desyderat.
1445 1994 1664 2044 Ignoscam
1693 1996 1729 2034 si

137 2059 229 2110 quis
258 2059 397 2098 Musas
425 2060 664 2097 contemnat
693 2061 740 2097 vt
768 2058 1022 2108 contempsit
1044 2058 1241 2105 Boetius;
1281 2072 1427 2097 verum
1450 2060 1518 2097 hic
1542 2061 1727 2110 poeticen

137 2123 367 2163 contemnit
386 2126 433 2161 vt
453 2136 601 2162 aurum
621 2137 666 2161 ac
686 2136 872 2172 gemmas
891 2123 1009 2161 asini.

195 2191 255 2226 26.
288 2188 418 2226 Porro
449 2188 555 2237 quod
590 2187 761 2225 Boetius
798 2200 1012 2226 camaenas
1048 2187 1181 2236 elegas
1220 2201 1323 2238 quae
1363 2188 1524 2227 luctum
1558 2203 1654 2238 prae
1685 2203 1728 2228 se

138 2255 288 2301 ferunt,
323 2254 476 2292 laceras
509 2252 685 2302 scripsit,
717 2252 783 2290 hic
813 2252 863 2289 ad
894 2252 1133 2290 vniuersam
1172 2254 1489 2291 accommodans
1527 2255 1724 2304 poeticen,

137 2320 197 2360 ait
226 2320 377 2358 laceras
407 2318 598 2356 bifariam
633 2317 736 2362 dici;
776 2317 920 2365 actiue,
957 2317 1054 2367 quia
1084 2317 1267 2356 lacerant
1300 2320 1464 2356 mentes
1495 2319 1726 2367 hominum,

138 2388 180 2424 et
206 2385 381 2436 passiue,
412 2384 518 2433 quod
550 2397 634 2421 non
669 2384 856 2421 nitantur
894 2383 1066 2421 rationis
1098 2383 1396 2422 fundamento:
1436 2386 1643 2434 vtrunque
1680 2399 1729 2424 ex
1752 2403 1765 2422 .·
1797 2402 1810 2419 :

138 2464 266 2501 aequo
285 2449 424 2488 stulte.

197 2525 256 2563 27.
290 2516 352 2553 Ac
380 2513 543 2563 longius
571 2516 748 2561 euectus,
771 2514 966 2563 quoniam
994 2513 1199 2562 elegantia
1228 2526 1311 2551 non
1341 2514 1493 2563 pendet
1521 2530 1544 2553 a
1572 2515 1729 2554 ratione

139 2580 210 2620 sed
235 2579 287 2618 ab
312 2579 544 2625 autoritate,
566 2580 760 2628 prouocat
786 2591 863 2616 nos
890 2580 937 2616 vt
965 2577 1188 2628 propositis
1211 2578 1371 2617 duobus
1396 2580 1606 2629 exemplis,
1632 2581 1728 2619 hinc

141 2658 189 2683 ex
208 2644 351 2694 poetis,
371 2643 469 2682 hinc
490 2657 539 2681 ex
560 2643 685 2682 sacris
704 2643 833 2690 libris,
849 2646 922 2682 aut
937 2643 1152 2682 vincamus
1171 2645 1242 2681 aut
1257 2643 1484 2682 vincamur.
1536 2644 1729 2694 Propono

792 2766 863 2795 195.
888 2757 1015 2787 asserit
1033 2759 1066 2787 F.

188 2855 259 2887 188.
282 2855 321 2885 vt
337 2853 431 2894 dixi]
448 2854 486 2885 ll.
507 2855 609 2894 138‚9.
967 2854 1030 2885 the
1075 2854 1172 2884 work
1217 2855 1254 2885 of
1297 2855 1448 2885 Thomas
1493 2854 1536 2885 de
1574 2855 1729 2895 Walleys

188 2907 262 2938 193.
287 2897 457 2938 Thomae]
483 2898 573 2934 Most
595 2900 666 2929 xv0.
686 2897 843 2929 editions
866 2898 904 2929 of
971 2898 1163 2938 (l.596n.):
1184 2908 1239 2928 see
1250 2898 1291 2929 R.
1303 2898 1458 2938 Peiper’s
1469 2898 1616 2939 edition,
1633 2901 1725 2938 1871,

142 2942 242 2973 Boet.
259 2943 345 2972 Cous.
362 2941 452 2972 have
473 2951 494 2972 a
517 2944 763 2981 commentar-y
781 2942 900 2972 which
972 2952 1005 2981 p.
1022 2941 1185 2972 xxxxiiii.

144 2987 174 3016 is
188 2984 387 3017 attributed
413 2987 448 3015 to
471 2985 646 3024 Aquinas,
666 2985 727 3016 but
745 2986 774 3016 is
791 2985 904 3025 really
1020 2994 1092 3024 195.
1119 2984 1281 3025 Boetius]
1299 2987 1382 3017 Com.
1406 2995 1432 3015 1.
1454 2995 1481 3016 1.
1496 2986 1526 3024 3.

1751 764 1810 794 180

1752 1091 1809 1132 185

1752 1427 1811 1457 190

1753 1750 1808 1782 195

1751 2076 1812 2098 200
