2034 3433
111 223 159 262 95
167 210 208 265 7]
625 212 695 251 ΤΟ
731 211 1000 252 WILLIAM
1038 211 1188 252 OROY
1621 213 1701 251 563

109 319 282 368 paterna
310 316 439 366 pietas
477 316 520 355 in
558 317 600 354 te
639 316 855 366 congessit,
887 318 934 355 vt
970 315 1152 366 amplius
1182 316 1255 354 vix
1291 316 1424 366 optari
1461 318 1597 366 queat,
1626 329 1703 355 nec

111 382 291 432 supersit
305 382 440 420 vllum
456 381 672 431 dignitatis
686 381 901 432 fastigium
914 382 997 420 nisi
1016 382 1124 431 quod
1139 381 1214 420 vni
1226 383 1390 420 tantum
1407 382 1540 432 optari
1558 381 1700 431 possit.

111 447 291 488 Caeteris
309 447 438 497 igitur
457 446 604 485 multis
630 446 675 485 in
700 447 822 486 rebus
842 447 1087 486 luctandum
1113 448 1188 495 est,
1213 447 1250 485 si
1269 447 1400 486 velint
1419 448 1468 486 ad
1492 447 1704 486 felicitatis

110 512 322 563 fastigium
351 525 584 562 emergere;
614 511 692 550 tibi
722 525 817 550 cum
847 513 1003 550 caetera
1030 511 1288 562 suppeditata
1311 512 1398 550 sint
1423 513 1571 560 omnia,
1595 512 1703 551 nihil
1721 525 1763 557 40

111 579 298 628 superest
327 577 409 615 nisi
437 577 608 615 vnicum
640 576 827 615 studium
855 576 1058 626 vnicaque
1091 589 1197 624 cura,
1223 577 1417 616 videlicet
1446 579 1492 616 vt
1522 577 1565 616 id
1597 577 1703 628 quod

110 642 211 682 facis
229 642 363 690 facias,
380 641 510 680 animi
526 641 669 680 decora
683 641 761 680 tibi
776 654 893 691 pares
911 640 1031 680 istius
1050 641 1240 679 fortunae
1260 642 1550 691 magnitudine
1565 642 1701 692 digna.

112 707 225 746 Haec
254 707 340 745 sola
370 720 455 745 non
484 707 659 756 largitur
688 719 762 745 nec
784 708 956 745 naturae
979 706 1095 745 fauor
1118 719 1194 744 nec
1219 706 1481 756 indulgentia
1499 707 1702 746 fortunae.

112 773 268 812 Sudore
283 772 503 821 studioque
518 772 779 810 redimantur
793 772 977 821 oportet:
1002 771 1112 810 haud
1127 771 1207 810 alio
1222 772 1357 821 precio
1372 772 1511 822 superi
1525 785 1705 812 mercem

110 838 218 876 hanc
248 837 493 876 mortalibus
520 837 711 876 venalem
735 850 823 876 esse
843 837 1079 885 voluerunt,
1103 850 1156 875 ne
1179 838 1415 876 monarchis
1439 838 1606 887 quidem
1634 840 1705 877 aut
1722 851 1762 883 45

111 903 296 953 satrapis.

165 969 308 1018 Neque
334 967 448 1006 enim
476 967 664 1017 quisquis
692 967 873 1017 imponit
902 967 1098 1014 diadema,
1123 968 1235 1006 idem
1260 970 1448 1006 mentem
1476 968 1590 1007 addit
1613 981 1707 1019 rege

112 1034 291 1084 dignam.
351 1033 527 1072 Generis
556 1033 719 1072 claritas
752 1035 822 1072 aut
857 1033 1000 1083 populi
1033 1033 1150 1072 fauor
1182 1033 1405 1083 imperium
1434 1035 1531 1073 dare
1558 1035 1704 1084 potest,

110 1100 253 1149 pectus
292 1098 468 1149 imperio
509 1098 685 1148 dignum
724 1111 809 1136 non
847 1100 1009 1148 potest;
1040 1100 1081 1137 et
1121 1100 1261 1137 tamen
1300 1099 1378 1137 hoc
1415 1099 1451 1138 si
1489 1099 1605 1146 desit,
1637 1098 1708 1149 qui

111 1163 326 1202 mandauit
354 1163 565 1211 honorem,
594 1163 801 1202 sarcinam
830 1163 1000 1210 addidit,
1034 1177 1117 1202 non
1146 1163 1409 1213 dignitatem.
1464 1164 1623 1203 Verum
1651 1165 1709 1203 ita
1727 1176 1768 1207 50

112 1229 281 1267 demum
310 1228 553 1267 admiranda
577 1229 778 1278 quaedam
805 1230 846 1267 et
872 1228 1024 1267 eximia
1051 1229 1233 1278 dignitas
1258 1229 1458 1277 exoritur,
1477 1229 1512 1267 si
1538 1231 1708 1269 naturae

113 1294 384 1344 fortunaeque
405 1294 552 1332 decora
567 1293 626 1332 sic
646 1294 777 1332 animi
796 1294 911 1332 dotes
930 1293 1143 1333 illustrent
1155 1296 1201 1333 vt
1221 1293 1272 1333 ab
1293 1294 1360 1333 his
1374 1295 1558 1333 vicissim
1573 1295 1709 1334 lucem

113 1358 325 1409 accipiant,
344 1358 441 1407 imo,
461 1358 496 1396 si
516 1358 608 1396 fieri
627 1360 774 1409 potest,
792 1358 1073 1397 obscurentur.
1130 1358 1208 1397 Ille
1225 1359 1400 1409 denique
1418 1373 1514 1398 vere
1533 1372 1711 1410 magnus

113 1425 176 1463 est
214 1424 286 1474 qui
323 1423 391 1462 vel
429 1424 623 1473 adempto
661 1424 894 1462 diademate
931 1437 1107 1474 magnus
1140 1437 1227 1462 esse
1264 1427 1509 1474 perseueret.
1566 1425 1711 1463 Multis

114 1489 251 1528 obstat
288 1489 449 1538 generis
487 1489 716 1527 obscuritas
754 1491 824 1527 aut
863 1502 927 1527 res
969 1491 1145 1538 angusta
1191 1490 1315 1538 domi,
1353 1503 1433 1539 quo
1479 1490 1620 1528 minus
1659 1490 1709 1529 ad
1730 1503 1768 1534 55

113 1554 287 1592 eximias
304 1553 494 1602 virtutes,
517 1567 622 1603 quae
642 1567 727 1592 non
752 1554 835 1592 nisi
863 1554 1012 1603 paucis,
1037 1567 1139 1604 quos
1169 1567 1324 1605 aequus
1352 1554 1511 1593 amauit
1535 1554 1708 1604 Iupiter,

114 1619 375 1668 contingunt,
408 1621 561 1669 queant
590 1618 788 1667 eluctari;
817 1621 888 1657 aut
916 1618 952 1657 si
979 1619 1258 1668 peruenerint,
1292 1632 1376 1658 non
1411 1619 1582 1669 perinde
1615 1619 1712 1658 licet

113 1684 216 1723 alios
243 1684 546 1723 benemerendo
584 1684 811 1723 subleuare.
870 1684 1087 1723 Caeterum
1117 1684 1153 1723 si
1184 1684 1277 1734 quis
1302 1684 1485 1723 extiterit
1512 1684 1557 1723 in
1588 1698 1711 1735 quem

114 1763 247 1789 vnum
271 1763 358 1788 non
384 1762 502 1788 secus
529 1751 654 1799 atque
682 1749 783 1788 olim
812 1749 858 1787 in
886 1749 1124 1788 Pandoram
1153 1749 1325 1788 deorum
1353 1750 1543 1788 omnium
1571 1750 1713 1789 omnia

116 1828 288 1853 munera
317 1815 467 1854 collata
495 1817 604 1861 sunt,
632 1815 758 1854 simul
787 1814 938 1853 horum
966 1815 1171 1853 bonorum
1200 1815 1351 1853 chorus
1379 1815 1645 1865 competierit,
1676 1815 1712 1854 is
1729 1816 1771 1847 60

117 1881 224 1920 mihi
249 1880 414 1919 videtur
441 1880 630 1918 numinis
655 1879 871 1918 cuiusdam
897 1880 1031 1918 instar
1055 1879 1217 1927 habere,
1241 1892 1437 1929 superum
1456 1880 1712 1930 benignitate

116 1946 162 1984 in
198 1946 276 1984 hoc
306 1945 430 1984 ‘datus
462 1947 509 1984 vt
538 1945 854 1984 beneficentiam
888 1958 1006 1983 suam
1038 1958 1164 1994 quam
1197 1944 1397 1983 latissime
1428 1945 1635 1983 diffundat
1667 1945 1711 1983 in

118 2024 275 2049 omnes,
331 2011 544 2060 Fungetur
562 2012 703 2048 autem
723 2010 857 2048 officio
877 2023 964 2057 suo,
987 2010 1173 2059 primum
1198 2009 1235 2047 si
1259 2012 1452 2059 agnoscat
1476 2010 1591 2048 dotes
1617 2023 1712 2049 suas

118 2078 271 2114 -sunt
301 2076 413 2114 enim
441 2076 557 2114 iuxta
582 2077 747 2125 poetam
772 2075 972 2113 eximium
998 2075 1067 2125 qui
1091 2088 1238 2124 parum
1267 2075 1410 2113 norint
1436 2088 1509 2113 sua
1537 2075 1708 2124 bona—,

118 2141 266 2180 deinde
286 2141 321 2179 si
340 2140 581 2179 meminerit
602 2140 796 2190 quicquid
819 2140 934 2178 adest
954 2140 1158 2178 bonarum
1177 2153 1328 2188 rerum,
1344 2139 1386 2178 id
1403 2154 1525 2179 omne
1541 2140 1712 2179 Domini
1729 2141 1769 2181 65

119 2219 206 2245 esse
244 2205 463 2256 peculium,
497 2205 542 2244 in
579 2205 657 2243 1100
695 2205 898 2244 creditum
931 2206 977 2243 vt
1010 2205 1204 2243 iuuandis
1235 2205 1436 2255 proximis
1474 2206 1712 2255 impensum

119 2271 326 2321 copiosam
343 2283 511 2310 vsuram
532 2271 680 2309 referat
704 2270 896 2318 Domino,
919 2270 1067 2308 talium
1089 2270 1298 2308 lucrorum
1321 2270 1574 2309 auarissimo.
1632 2271 1712 2310 Sed

120 2337 165 2375 in
184 2336 330 2385 primis
349 2336 456 2375 adsit
474 2335 640 2374 animus
660 2335 842 2373 excelsus
862 2337 902 2373 et
922 2348 1061 2373 rerum
1081 2335 1352 2374 leuicularum
1372 2348 1473 2385 quas
1497 2335 1712 2374 sordidum

119 2402 273 2452 vulgus
293 2401 531 2449 admiratur,
553 2402 824 2450 contemptor,
842 2400 991 2450 quique
1011 2413 1084 2439 0011
1103 2413 1249 2439 murus
1268 2401 1449 2439 aheneus
1468 2401 1518 2439 ab
1538 2401 1712 2439 honesto

122 2467 282 2506 deflecti
322 2479 408 2504 non
449 2466 589 2516 possit.
660 2466 797 2515 Atque
843 2466 950 2504 hanc
993 2466 1143 2516 vbique
1185 2466 1372 2517 regulam
1409 2467 1585 2514 secutus,
1625 2466 1712 2504 vni-
1733 2472 1771 2505 70

121 2545 285 2572 uersam
314 2544 410 2570 suae
435 2531 646 2570 felicitatis
668 2532 879 2570 πανοπλίαν
905 2531 950 2569 111
978 2531 1222 2581 reipublicae
1249 2531 1480 2569 subsidium
1507 2531 1712 2579 conferat3

121 2597 283 2648 quando
323 2597 401 2635 hoc
438 2596 484 2634 in
521 2595 670 2646 primis
708 2595 873 2634 numini
911 2595 1117 2645 peculiare
1155 2595 1258 2634 dixit
1295 2596 1529 2645 antiquitas,
1570 2595 1713 2634 iuuare

121 2662 354 2701 mortalem.

176 2724 242 2762 Ad
281 2724 387 2762 hanc
419 2722 644 2773 imaginem
677 2723 861 2772 proxime
895 2723 1087 2761 accedant
1120 2735 1283 2761 necesse
1312 2725 1386 2770 est,
1419 2735 1521 2772 quos
1558 2722 1712 2760 aeterni

122 2788 308 2828 numinis
327 2788 444 2827 fauor
461 2787 506 2826 in
525 2787 605 2825 isto
630 2799 768 2825 rerum
787 2787 953 2838 fastigio
974 2787 1204 2826 collocauit.
1264 2787 1403 2826 Addet
1422 2787 1554 2825 calcar
1572 2787 1712 2826 animo
1732 2794 1747 2828 7
1754 2797 1770 2827 5

122 2853 158 2893 si
178 2867 221 2892 se
241 2853 389 2904 cogitet
408 2853 524 2892 velut
544 2853 588 2891 in
608 2851 864 2902 amplissimo
883 2853 1043 2892 theatro
1059 2852 1291 2901 consistere,
1308 2853 1436 2891 totius
1452 2852 1562 2891 orbis
1583 2852 1713 2892 oculis

723 2928 775 2957 60.
802 2928 887 2958 sunt
903 2928 953 2956 E:
978 2926 1052 2956 sint
1067 2928 1108 2958 N.

166 3002 218 3033 55.
245 3003 299 3023 res
315 2992 479 3033 angusta]
497 2992 578 3024 Juv.
597 3003 627 3032 3.
648 2993 718 3032 165.
993 2992 1046 3030 64.
1072 2990 1228 3031 poetam]
1245 2991 1345 3031 Verg.
1365 2994 1400 3023 G.
1417 3001 1447 3022 2.
1465 2992 1538 3030 458.

166 3037 217 3074 56.
241 3035 378 3077 paucis]
395 3035 446 3068 Cf.
463 3036 564 3076 Verg.
580 3040 664 3069 Aen.
678 3039 709 3069 6.
732 3045 862 3076 129,3o.
994 3037 1046 3074 69.
1073 3035 1315 3075 contemptor]
1333 3035 1382 3066 Cf.
1401 3035 1485 3066 Sall.
1501 3037 1573 3073 luy.
1588 3035 1641 3074 64.
1663 3045 1689 3067 1.

165 3081 218 3111 62.
244 3079 440 3120 diffundat]
457 3079 509 3111 Cf.
527 3080 588 3113 Ov.
607 3083 693 3112 A.A.
711 3090 742 3120 3.
761 3090 793 3120 9.
1039 3078 1179 3119 murus]
1197 3078 1249 3109 Of.
1268 3079 1355 3110 Hor.
1376 3080 1435 3116 Ep.
1457 3089 1484 3109 1.
1507 3088 1534 3110 1.
1551 3079 1603 3110 60.

864 3136 975 3162 002
