2034 3433
299 177 379 214 :376
761 173 1011 213 LETTERS
1050 172 1120 211 OF
1159 172 1424 212 ERASMUS
1762 171 1802 225 [1
1813 178 1888 221 518

300 282 421 320 dente
449 294 492 320 se
521 281 710 327 lacerent,
735 279 802 316 hic
828 277 995 327 penitus
1021 290 1105 315 non
1131 278 1333 316 habetur.'
1391 277 1605 316 Hactenus
1624 277 1696 316 ille
1712 277 1889 317 formam

299 347 552 396 optimorum
573 343 869 383 monachorum
890 342 1100 392 depinxit:
1129 355 1222 380 eam
1246 343 1295 381 ad
1321 343 1472 382 horum
1495 345 1733 392 temporum
1756 356 1890 382 mores

300 412 482 450 conferat
503 411 573 460 qui
592 409 704 448 velit.

352 475 468 515 Talia
505 475 673 513 fuerunt
701 472 975 511 monachismi
1006 473 1249 522 primordia,
1273 473 1376 512 tales
1403 473 1673 522 patriarchae.
1731 472 1889 511 Deinde

216 557 280 589 550
298 540 497 590 temporis
532 552 749 590 progressu
787 538 987 588 paulatim
1025 550 1120 575 cum
1150 537 1300 587 opibus
1328 540 1593 576 accreuerunt
1621 537 1888 585 ceremoniae,

298 606 457 644 refrixit
495 617 691 655 germana
728 603 860 653 pietas
890 616 934 641 ac
964 603 1221 652 simplicitas.
1281 602 1335 640 Et
1365 616 1460 640 cum
1489 603 1704 642 videamus
1737 602 1891 652 passim

296 670 546 709 monasteria
564 670 614 708 ad
635 682 771 707 mores
791 668 886 718 plus
907 681 1033 718 quam
1052 668 1289 717 prophanos
1310 668 1590 718 degenerasse,
1609 671 1750 707 tamen
1771 668 1892 706 nouis

296 735 634 774 institutionibus
662 736 858 772 oneratur
886 733 1081 781 mundus,
1105 733 1223 782 quasi
1251 747 1334 771 non
1364 736 1406 772 et
1432 733 1462 771 ii
1488 734 1609 783 paulo
1636 735 1729 783 post
1748 733 1891 772 eodem

297 802 383 839 sint
420 800 668 850 prolapsuri.
730 798 853 845 Olim,
896 801 942 837 vt
981 798 1078 846 dixi,
1111 811 1295 837 secessus
1333 802 1419 837 erat
1457 799 1758 837 monachorum
1791 798 1887 837 vita.

215 881 277 912 555
298 866 418 904 Nunc
465 866 494 903 ii
541 868 743 904 vocantur
789 864 984 903 monachi
1023 864 1094 913 qui
1141 864 1220 902 toti
1267 865 1311 902 in
1356 864 1590 902 meditullio
1628 863 1891 914 negociorum

297 932 605 970 mundanorum
653 932 882 977 versantur,
932 930 1055 978 plane
1109 930 1377 978 tyrannidem
1424 930 1634 979 quandam
1681 930 1726 968 in
1773 929 1894 968 rebus

296 996 491 1036 humanis
506 998 755 1034 exercentes.
815 995 870 1033 Et
890 997 1031 1033 tamen
1047 994 1076 1033 ii
1092 995 1142 1033 ob
1158 995 1330 1044 cultum,
1347 995 1398 1033 ob
1413 995 1587 1033 titulum
1603 995 1738 1033 nescio
1754 1007 1893 1044 quem,

296 1065 462 1101 tantum
482 1064 676 1112 arrogant
695 1061 773 1099 sibi
800 1060 1109 1107 sanctimoniae,
1135 1063 1180 1099 vt
1209 1062 1391 1099 caeteros
1417 1073 1511 1109 prae
1539 1074 1582 1098 se
1609 1073 1693 1098 non
1714 1059 1892 1099 habeant

296 1141 368 1176 pro
398 1127 659 1167 Christianis.
720 1127 803 1166 Cur
833 1126 891 1164 sic
919 1127 1128 1164 arctamus
1156 1126 1312 1165 Christi
1341 1126 1639 1176 professionem
1669 1138 1795 1175 quam
1823 1124 1894 1163 ille

215 1199 279 1240 560
296 1192 499 1231 latissime
537 1192 671 1231 voluit
709 1192 882 1242 patere?
939 1191 983 1229 Si
1025 1191 1260 1240 magnificis
1305 1191 1518 1229 vocabulis
1565 1204 1889 1238 commouemur,

297 1271 445 1308 quaeso
483 1261 535 1307 te,
569 1257 669 1307 quid
707 1257 821 1295 aliud
859 1258 923 1294 est
961 1256 1109 1294 ciuitas
1146 1269 1271 1306 quam
1315 1269 1516 1305 magnum
1555 1256 1894 1294 monasterium?

296 1324 489 1362 Monachi
508 1323 645 1362 abbati
666 1336 741 1362 suo
762 1324 907 1372 parent
927 1324 998 1360 aut
1018 1322 1265 1372 praepositis
1281 1336 1290 1370 ;
1322 1322 1433 1360 ciues
1453 1321 1644 1372 episcopo
1664 1334 1709 1359 ac
1728 1321 1894 1370 pastori-

297 1390 373 1428 bus
412 1389 499 1428 suis
526 1389 818 1438 obsequuntur,
852 1401 954 1437 quos
984 1387 1072 1437 ipse
1102 1387 1293 1426 Christus
1321 1387 1529 1436 praefecit,
1560 1399 1644 1425 non
1672 1386 1893 1425 hominum

296 1455 507 1493 autoritas.
569 1454 640 1493 Illi
678 1454 830 1493 viuunt
868 1453 913 1491 in
943 1453 1031 1491 ocio
1060 1454 1101 1490 et
1130 1452 1265 1491 aliena
1293 1452 1540 1490 liberalitate
1569 1452 1824 1502 saginantur,
1848 1452 1893 1490 in

214 1525 277 1567 565
297 1533 517 1558 commune
547 1519 804 1569 possidentes
834 1518 943 1568 quod
970 1518 1073 1556 citra
1098 1518 1289 1556 sudorem
1318 1517 1406 1555 illis
1430 1518 1601 1556 obuenit
1627 1517 1751 1562 (nihil
1780 1517 1892 1555 enim

297 1585 468 1623 interim
495 1585 629 1623 dicam
659 1584 708 1622 de
731 1584 937 1633 vitiosis);
968 1584 1039 1622 isti
1061 1584 1170 1633 quod
1198 1596 1272 1621 sua
1301 1585 1552 1633 pepererunt
1580 1582 1797 1630 industria,
1820 1596 1893 1633 pro

297 1650 384 1688 suis
404 1650 577 1700 quisque
601 1649 870 1688 facultatibus
897 1649 1146 1698 impertiunt
1175 1648 1406 1698 egentibus.
1467 1649 1560 1687 Iam
1584 1661 1683 1686 vero
1706 1648 1814 1697 quod
1843 1648 1892 1686 ad

297 1715 501 1754 castitatis
539 1716 685 1754 votum
722 1715 886 1762 attinet,
910 1727 994 1752 non
1032 1714 1167 1752 ausim
1205 1714 1409 1764 explicare
1446 1713 1697 1764 quantulum
1726 1713 1893 1751 intersit

298 1781 408 1818 inter
425 1779 639 1829 vulgarem
661 1779 909 1818 coelibatum
928 1782 971 1817 et
989 1781 1147 1817 castum
1168 1779 1499 1818 matrimonium.
1558 1778 1786 1827 Postremo,
1811 1792 1892 1817 non

217 1861 280 1893 570
298 1845 520 1884 admodum
552 1846 596 1883 in
625 1859 672 1883 eo
702 1845 1040 1894 desyderabimus
1065 1845 1153 1882 tria
1174 1845 1245 1882 illa
1264 1847 1361 1883 vota
1381 1845 1431 1883 ab
1451 1844 1693 1882 hominibus
1719 1847 1890 1893 reperta,

298 1911 369 1961 qui
397 1911 581 1960 primum
610 1910 715 1948 illud
747 1912 789 1948 et
816 1910 988 1948 vnicum
1013 1911 1173 1957 votum,
1197 1910 1306 1959 quod
1327 1911 1370 1947 in
1398 1910 1605 1960 baptismo
1624 1923 1709 1947 non
1728 1909 1894 1947 homini

298 1977 367 2015 sed
389 1976 554 2015 Christo
575 1975 918 2025 nuncupauimus,
936 1975 1164 2024 synceriter
1181 1988 1362 2024 pureque
1379 1975 1621 2013 seruauerit.
1678 1974 1770 2012 Iam
1790 1974 1826 2013 si
1846 1988 1895 2013 ex

298 2044 471 2091 vtroque
516 2054 665 2091 genere
703 2041 836 2079 malos
874 2054 968 2078 cum
1008 2040 1133 2078 malis
1179 2040 1375 2088 conferas,
1415 2042 1529 2078 extra
1572 2040 1895 2079 controuersiam

298 2107 476 2156 potiores
496 2109 594 2145 sunt
614 2106 672 2144 hi.
730 2106 804 2144 Sin
827 2106 957 2144 bonos
985 2119 1080 2144 cum
1106 2106 1240 2154 bonis,
1264 2106 1492 2144 minimum
1515 2107 1579 2144 est
1598 2106 1835 2154 discrimen,
1859 2105 1895 2144 si

218 2187 279 2221 575
299 2175 440 2211 tamen
469 2174 531 2210 est
559 2172 705 2218 vllum,
732 2171 815 2210 nisi
836 2172 944 2221 quod
967 2171 1243 2221 religiosiores
1269 2171 1469 2210 videntur
1495 2172 1566 2221 qui
1596 2171 1738 2209 minus
1766 2171 1897 2210 coacti

299 2239 510 2287 praestant
528 2237 784 2287 religionem.
845 2236 1041 2286 Superest
1056 2237 1185 2286 igitur
1200 2240 1245 2275 vt
1266 2250 1388 2275 nemo
1405 2237 1471 2276 vel
1492 2237 1573 2275 sibi
1593 2236 1718 2275 stulte
1740 2236 1896 2286 placeat

300 2303 351 2341 ob
380 2303 489 2342 vitae
520 2315 649 2352 genus
678 2302 728 2340 ab
758 2302 851 2340 aliis
880 2302 1102 2349 diuersum,
1125 2302 1191 2340 vel
1221 2302 1406 2340 alienum
1433 2302 1677 2341 institutum
1697 2302 1897 2351 despiciat

299 2369 532 2407 damnetue.
591 2368 747 2406 Verum
773 2368 816 2405 in
845 2367 961 2406 omni
987 2367 1097 2406 vitae
1125 2380 1275 2417 genere
1295 2368 1447 2406 sithoc
1467 2367 1657 2406 omnium
1677 2379 1897 2405 commune

300 2433 496 2481 studium,
520 2435 567 2471 vt
586 2446 659 2482 pro
679 2445 752 2471 sua
773 2433 946 2483 quisque
965 2433 1080 2471 virili
1102 2433 1152 2471 ad
1179 2433 1335 2471 Christi
1363 2445 1534 2483 scopum
1564 2432 1759 2470 omnibus
1787 2444 1896 2482 prae-

220 2506 282 2545 580
300 2499 429 2537 fixum
467 2499 688 2546 enitamur,
721 2500 763 2536 et
799 2498 849 2536 ad
890 2498 930 2536 id
970 2498 1154 2535 inuicem
1194 2511 1268 2536 nos
1306 2498 1572 2536 cohortemur
1608 2499 1731 2547 atque
1769 2497 1895 2535 etiam

299 2563 534 2602 adiutemus
550 2577 560 2611 3
590 2576 664 2601 nec
684 2563 921 2601 inuidentes
941 2563 993 2601 iis
1013 2563 1085 2612 qui
1105 2576 1181 2601 nos
1202 2563 1247 2600 in
1266 2562 1344 2601 hoc
1364 2563 1498 2601 stadio
1517 2564 1798 2612 praecurrunt,
1822 2575 1896 2600 nec

299 2628 560 2667 fastidientes
585 2628 816 2667 imbecilles
843 2628 914 2678 qui
946 2641 1022 2666 nos
1047 2628 1214 2677 assequi
1245 2629 1433 2666 nondum
1461 2629 1647 2677 possunt.
1707 2627 1897 2677 Denique

301 2707 395 2731 cum
434 2694 609 2744 quisque
641 2694 749 2743 quod
778 2693 914 2743 potuit
943 2693 1160 2743 praestitit,
1192 2705 1243 2730 ne
1271 2693 1342 2731 fiat
1370 2692 1524 2731 similis
1553 2692 1804 2742 Euangelico
1834 2692 1897 2730 illi

302 2758 542 2806 Pharisaeo,
580 2759 652 2809 qui
690 2771 764 2797 sua
801 2758 1013 2797 benefacta
1052 2758 1176 2796 iactat
1213 2758 1321 2807 apud
1362 2758 1508 2807 Deum,
1542 2757 1712 2796 ‘Ieiuno
1750 2757 1816 2796 bis
1852 2757 1895 2795 in

346 2870 417 2898 557.
442 2861 466 2890 ii
485 2872 526 2893 a:
552 2861 680 2892 horum
698 2861 861 2901 plerique
877 2864 920 2891 H.
1074 2861 1148 2899 561.
1175 2860 1275 2891 aliud
1294 2864 1356 2891 αΗ
1372 2872 1379 2891 :
1404 2871 1462 2891 om.
1478 2862 1511 2895 β.
1662 2862 1736 2899 565.
1764 2860 1838 2891 illis
1855 2873 1873 2890 α
1891 2871 1897 2890 :

304 2904 393 2941 ipsis
406 2907 447 2934 H.
570 2905 645 2945 569.
670 2905 853 2944 vulgarem
870 2908 942 2935 add.
960 2907 1001 2936 H.
1127 2913 1199 2942 572.
1227 2913 1478 2944 nuncupamus
1493 2906 1534 2935 N.
1659 2905 1733 2943 583.
1757 2913 1838 2934 cum
1857 2917 1874 2934 a
1891 2914 1897 2933 :

304 2949 534 2985 posteaquam
552 2951 593 2978 H.

815 3027 889 3065 584.
917 3022 1123 3064 pharisaeo]
1148 3024 1246 3055 Luke
1267 3026 1315 3057 18.
1338 3035 1386 3057 12.
