2034 3433
199 1636 237 1656 10

194 2289 232 2310 20

193 2614 230 2645 25

263 142 342 179 110
729 141 980 180 LETTERS
1019 140 1089 178 or
1127 139 1393 180 ERASMUS
1734 139 1858 194 [1517

261 249 385 295 atque
413 247 643 285 etiamnum
673 245 876 293 impendo.
938 243 1071 281 Adest
1100 243 1334 283 Matthaeus
1364 245 1609 283 iamdudum
1635 246 1744 295 apud
1770 259 1857 295 nOS,

260 312 429 350 hortatu
448 312 571 350 modo
592 310 694 348 dicti
714 308 928 348 Ludouici.
988 309 1154 358 Impera
1178 311 1251 348 tuo
1277 310 1464 359 Erasmo,
1483 310 1518 349 si
1538 310 1636 361 quid
1657 310 1861 350 iudicabis

260 390 283 415 a
303 391 370 415 me
391 376 588 426 praestari
608 388 736 425 posse.
799 375 912 412 Bene
932 373 1035 413 vale.

316 442 491 480 Louanii
512 441 707 490 postridie
728 441 873 478 Lucae.
934 440 1072 477 Anno.
1095 438 1357 493 M.1).xvn[1].

753 582 851 622 687.
911 580 975 621 ΤΟ
1007 580 1159 621 PETER
1190 580 1370 622 GILLEs.

307 674 469 720 Farrago
488 686 523 718 p.
547 684 621 717 192.
1504 670 1732 718 (Louvain.)

307 732 345 766 F.
364 745 399 777 p.
420 733 508 776 328:
536 730 627 765 HN:
654 731 771 766 Lond.
791 730 852 764 vii.
872 740 938 775 29:
967 729 1040 765 LB.
1060 731 1139 774 368.
1427 729 1481 775 (c.
1500 729 1663 765 October
1684 729 1810 777 1517.)

303 814 380 854 [An
397 813 641 853 approximate
666 813 748 842 date
772 821 839 842 can
857 811 899 841 be
922 811 1087 850 assigned
1112 811 1203 841 from
1229 811 1290 841 the
1311 810 1446 841 arrival
1468 811 1506 842 of
1528 812 1702 843 Matthew
1719 812 1858 843 Adi-ian

262 859 308 896 ³1).
328 857 404 896 109‘1
423 857 495 887 and
513 856 575 887 the
594 856 759 896 printing
775 854 813 885 of
825 855 887 885 the
905 854 1125 894 Paraphrase
1146 855 1223 894 (Ep.
1246 854 1354 895 710).]

447 956 652 986 ERASMVS
683 954 1019 985 ROTERODAMVS
1047 953 1191 983 PETRO
1221 953 1413 984 AEGIDIO
1445 954 1528 984 SVO
1560 954 1595 986 S.
1624 954 1668 985 D.

310 1038 482 1076 mem
503 1038 627 1076 istam
647 1036 778 1075 animi
798 1036 1088 1085 impotentiam
1108 1035 1240 1084 possis
1258 1035 1433 1084 vincere,
1456 1037 1498 1074 et
1516 1037 1610 1074 tuae
1630 1035 1861 1074 valetudini

256 1103 533 1153 perniciosam
560 1106 600 1141 et
627 1103 678 1141 ad
705 1115 771 1140 res
798 1101 999 1151 gerendas
1025 1101 1126 1139 adeo
1153 1100 1350 1139 inutilem
1377 1103 1423 1139 vt
1443 1102 1712 1140 vehementer
1735 1101 1860 1140 etiam

255 1168 428 1207 officiat!
487 1168 594 1216 Quid
629 1181 733 1217 opus
765 1169 854 1205 erat
890 1166 1048 1216 aperire
1087 1166 1351 1205 stomachum
1385 1167 1586 1205 aduersus
1619 1166 1862 1206 medicum?

255 1234 445 1272 Sciebam
479 1234 600 1272 illum
635 1233 743 1271 nihil
775 1233 996 1279 daturum3
1035 1232 1203 1269 tantum
1237 1231 1406 1270 lubebat
1438 1232 1695 1271 comoediam
1729 1246 1858 1282 agere.

256 1300 377 1338 Nunc
410 1300 445 1338 si
478 1299 622 1337 faciem
671 1297 940 1348 pei-fricuerit‚
977 1309 1028 1334 ne
1062 1296 1275 1334 tantulum
1310 1297 1480 1346 quidem
1515 1297 1603 1347 spei
1635 1298 1774 1346 fuerit,
1819 1300 1859 1336 et

255 1365 425 1415 incipiet
453 1365 591 1414 palam
620 1376 706 1402 esse
736 1362 878 1401 hostis.
939 1361 1056 1410 Quod
1087 1362 1123 1399 si
1152 1364 1262 1399 certa
1291 1375 1385 1412 spes
1413 1362 1572 1411 fuisset,
1606 1361 1754 1401 malim
1786 1376 1859 1413 ego

256 1433 425 1469 centum
445 1429 627 1468 fraudari
648 1428 811 1479 cyathis
832 1440 956 1477 quam
981 1429 1022 1465 te
1046 1427 1174 1465 semel
1194 1427 1382 1466 acerbius
1402 1428 1669 1466 commoneri.
1731 1427 1859 1466 Crede

255 1495 371 1542 mihi,
411 1495 492 1533 nisi
527 1495 577 1533 ab
612 1494 679 1532 his
718 1493 878 1532 duobus
915 1493 1170 1542 temperaris,
1208 1492 1340 1531 animi
1372 1493 1683 1543 perturbatione
1722 1495 1763 1531 et
1799 1493 1858 1532 in-

254 1560 503 1610 tempestiuo
542 1560 664 1604 coitu,
705 1573 787 1597 non
826 1558 943 1596 lubet
981 1558 1119 1608 eloqui
1158 1558 1257 1608 quid
1292 1558 1371 1596 tibi
1408 1558 1592 1606 timeam,
1633 1558 1694 1596 mi
1733 1558 1858 1597 Petre

254 1626 503 1664 charissime.
563 1626 695 1673 Quare
729 1627 769 1662 te
804 1624 1003 1662 maiorem
1039 1623 1082 1660 in
1118 1624 1289 1662 modum
1323 1637 1405 1671 oro,
1444 1623 1584 1663 omnia
1617 1624 1857 1674 postponito

252 1693 348 1730 tuae
368 1691 504 1730 saluti.

307 1758 368 1796 De
397 1757 582 1807 aduentu
613 1758 754 1793 nostro
781 1755 832 1793 ad
862 1754 1019 1792 Christi
1048 1754 1230 1792 natalem
1259 1755 1408 1792 medici
1436 1754 1569 1804 gratia
1597 1754 1852 1805 scripseram,

253 1835 339 1860 non
360 1822 476 1870 serio,
501 1835 553 1859 ne
573 1821 639 1858 vel
660 1823 705 1858 tu
727 1821 881 1858 frustra
908 1832 1046 1869 speres
1069 1819 1134 1857 vel
1159 1832 1262 1857 vxor
1281 1819 1435 1858 frustra
1455 1819 1627 1857 metuat.
1686 1820 1856 1859 Certum

251 1888 314 1925 est
343 1887 458 1925 enim
488 1886 585 1924 hinc
617 1899 702 1924 non
732 1885 911 1933 migrare
941 1885 1069 1923 donec
1099 1884 1207 1934 quod
1238 1886 1299 1922 est
1329 1884 1373 1923 in
1402 1884 1596 1923 manibus
1629 1884 1857 1924 absoluero.

216 1963 232 1993 5
253 1952 522 2002 Paraphrasis
561 1964 686 2001 quam
724 1963 895 1988 exorsus
934 1963 1027 1988 sum
1066 1950 1111 1987 in
1150 1949 1318 1998 tabulis,
1359 1951 1444 1988 iam
1481 1949 1670 1989 absoluta
1709 1951 1857 1990 excudi

251 2018 397 2056 formis
435 2019 577 2067 coepta
615 2018 689 2054 est.
760 2016 893 2054 Adest
932 2015 1110 2054 Ioannes
1147 2007 1355 2063 Borsalus,
1397 2015 1524 2053 huius
1563 2015 1727 2066 collegii
1764 2029 1854 2055 con-

251 2082 491 2129 tubernalis.
517 2081 731 2120 conuictor
757 2081 946 2118 omnium
973 2079 1282 2118 festiuissimus.
1338 2080 1513 2118 Vtinam
1541 2079 1618 2117 tibi
1643 2078 1854 2130 integrum

251 2150 358 2186 esset
378 2150 512 2186 totam
533 2148 729 2196 hyemem
750 2146 968 2184 nobiscum
988 2159 1116 2195 agere,
1140 2148 1180 2183 et
1200 2145 1293 2184 istis
1313 2145 1493 2195 negociis
1516 2158 1622 2195 quae
1641 2147 1683 2183 te
1701 2146 1855 2185 frustra

251 2214 448 2261 cruciant,
471 2213 634 2251 iuberes
653 2214 777 2262 μακρὰ
798 2213 939 2250 κλαίειν
959 2213 967 2250 Σ
1024 2211 1198 2249 Placent
1219 2211 1326 2249 Mori
1346 2210 1541 2249 carmina.

304 2279 481 2328 Appulit
512 2278 593 2316 huc
628 2277 844 2316 Hebraeus
876 2278 1047 2327 quidam
1082 2277 1329 2325 Matthaeus,
1363 2290 1460 2315 suae
1494 2276 1660 2325 linguae
1692 2277 1853 2327 egregie

251 2344 431 2393 peritus:
462 2357 579 2393 spero
599 2345 686 2381 fore
707 2345 754 2381 vt
773 2343 842 2381 hic
862 2343 926 2381 illi
946 2342 1143 2381 salarium
1164 2342 1408 2380 decernatur
1427 2355 1477 2379 ex
1502 2340 1681 2379 Buslidii
1700 2340 1849 2391 legato.

251 2409 296 2447 Si
334 2422 401 2447 me
440 2422 564 2457 amas,
600 2409 796 2447 omnibus
834 2408 1084 2458 posthabitis
1118 2408 1169 2447 da
1203 2421 1370 2457 operam
1403 2408 1451 2445 vt
1483 2406 1631 2446 valeas.
1704 2406 1853 2456 Magna

249 2474 385 2512 morbi
413 2476 476 2513 tui
502 2487 596 2524 pars
622 2475 673 2511 ab
700 2475 839 2512 animo
864 2475 1029 2524 pendet.
1089 2474 1134 2512 Si
1160 2471 1426 2511 commodum
1450 2474 1523 2519 est,
1546 2483 1707 2509 accerse
1732 2471 1783 2509 ad
1810 2474 1852 2510 te

251 2539 518 2578 Franciscum
552 2542 594 2578 et
627 2540 722 2578 vide
754 2542 897 2577 vtrum
928 2539 1028 2577 velit
1058 2539 1188 2577 facere
1216 2538 1324 2588 quod
1354 2536 1497 2575 scribit
1526 2535 1766 2574 Lachnerus
1797 2550 1850 2575 an

251 2618 333 2642 non
352 2619 360 2652 ;
390 2605 460 2643 sed
481 2605 620 2643 verbis
640 2604 843 2653 benignis,
868 2607 915 2643 vt
935 2604 1052 2651 mihi,
1076 2604 1111 2642 si
1132 2603 1249 2652 nolit,
1273 2602 1354 2641 alia
1374 2602 1441 2640 via
1460 2601 1735 2651 prospiciam:
1766 2615 1847 2641 non

293 2727 367 2754 ϋιδϋ.
392 2734 445 2755 22.
473 2724 676 2754 Matthaeus
692 2726 780 2755 MS:
805 2724 881 2763 ipse
897 2726 932 2754 F.
1112 2732 1164 2761 23.
1190 2724 1253 2752 tuo
1271 2723 1353 2760 MS„
1373 2722 1411 2757 (j,
1429 2723 1509 2757 Epp.
1528 2721 1603 2758 671.
1625 2730 1677 2759 11,
1694 2721 1770 2759 691.
1789 2730 1847 2760 15:

249 2771 289 2796 tu
317 2769 360 2798 H.
520 2777 573 2806 25.
608 2769 725 2797 Anno.
757 2777 928 2799 M.D.XV111
957 2769 1033 2797 add.
1058 2769 1095 2797 D.
1274 2765 1349 2795 687.
1378 2775 1409 2802 4.
1442 2763 1605 2794 Sciebam
1628 2766 1673 2795 F:
1707 2764 1786 2795 Scio
1810 2767 1849 2796 E.

253 2820 300 2848 15.
328 2810 450 2840 tabula
467 2813 508 2840 H.
644 2812 693 2841 16.
719 2812 874 2842 Ioannes
890 2813 963 2842 add.
979 2812 1024 2841 H.
1157 2818 1208 2847 25.
1233 2808 1262 2838 si
1281 2807 1373 2838 nolit
1390 2810 1465 2839 add.
1482 2810 1519 2839 F.

291 2908 364 2937 687.
393 2917 422 2945 3.
447 2908 645 2948 medicum]
670 2907 838 2946 Afinius;
874 2907 916 2939 cf.
945 2908 1008 2947 Ep.
1127 2916 1176 2944 15.
1203 2905 1453 2947 Paraphrasis]
1472 2906 1522 2937 Cf.
1543 2906 1606 2945 Ep.
1627 2907 1703 2945 684.
1722 2915 1770 2945 13.

249 2952 323 2990 638.
344 2952 382 2981 18
399 2961 433 2981 n.
1127 2951 1175 2980 16.
1202 2949 1387 2990 Borsalus]
1405 2950 1468 2980 See
1485 2950 1549 2989 Ep.
1568 2960 1630 2989 291
1649 2948 1784 2981 introd.

294 3004 342 3033 13.
367 2994 470 3034 vxor]
488 2995 539 3026 Cf.
556 2996 618 3033 Ep.
638 2996 712 3033 476.
726 3004 843 3033 27—31.
1125 3003 1175 3033 19.
1202 2992 1380 3033 carmina]
1399 2993 1437 3023 in
1455 2994 1520 3032 Ep.
1538 2993 1613 3032 684.
