2034 3433
368 135 447 174 618
828 133 1077 172 LETTERS
1115 132 1184 171 OF
1220 131 1483 171 ERASMUS
1820 130 1860 185 [1
1869 145 1891 182 5
1899 146 1915 171 1
1922 147 1946 183 9

311 255 348 288 15
367 237 586 287 incognita,
608 235 810 273 nimirum
839 233 1097 272 eruditorum
1125 233 1310 272 virorum
1338 234 1521 272 oratione
1548 234 1670 273 nobis
1695 247 1813 285 saepe
1838 248 1946 286 prae-

366 303 563 349 dicata—,
600 299 747 338 deinde
778 298 902 348 Regis
929 298 995 336 sui
1032 300 1073 337 et
1105 297 1337 338 Cardinalis
1367 299 1587 339 Eboracen.
1621 299 1764 347 literis,
1799 313 1845 339 ac
1873 302 1946 340 tuo

366 368 572 417 postremo
601 363 849 411 testimonio,
882 362 1053 401 charum
1081 362 1292 411 habemus,
1325 363 1641 414 complectimur
1668 363 1944 414 cupidissime.

366 431 427 469 'Pu
447 443 569 480 perge
599 442 734 467 sacras
761 428 901 467 literas
928 429 970 466 et
999 427 1186 466 diuinam
1215 428 1463 478 theologiam
1496 428 1739 468 admirando
1771 428 1845 468 illo
1876 431 1947 468 tuo

365 495 502 535 studio
530 494 790 543 locupletare.
847 492 915 531 Sic
947 492 1061 530 enim
1094 493 1166 531 fiet
1199 495 1246 532 vt
1279 493 1448 532 barbara
1481 507 1568 532 esse
1596 494 1769 543 desinat,
1800 494 1837 532 si
1870 508 1950 545 qua

310 580 349 602 20
365 560 542 599 maxime
572 559 651 598 fuit
680 559 802 597 natio.
862 558 929 596 Ad
959 558 1069 608 quod
1097 558 1334 598 felicitatem
1363 559 1441 597 tibi
1469 573 1637 598 omnem
1666 562 1706 598 et
1734 573 1784 598 ex
1810 560 1950 599 animo

365 638 598 665 successum
617 626 818 674 optamus,
842 625 1026 662 nostram
1048 623 1097 661 ad
1117 623 1159 661 id
1179 637 1300 674 opem
1319 637 1563 675 operamque
1583 625 1838 675 pollicentes,

419 690 659 729 Huttenum
690 691 895 737 nostrum,
927 689 993 726 vel
1023 688 1175 727 idcirco
1205 689 1301 739 quia
1327 690 1457 728 amari
1493 689 1567 728 abs
1595 691 1635 728 te
1663 689 1948 740 intelligimus,

365 755 542 794 libenter
575 754 799 804 diligimus.
857 754 919 792 De
949 753 1089 792 libello
1123 755 1241 793 nobis
1274 768 1346 804 per
1375 757 1416 794 te
1446 755 1580 794 dicato
1614 755 1721 794 nihil
1750 756 1812 793 est
1842 755 1948 805 quod

366 820 545 860 turberis
560 834 569 868 ;
598 819 708 858 haud
728 832 846 869 aegre
864 819 1041 857 tulimus
1059 819 1110 857 ab
1129 819 1208 858 alio
1227 819 1321 858 aliis
1339 820 1596 869 adscriptum
1619 820 1751 869 illum,
1773 819 1950 870 quando-

310 904 347 935 25
365 886 532 937 quidem
552 885 672 924 nobis
696 887 743 924 tu
768 887 862 923 ante
885 884 1175 924 destinaueras.
1234 885 1513 924 Remittemus
1538 888 1579 924 et
1599 887 1789 924 nostrum
1808 884 1950 924 statim

367 950 674 990 munusculum.

418 1017 482 1056 Tu
502 1016 673 1055 interim
692 1016 784 1055 vale
803 1029 853 1054 ex
872 1015 1041 1054 ciuitate
1061 1015 1267 1066 imperiali
1286 1016 1566 1064 Francfurdia,
1584 1016 1650 1055 die
1670 1015 1951 1054 decimatertia

366 1082 523 1121 mensis
543 1081 669 1120 Iunii.
693 1082 816 1120 Anno
837 1092 1018 1119 M.D.X1x.

738 1225 834 1265 989.
895 1222 1026 1264 FROM
1058 1223 1298 1265 NicHoLAs
1329 1225 1587 1267 BERALDUS.

413 1317 577 1363 Farrago
595 1328 630 1361 p.
650 1316 729 1360 364.
1679 1314 1796 1351 Paris.

416 1375 453 1410 F.
474 1387 509 1421 p.
529 1376 619 1420 456:
646 1373 737 1408 HN:
764 1372 879 1408 Lond.
900 1371 949 1407 xi.
972 1382 1034 1407 12:
1061 1371 1133 1406 LB.
1152 1383 1231 1417 320.
1576 1384 1620 1408 20
1636 1373 1733 1408 June
1753 1371 1904 1418 (1519).

836 1463 921 1505 [For
937 1463 997 1494 the
1015 1463 1097 1494 date
1113 1464 1157 1495 cf.
1173 1464 1235 1504 Ep.
1253 1474 1319 1505 925
1334 1465 1485 1506 introd.]

435 1560 824 1599 ELOQVENTISSIMO
855 1558 1091 1589 THEOLOGO
1120 1559 1300 1589 ERASMO
1329 1560 1633 1590 ROTERODAMO
1663 1559 1883 1591 NICOLAVS

1012 1627 1246 1658 BERALDVS
1277 1629 1311 1659 S.

421 1712 532 1750 DEDI
551 1709 829 1761 superioribus
845 1708 990 1747 diebus
1005 1709 1162 1758 optimo
1176 1711 1297 1759 atque
1310 1709 1614 1748 humanissimo
1627 1709 1716 1748 viro
1736 1709 1952 1748 Francisco

367 1777 493 1818 caluo
514 1776 681 1823 Budaei,
706 1774 870 1813 Deloini
889 1774 1070 1813 simulet
1085 1787 1199 1812 meas
1211 1775 1261 1813 ad
1282 1777 1321 1813 te
1342 1775 1493 1822 literas,
1507 1774 1677 1813 Erasme
1691 1773 1949 1813 doctissime:

367 1855 469 1893 quas
488 1841 597 1879 nihil
617 1840 761 1879 dubito
781 1839 882 1889 quin
901 1839 937 1878 is
956 1838 1046 1887 tibi,
1065 1839 1192 1877 etiam
1213 1839 1249 1877 si
1264 1840 1405 1887 serius,
1422 1842 1531 1878 certo
1543 1841 1681 1877 tamen
1695 1838 1951 1888 fideliterque

367 1906 605 1946 reddiderit.
663 1905 782 1943 Nunc
801 1904 878 1943 etsi
898 1902 1006 1942 nihil
1024 1905 1112 1941 erat
1132 1904 1240 1954 quod
1261 1904 1491 1953 scriberem,
1514 1904 1792 1954 proficiscenti
1810 1905 1950 1942 tamen

331 1980 349 2011 5
367 1973 466 2011 hinc
494 1971 545 2010 ad
564 1984 639 2010 vos
667 1970 763 2008 huic
792 1968 1006 2008 tabellario
1035 1981 1119 2007 non
1146 1969 1265 2018 potui
1294 1982 1377 2008 non
1405 1969 1561 2020 aliquid
1590 1969 1803 2008 literarum
1831 1969 1882 2008 ad
1909 1973 1950 2008 te

368 2038 463 2076 dare
478 2051 489 2084 ;
531 2035 774 2086 praesertim
811 2036 974 2085 petente
1011 2033 1054 2072 id
1088 2047 1111 2072 a
1143 2046 1210 2072 me
1243 2036 1364 2084 atque
1393 2035 1492 2073 adeo
1520 2034 1742 2084 procaciter
1768 2034 1952 2073 instante

369 2101 594 2142 Guilielmo
607 2101 768 2140 Neseno
787 2102 881 2138 tuo:
910 2098 1037 2137 simul
1048 2100 1095 2137 vt
1113 2098 1323 2149 intelligas
1344 2101 1592 2149 quantopere
1611 2099 1752 2138 literae
1770 2099 1839 2137 hic
1857 2101 1952 2138 tuae

367 2182 391 2206 a
411 2166 531 2206 nobis
559 2167 815 2216 expetantur,
848 2164 975 2203 simul
997 2166 1042 2202 vt
1069 2164 1287 2214 epistolam
1314 2164 1497 2214 aliquam
1523 2166 1639 2203 tuam
1663 2164 1714 2203 ad
1745 2163 1951 2215 optimum

368 2246 413 2271 ac
449 2231 739 2271 doctissimum
770 2231 907 2270 virum
943 2229 1216 2268 Guilielmum
1258 2229 1442 2279 Hueum,
1474 2229 1722 2269 Parisiensis
1760 2229 1952 2268 ecclesiae

756 2345 830 2375 989.
855 2353 918 2374 TIT.
944 2351 1231 2379 ELOQVENssssmo
1248 2351 1426 2373 THEOLoeo
1442 2352 1500 2372 om.
1517 2344 1559 2373 H.

411 2457 486 2488 988.
512 2457 563 2487 26.
588 2454 858 2494 munusculum]
883 2454 947 2485 See
969 2453 1032 2492 Ep.
1049 2454 1123 2492 986.
1234 2462 1266 2491 9.
1295 2452 1454 2492 Hueum]
1478 2451 1574 2483 Wm.
1598 2450 1681 2482 Hue
1705 2450 1833 2492 (†30-1
1862 2449 1950 2489 July

368 2509 410 2539 35
429 2510 464 2532 n.
1195 2496 1292 2536 1522)
1320 2505 1391 2526 was
1417 2497 1453 2526 at
1483 2495 1560 2525 first
1589 2504 1609 2525 a
1638 2494 1872 2525 Benedictine
1910 2493 1948 2523 in

412 2544 487 2574 989.
504 2553 534 2573 2.
562 2541 701 2583 literas]
726 2542 829 2572 From
849 2541 910 2571 the
932 2539 1125 2579 repetition
1191 2540 1241 2571 St.
1260 2540 1432 2578 Aignan⁷s
1447 2540 1482 2569 at
1498 2538 1654 2569 Orleans.
1703 2538 1749 2568 In
1763 2537 1837 2568 Oct.
1854 2545 1949 2576 1510,

370 2586 408 2617 of
421 2589 513 2617 binas
528 2587 569 2616 in
584 2586 649 2625 Ep.
663 2595 727 2624 994
745 2586 774 2615 it
791 2594 901 2615 seems
919 2583 1029 2623 likely
1045 2583 1125 2613 that
1191 2583 1297 2613 when
1308 2582 1440 2613 Badius
1451 2581 1636 2612 dedicated
1648 2582 1685 2611 to
1698 2581 1775 2611 him
1787 2580 1952 2611 Holkot's

371 2631 455 2661 both
472 2631 556 2660 here
573 2629 644 2660 and
661 2629 761 2659 there
778 2628 951 2658 Beraldus
964 2627 995 2658 is
1006 2626 1129 2657 think·
1193 2628 1248 2665 (or
1278 2626 1461 2665 Walleys’)
1499 2624 1771 2656 commentaries
1804 2633 1850 2655 on
1886 2623 1951 2654 the

370 2675 431 2713 ing
445 2674 482 2704 of
488 2673 550 2704 the
564 2673 689 2703 letters
701 2671 908 2703 mentioned
921 2671 959 2700 in
976 2671 1040 2710 Ep.
1053 2679 1129 2709 925.
1192 2670 1364 2700 Proverbs
1379 2670 1416 2699 of
1428 2668 1604 2708 Solomon‚
1623 2668 1669 2698 he
1685 2677 1756 2698 was
1772 2667 1859 2698 B.D.
1876 2667 1949 2698 and

372 2727 422 2756 172
437 2728 443 2746 :
459 2717 594 2756 though
608 2716 782 2755 *proximo
792 2715 938 2746 biennio
950 2715 957 2731 ’
971 2714 1035 2744 has
1048 2723 1129 2743 now
1193 2713 1263 2744 had
1288 2713 1426 2743 become
1451 2722 1472 2743 a
1496 2712 1707 2742 Francisean
1733 2710 1950 2750 (Renouard,

369 2762 510 2791 become
550 2759 808 2799 ‘superioribus
845 2758 971 2789 diebus
985 2758 1003 2789 '.
1058 2757 1129 2787 Bu·
1193 2758 1327 2795 Badius,
1353 2756 1390 2787 ii.
1419 2756 1509 2796 494).
1555 2755 1626 2785 But
1649 2755 1706 2785 his
1729 2753 1952 2794 sympathies

369 2804 486 2834 daeus‘
513 2803 621 2834 letter
641 2802 759 2833 would
782 2802 867 2833 thus
890 2802 933 2831 be
956 2801 1020 2840 Ep.
1042 2801 1106 2840 819
1122 2811 1129 2829 :
1193 2809 1284 2831 were
1298 2799 1425 2830 liberal
1442 2810 1450 2838 ;
1465 2799 1519 2829 for
1534 2797 1717 2837 Rei-aldus,
1736 2798 1775 2828 in
1791 2796 1950 2827 address-

371 2845 558 2885 Deloynes'
572 2848 603 2877 is
617 2846 698 2878 lost.
1192 2845 1253 2883 ing
1263 2845 1299 2873 to
1310 2844 1385 2874 Nic.
1396 2843 1549 2873 Brachet
1560 2851 1606 2872 an
1619 2841 1754 2871 edition
1766 2840 1804 2871 of
1813 2840 1950 2880 Pliny’s

414 2900 443 2928 5.
475 2890 677 2930 tabellario]
711 2889 886 2928 Probably
914 2888 1007 2919 Haio
1040 2887 1130 2918 Her·
1192 2889 1233 2918 N.
1245 2889 1304 2924 H„
1320 2896 1358 2925 15
1371 2886 1443 2917 Oct.
1458 2884 1594 2927 (1516),
1607 2884 1812 2915 concludes:
1833 2885 1841 2901 ⁴
1854 2883 1948 2923 Vale,

371 2942 482 2964 mann
495 2944 503 2971 3
521 2943 576 2964 see
587 2933 769 2964 Erasmus'
782 2933 888 2963 letter
898 2933 933 2962 to
944 2930 1127 2969 Beraldus,
1193 2931 1228 2960 et
1241 2930 1446 2961 Guielmum
1460 2930 1616 2966 Hueum,
1627 2927 1802 2968 optimum
1813 2936 1853 2958 ac
1865 2936 1949 2966 syn-

370 2986 391 3014 9
407 2977 494 3015 Aug.
514 2986 603 3015 1519.
1193 2974 1392 3005 carissimae
1429 2972 1513 3003 fidei
1543 2973 1672 3011 virum,
1704 2971 1814 3002 etiam
1843 2972 1948 3010 atque
