2034 3433
266 151 344 190 152
727 149 979 190 LETTERS
1019 148 1087 186 OF
1124 147 1392 186 ERASMUS
1732 144 1802 200 [15
1811 162 1825 185 1
1837 158 1856 197 7

263 268 349 293 non
369 257 485 294 vacet
504 254 571 293 vel
591 254 732 304 paucis
746 252 981 302 significare
1001 251 1109 300 quod
1128 249 1293 300 postulo
1309 264 1319 289 :
1349 250 1457 300 quod
1473 250 1519 288 ni
1537 249 1646 297 facis,
1664 250 1856 301 colligam

227 333 243 364 5
264 321 336 358 aut
365 320 567 358 offensum
593 322 632 357 te
657 320 728 356 aut
751 318 931 367 priorem
957 316 1079 354 illum
1105 315 1337 353 tumultum
1363 315 1491 353 fuisse
1512 314 1753 354 ludibrium.
1815 317 1859 356 Si

264 385 364 434 quid
384 385 566 423 offensus
590 397 643 431 es,
665 383 777 432 aperi
805 382 905 432 quid
936 381 1083 428 doleat,
1106 393 1186 431 quo
1211 380 1281 419 vel
1303 380 1460 419 mederi
1487 381 1555 419 vel
1581 380 1625 418 in
1645 383 1859 430 posterum

263 451 370 488 certe
400 463 544 488 cauere
572 447 743 498 possim.
799 447 874 486 Sin
902 446 1027 485 ludus
1056 446 1137 485 fuit
1161 445 1235 484 illa
1260 446 1373 496 prior
1398 445 1613 483 literarum
1635 445 1856 495 tragoedia,

265 514 386 564 cupio
407 513 602 563 quicquid
623 515 685 551 est
704 525 958 562 cognoscere.
1017 511 1133 549 Bene
1154 511 1258 559 vale,
1283 511 1520 549 doctissime
1540 510 1717 550 Budaee.

317 578 493 617 Louanii
513 577 641 616 natali
660 577 761 616 Diui
780 577 983 616 Andreae.
1035 578 1117 615 An.
1140 589 1228 616 M.D.
1258 586 1316 624 17.

760 708 858 748 724.
919 706 982 747 To
1013 705 1164 747 JAMES
1195 705 1363 747 FABER.

311 798 497 833 Deventer
514 797 591 832 MS.
611 806 668 842 91,
689 796 714 832 f.
735 806 791 842 79.
1507 794 1682 831 Louvain.

313 856 385 892 LB.
403 857 500 901 App.
518 865 597 891 211.
1370 864 1415 899 30
1433 853 1641 890 November
1660 851 1814 900 (1517).

851 918 1068 959 [Following
1085 919 1149 958 Ep.
1170 918 1263 959 6590]

745 1006 950 1036 ERASMVS
980 1005 1127 1036 FABRO
1159 1006 1240 1036 SVO
1272 1006 1305 1037 S.
1331 1006 1375 1037 D.

319 1089 517 1127 MISERAM
550 1088 601 1126 ad
639 1089 680 1126 te
714 1101 788 1138 per
824 1087 1066 1137 theologum
1104 1087 1313 1137 quendam
1351 1087 1616 1137 Apologiam,
1650 1100 1732 1137 qua
1768 1089 1865 1126 tuae

264 1153 537 1204 disputationi
568 1154 638 1192 vel
670 1152 809 1203 potius
839 1152 1121 1191 criminationi
1150 1152 1389 1202 respondeo.
1450 1152 1512 1191 Ea
1541 1153 1578 1191 si
1607 1154 1649 1191 te
1679 1152 1863 1201 offendit,

265 1219 342 1258 tibi
366 1219 550 1269 imputes
576 1219 747 1268 oportet.
808 1217 942 1256 Erant
967 1219 1055 1255 tam
1069 1217 1213 1265 multa,
1236 1219 1323 1256 tam
1346 1218 1515 1265 atrocia,
1535 1220 1583 1257 vt
1603 1218 1866 1257 dissimulare

265 1298 340 1323 nec
370 1284 577 1335 potuerim
610 1297 684 1322 nec
719 1283 945 1322 debuerim.
1006 1283 1058 1321 Id
1089 1296 1173 1321 vno
1207 1295 1275 1321 ore
1309 1296 1474 1333 vnoque
1508 1283 1649 1321 animo
1679 1283 1866 1322 sentiunt

228 1373 246 1403 5
266 1363 412 1388 omnes
442 1350 514 1400 qui
548 1351 620 1388 tua
652 1349 852 1399 legerunt.
915 1348 961 1387 Si
989 1349 1223 1398 respondes,
1253 1361 1380 1400 queso
1409 1351 1463 1397 te,
1493 1348 1737 1387 memineris
1766 1348 1865 1399 quid

267 1415 398 1453 Fabro
437 1414 612 1464 dignum
649 1414 716 1462 sit,
758 1413 795 1452 si
832 1415 998 1452 nostrae
1034 1414 1243 1453 amicitiae
1281 1427 1429 1464 parum
1467 1427 1555 1452 esse
1593 1414 1867 1453 tribuendum

266 1482 408 1529 putas:
447 1493 573 1529 quam
602 1492 675 1528 ego
705 1480 813 1517 certe
842 1479 1017 1529 plurimi
1045 1479 1159 1518 facio.
1218 1479 1344 1518 Vides
1373 1479 1591 1529 plerosque
1620 1479 1671 1518 ad
1700 1478 1867 1517 maledi-

267 1545 386 1583 cendi
423 1545 583 1583 rabiem
620 1544 850 1583 accinctos:
898 1557 950 1582 ne
988 1544 1136 1584 demus
1179 1558 1325 1584 ansam
1364 1545 1607 1583 huiusmodi
1645 1544 1867 1583 hominum

268 1611 418 1661 generi.
492 1610 637 1648 Doceri
665 1623 733 1648 me
759 1610 907 1660 patiar,
937 1611 1072 1660 patiar
1100 1614 1141 1649 et
1179 1610 1438 1660 reprehendi.
1496 1610 1763 1659 Impietatem
1793 1609 1868 1648 im·

214 1700 251 1721 10
268 1676 384 1727 pingi
415 1675 460 1714 in
490 1675 715 1723 Christum,
748 1688 843 1714 cum
876 1688 962 1714 non
990 1689 1159 1723 merear,
1192 1689 1277 1714 non
1310 1676 1454 1715 feram.
1524 1675 1639 1714 Bene
1667 1674 1770 1723 vale,
1801 1675 1867 1714 vir

269 1742 433 1792 optime,
464 1753 631 1790 nosque,
662 1741 785 1779 sicuti
808 1741 925 1789 soles,
952 1754 1056 1790 ama,
1087 1741 1151 1780 tui
1179 1754 1230 1780 ex
1259 1742 1401 1781 animo
1430 1743 1628 1780 amantes.

322 1796 500 1845 Louanii'
518 1805 659 1845 Natali
678 1806 767 1844 diui
785 1807 987 1845 Andreae.

549 1937 646 1978 725.
705 1935 769 1977 ΤΟ
799 1935 925 1977 JOHN
958 1936 1178 1978 PYRRHUS
1210 1936 1581 1977 D'ANGLEBERME.

317 2025 507 2061 Deventer
525 2025 602 2061 MS.
620 2036 679 2071 91,
696 2025 721 2060 f.
739 2027 786 2070 46
802 2029 853 2060 v0.
1533 2026 1712 2062 Louvain.

320 2084 391 2119 LB.
410 2085 507 2129 App.
526 2094 605 2129 213.
1426 2096 1472 2129 30
1488 2085 1699 2120 November
1719 2094 1821 2130 1517.

276 2210 280 2214 .
315 2165 615 2249 {Codnffemporary
638 2165 729 2196 with
754 2164 842 2205 Epp.
872 2174 944 2205 721,
972 2174 1091 2204 723-4.
1136 2164 1204 2196 For
1227 2165 1290 2195 the
1316 2164 1612 2203 d’Anglebermes
1635 2175 1692 2197 see
1717 2166 1780 2206 Ep.
1809 2175 1868 2204 140

273 2219 309 2240 m
331 2219 366 2239 ro
395 2233 403 2242 .

739 2262 943 2293 ERASMVS
973 2263 1156 2294 PYRRHO
1188 2263 1269 2293 SVO
1300 2264 1333 2294 S.
1359 2264 1403 2296 D.

324 2345 565 2383 VOLVPTATI
611 2343 693 2382 fuit
741 2346 812 2382 tua
860 2343 1047 2394 epistola.
1122 2344 1180 2382 Te
1227 2344 1386 2391 florere,
1431 2346 1592 2393 patrem
1639 2343 1870 2382 etiamnum

272 2412 463 2459 vegetum
509 2422 597 2448 esse
641 2423 739 2448 sane
784 2410 952 2460 gaudeo.
1014 2409 1109 2448 Non
1156 2409 1429 2447 abhorrebam
1472 2422 1495 2447 a
1539 2409 1686 2457 Gallia,
1726 2422 1870 2448 verum

275 2473 413 2526 [mihi]
452 2477 543 2513 tum
586 2474 691 2513 mihi
734 2475 923 2513 nondum
969 2476 1055 2513 erat
1096 2476 1237 2512 tutum
1281 2474 1330 2512 de
1376 2473 1593 2523 migrando
1630 2474 1756 2523 loqui,
1796 2487 1870 2513 nec

274 2540 373 2578 satis
411 2540 544 2578 adhuc
579 2542 696 2579 erant
735 2542 844 2578 certa
882 2553 961 2590 que
1002 2539 1130 2577 istinc
1175 2539 1481 2577 offerebantur:
1536 2541 1577 2576 et
1615 2539 1754 2578 neseio
1792 2553 1872 2590 quo

239 2624 256 2654 5
276 2607 391 2655 pacto
428 2605 637 2644 tumultus
674 2605 745 2644 ille
783 2606 915 2643 mirus
952 2605 1072 2643 initio
1114 2604 1164 2643 de
1203 2617 1269 2642 me
1308 2604 1416 2641 istuc
1453 2605 1695 2643 accersendo
1732 2605 1871 2644 subito

275 2671 522 2721 conquieuit.
574 2671 755 2710 Tantum
775 2671 945 2709 Budeus
966 2670 1008 2708 in
1028 2669 1182 2708 litteris
1201 2668 1288 2707 suis
1310 2668 1522 2716 adiecerat,
1547 2669 1655 2718 quod
1676 2670 1873 2709 attineret

276 2737 325 2774 ad
356 2736 643 2775 Guilhelmum
671 2736 796 2775 illum
825 2737 892 2786 τὴν
921 2737 1120 2785 ἐπίκλησιν
1145 2734 1302 2784 Μικρὸν,
1322 2734 1387 2772 τὸν
1411 2736 1485 2772 ἀπὸ
1510 2737 1583 2773 τῶν
1606 2736 1872 2788 ὁμολογήσεων

832 2832 905 2863 725.
929 2843 959 2871 4.
987 2831 1229 2863 offerabantur
1248 2832 1313 2860 MS.

322 2914 393 2945 723.
421 2925 450 2953 5.
469 2913 684 2954 tumultum]
698 2914 750 2944 Cf.
768 2915 832 2953 Ep.
850 2914 926 2953 689.
1151 2921 1180 2950 5.
1207 2911 1403 2952 tumultus]
1421 2912 1473 2944 Cf.
1492 2913 1555 2952 Ep.
1574 2922 1646 2951 723.

321 2958 394 2988 725.
419 2968 449 2996 3.
475 2958 569 2999 tum]
593 2959 639 2988 In
660 2957 738 2988 Feb.
771 2967 876 2996 15173
900 2957 943 2988 cf.
968 2957 1031 2996 Ep.
1149 2957 1180 2985 6.
1204 2955 1353 2995 litteris]
1372 2956 1435 2995 Ep.
1453 2957 1528 2994 568.

279 3011 352 3041 522,
373 3002 427 3032 διο.
1151 3009 1179 3037 7.
1205 2999 1469 3040 Guilhelmum]
1488 3000 1552 3030 See
1568 3000 1631 3040 Ep.
1649 3009 1724 3039 522.
1747 3010 1784 3039 17
1802 3010 1836 3031 n.
