2034 3433
150 284 210 316 150

145 933 206 964 160

148 1261 204 1301 165

145 2576 202 2617 185

231 169 312 206 366
696 165 949 205 LETTERS
990 164 1058 202 OF
1096 163 1361 203 ERASMUS
1701 163 1742 217 [1
1751 176 1773 214 5
1781 179 1795 203 1
1805 168 1828 203 8

230 270 389 317 lescere,
422 271 597 319 possunt
627 267 770 306 officiis
798 265 980 315 adiungi,
1010 265 1160 315 quibus
1191 267 1494 304 mansuescunt
1522 267 1564 303 et
1593 265 1713 305 ferae.
1774 268 1828 307 Et

229 336 369 374 efficax
398 335 441 372 in
466 334 614 384 primis
640 345 706 370 res
731 334 795 369 est
821 331 1058 369 Christiana
1081 331 1244 369 veritas.
1307 331 1386 369 Sed
1411 330 1564 380 quibus
1584 330 1830 372 Rhomanus

229 400 425 439 Pontifex
444 399 519 437 1100
545 397 706 447 negocii
731 397 845 435 volet
871 396 1069 446 delegare,
1092 396 1236 434 eadem
1264 409 1386 446 opera
1411 395 1627 434 mandabit
1650 410 1703 435 ne
1729 398 1829 447 quid

228 466 449 504 deflectant
477 464 528 503 ab
557 463 780 512 archetypo
810 462 988 509 Christo.
1022 475 1097 500 nec
1127 475 1304 511 vsquam
1332 462 1382 500 ad
1411 461 1633 500 hominum
1661 462 1831 502 affectus

228 534 298 570 aut
320 530 567 580 cupiditates
586 528 821 578 respiciant.

281 596 381 633 Tale
409 594 606 644 quiddam
632 597 840 644 vtcunque
868 593 975 631 mihi
1005 596 1096 632 tum
1124 593 1379 643 parturiebat
1409 593 1586 641 animus,
1624 606 1720 631 cum
1754 592 1831 632 hoc

226 660 458 698 Enchiridii
487 660 688 699 cuderem.
749 659 952 698 Videbam
982 658 1317 698 Christianorum
1342 658 1493 708 vulgus
1514 673 1597 698 non
1616 658 1832 698 affectibus

228 727 349 765 modo
375 740 521 764 verum
548 727 675 765 etiam
700 726 965 776 opinionibus
993 738 1082 764 esse
1105 727 1360 775 corruptum.
1418 725 1733 776 Perpendebam
1761 738 1831 765 eos

227 793 298 843 qui
335 796 521 843 pastores
558 807 604 832 ac
637 794 825 832 doctores
858 805 901 830 se
933 792 1192 842 profitentur,
1229 792 1448 841 plerosque
1480 792 1530 830 ad
1565 806 1689 831 suum
1723 805 1830 831 com-

227 860 426 909 pendium
450 860 606 899 Christi
631 860 768 898 titulis
795 859 910 897 abuti
928 873 937 896 z
967 872 1020 897 ne
1040 858 1139 908 quid
1159 857 1331 896 interim
1351 870 1674 896 commemorem
1694 859 1744 896 de
1763 858 1832 897 his

227 939 404 974 quorum
435 929 544 965 nutu
573 939 619 964 ac
651 927 801 964 renutu
836 937 900 963 res
930 924 1139 962 humanae
1169 937 1335 962 sursum
1365 923 1560 962 deorsum
1589 925 1741 976 ἄγονται
1769 925 1830 963 καὶ

226 992 427 1040 φέρονται;
458 992 507 1030 ad
537 1005 716 1041 quorum
747 991 852 1028 vitia
880 989 1154 1040 quantumuis
1182 989 1404 1027 manifesta
1432 989 1503 1027 vix
1530 989 1628 1028 licet
1657 989 1836 1040 ingemi-

225 1071 346 1097 scere.
407 1059 464 1097 Et
487 1058 532 1096 in
558 1060 676 1096 tanta
704 1070 846 1096 rerum
876 1055 1062 1105 caligine.
1086 1055 1131 1093 in
1160 1055 1289 1093 tantis
1318 1055 1467 1092 mundi
1496 1056 1760 1105 tumultibus,
1783 1057 1829 1095 in

225 1126 340 1162 tanta
373 1124 654 1162 humanarum
688 1123 933 1173 opinionum
967 1122 1175 1170 varietate,
1212 1135 1293 1170 quo
1326 1121 1469 1171 potius
1502 1122 1828 1172 confugiendum

226 1204 351 1240 quam
379 1191 429 1229 ad
460 1204 554 1230 vere
585 1203 745 1229 sacram
774 1202 968 1228 ancoram
998 1187 1270 1238 Euangelicae
1299 1187 1546 1226 doctrinae?
1602 1188 1704 1237 Quis
1732 1203 1833 1228 vere

226 1257 319 1305 pius
356 1270 441 1295 non
470 1256 584 1294 videt
622 1269 666 1294 ac
708 1255 887 1305 suspirat
925 1254 1002 1292 hoc
1044 1253 1230 1292 seculum
1268 1252 1394 1302 longe
1431 1255 1829 1304 corruptissimum?

227 1322 398 1369 Quando
426 1335 610 1372 vnquam
639 1321 843 1371 tyrannis,
876 1319 1040 1370 quando
1075 1318 1250 1357 auaritia
1278 1320 1471 1368 regnauit
1499 1323 1572 1358 aut
1599 1320 1726 1359 latius
1755 1324 1827 1360 aut

226 1388 474 1437 impunius?
527 1388 692 1437 quando
729 1400 917 1436 vnquam
954 1385 1049 1435 plus
1088 1384 1297 1423 tributum
1336 1386 1617 1425 ceremoniis?
1663 1386 1831 1436 quando

226 1453 419 1492 licentius
449 1454 677 1491 exundauit
706 1452 942 1502 iniquitas?
988 1450 1154 1500 quando
1180 1450 1240 1488 sic
1269 1451 1431 1489 refrixit
1460 1451 1673 1491 charitas?
1717 1452 1824 1501 Quid

226 1519 407 1567 affertur,
449 1519 548 1569 quid
590 1519 754 1568 legitur,
798 1517 897 1568 quid
940 1517 1117 1565 auditur,
1159 1516 1260 1566 quid
1303 1517 1550 1566 decernitur,
1592 1517 1675 1556 nisi
1716 1519 1823 1567 quod

226 1584 498 1623 ambitionem
538 1587 810 1634 questumque
852 1583 1022 1632 sapiat?
1078 1581 1112 1620 O
1151 1581 1338 1620 infelices
1380 1595 1468 1631 nos,
1508 1582 1592 1621 nisi
1631 1582 1826 1622 Christus

226 1649 347 1688 nobis
376 1649 536 1700 aliquot
565 1663 662 1688 suae
691 1649 900 1687 doctrinae
928 1646 1178 1686 scintillulas
1206 1660 1383 1697 suaeque
1415 1648 1569 1686 mentis
1602 1662 1673 1686 ceu
1705 1648 1825 1687 viuas

225 1717 266 1752 et
287 1718 472 1754 aeternas
498 1715 671 1754 venulas
697 1714 947 1764 reliquisset.
1008 1713 1061 1751 In
1081 1713 1159 1751 hoc
1178 1713 1307 1763 igitur
1326 1713 1571 1752 enitendum
1590 1716 1637 1753 vt
1657 1714 1824 1753 omissis

225 1781 443 1819 hominum
478 1781 626 1830 prunis
658 1780 735 1819 has
762 1779 966 1818 scintillas
998 1780 1458 1828 ἀναζωπυρῶμειι,-113111
1487 1779 1667 1818 Paulino
1695 1780 1824 1819 verbo

223 1845 402 1885 libenter
438 1846 732 1886 vtimur——has
764 1859 892 1884 venas
935 1846 1177 1893 scrutemur,
1215 1844 1344 1883 donec
1383 1845 1636 1895 reperiamus
1672 1859 1822 1895 aquam

168 1932 204 1963 -5
224 1912 364 1950 viuam
379 1912 598 1951 salientem
618 1912 663 1950 in
681 1913 813 1950 vitam
833 1913 1057 1949 aeternam.
1107 1910 1228 1948 Hanc
1243 1912 1429 1949 nostram
1448 1912 1601 1949 terram
1620 1911 1827 1950 altissime

223 1979 469 2026 scrutamur,
506 1980 554 2016 vt
581 1978 786 2016 viciorum
819 1989 1013 2014 eruamus
1045 1975 1266 2014 alimenta:
1310 1978 1350 2014 et
1380 1976 1537 2014 Christi
1571 1977 1822 2016 ditissimam

224 2045 377 2081 terram
400 2056 485 2082 non
510 2043 728 2091 rimamur,
749 2045 796 2081 vt
820 2042 1036 2080 eliciamus
1064 2041 1243 2079 salutem
1269 2042 1503 2080 animarum
1518 2043 1538 2080 ⁸?
1596 2043 1822 2093 Nunquam

224 2108 308 2146 vlla
333 2109 538 2147 viciorum
564 2109 713 2158 hyems
743 2109 802 2146 sic
831 2107 1038 2156 extinguit
1069 2107 1283 2146 charitatis
1308 2108 1496 2147 ardorem
1526 2109 1627 2158 quin
1661 2122 1712 2147 ex
1744 2109 1822 2147 1100

224 2173 337 2211 silice
367 2175 498 2223 possit
528 2174 704 2213 restitui.
762 2174 889 2212 Petra
922 2173 1126 2220 Christus,
1158 2173 1229 2211 sed
1258 2174 1357 2211 haec
1397 2175 1509 2222 petra
1549 2174 1822 2212 seminarium

224 2239 347 2277 habet
370 2240 480 2289 ignis
508 2239 707 2287 coelestis,
736 2252 864 2278 venas
892 2239 1017 2277 habet
1045 2251 1174 2289 aquae
1196 2239 1329 2277 viuae.
1390 2239 1512 2277 Fodit
1544 2239 1646 2277 olim
1675 2240 1821 2289 puteos

223 2304 436 2344 Abraham
466 2306 511 2343 in
540 2305 656 2343 omni
685 2308 804 2352 terra,
838 2304 990 2354 vbique
1018 2306 1209 2342 scrutans
1237 2317 1362 2342 venas
1392 2317 1522 2354 aquae
1550 2305 1679 2343 viuae.
1739 2304 1820 2343 Sed

223 2370 389 2409 eosdem
422 2384 446 2409 a
473 2370 712 2409 Philistinis
741 2373 850 2409 terra
879 2369 1065 2419 oppletos
1094 2369 1244 2408 refodit
1271 2370 1385 2408 Isaac
1415 2382 1510 2407 cum
1542 2370 1681 2419 pueris
1708 2370 1821 2416 suis;

223 2448 297 2474 nec
334 2438 555 2475 contentus
592 2436 845 2475 instaurasse
882 2435 1092 2484 pristinos,
1133 2435 1238 2473 fodit
1274 2437 1315 2473 et
1353 2447 1497 2473 nouos.
1555 2436 1616 2474 At
1652 2447 1819 2474 rursum

224 2504 396 2539 mouent
414 2502 597 2551 iurgium
616 2504 658 2540 et
677 2502 787 2540 rixas
812 2500 1020 2548 Philistei,
1045 2513 1178 2550 neque
1197 2501 1339 2538 tamen
1358 2499 1430 2538 ille
1455 2500 1609 2539 desinit
1628 2500 1775 2539 fodere.

278 2566 364 2605 Nec
392 2566 458 2605 his
483 2567 740 2617 temporibus
769 2567 940 2604 omnino
967 2566 1117 2604 desunt
1137 2565 1346 2612 Philistei,
1369 2565 1519 2615 quibus
1538 2567 1646 2604 terra
1666 2566 1822 2616 gratior

223 2633 284 2669 est
312 2632 508 2670 vitalibus
533 2633 712 2671 fontium
736 2632 964 2678 scatebris3
993 2631 1146 2681 quippe
1168 2630 1199 2668 ii
1225 2630 1297 2680 qui
1319 2632 1483 2670 terrena
1508 2632 1676 2681 sapiunt
1702 2633 1744 2670 et
1766 2631 1817 2670 ad

223 2698 406 2735 terrenos
438 2698 609 2736 affectus
640 2698 885 2746 detorquent
915 2696 1147 2735 doctrinam
1175 2696 1481 2745 Euangelicam,
1514 2710 1638 2746 quam
1667 2699 1820 2746 cogunt

224 2761 426 2800 humanae
449 2763 603 2801 seruire
629 2763 861 2810 ambitioni,
885 2763 1038 2812 cogunt
1059 2761 1186 2800 lucris
1208 2761 1403 2811 turpibus
1426 2763 1468 2800 et
1487 2761 1701 2812 tyrannidi
1720 2774 1820 2800 suae

270 2868 338 2896 153.
360 2869 431 2899 nec
449 2872 488 2891 a:
514 2870 559 2891 ne
575 2863 619 2890 H.
726 2860 797 2898 167.
825 2859 1010 2899 impunius
1028 2861 1114 2891 aH:
1137 2859 1354 2898 impunitius
1370 2870 1403 2899 γ.
1509 2859 1578 2890 186.
1606 2859 1669 2889 iia
1687 2869 1695 2890 :
1717 2859 1758 2890 hi
1772 2860 1814 2890 Ν.

269 2950 338 2979 155.
364 2943 458 2983 tum]
484 2944 531 2973 In
552 2953 645 2981 1501.
1102 2942 1170 2980 176.
1198 2941 1389 2982 viciorum]
1407 2941 1459 2972 Cf.
1480 2941 1540 2972 Ov.
1560 2945 1607 2973 M.
1623 2951 1652 2972 2.
1674 2942 1746 2981 769.

270 2986 340 3016 160.
368 2986 514 3026 renutu]
534 2987 584 3017 Cf.
605 2986 699 3016 Plin.
718 2988 776 3022 Ep.
799 2995 824 3017 1.
844 2996 872 3024 7.
891 2996 919 3016 2.
1101 2994 1172 3022 179.
1199 2985 1303 3015 Petra
1319 2985 1502 3026 Christus]
1530 2995 1542 3014 1
1561 2986 1640 3016 Cor.
1660 2994 1711 3015 10.
1729 2994 1760 3022 4.

269 3036 337 3066 173.
360 3028 527 3070 Paulino]
553 3040 572 3060 2
589 3029 680 3060 Tim.
702 3039 727 3058 1.
747 3031 776 3059 6.
1099 3029 1168 3059 182.
1196 3027 1309 3068 Isaac]
1335 3028 1424 3060 Gen.
1444 3029 1495 3059 26.
1514 3038 1551 3067 15
1568 3038 1641 3068 seq.
