2034 3433
129 175 224 229 628]
582 177 651 215 TO
690 177 915 218 BEATUS
954 177 1272 218 RHENANUS
1669 177 1717 216 51

125 292 250 329 socer.
267 280 461 331 quicquid
476 282 610 330 potest
625 280 785 319 officina
799 294 881 329 sua,
901 281 942 321 id
954 281 1061 320 mihi
1074 282 1386 331 paratissimum
1401 282 1496 321 fore.
1530 281 1722 320 Demiror

127 346 227 397 quid
248 346 398 385 Iacobo
423 345 555 384 Fabro
573 346 735 384 venerit
753 346 797 384 in
817 349 1002 386 mentem
1021 350 1067 386 vt
1086 347 1144 385 sic
1163 346 1209 385 in
1229 360 1297 385 me
1316 349 1553 397 nugaretur,
1575 346 1721 385 exami-

127 425 235 451 nans
246 411 456 463 Epistolae
471 411 521 450 ad
537 410 725 450 Hebreos
740 415 861 462 caput
879 426 919 451 2:
947 413 1013 452 cui
1025 412 1315 463 respondimus
1327 413 1502 452 abunde.
1536 412 1723 451 Libellus

127 477 177 516 ad
198 478 239 515 te
258 477 459 525 mittetur,
483 475 519 514 si
538 475 662 514 fuerit
676 476 946 516 absolutusin
961 480 1170 527 tempore;
1198 477 1283 515 iam
1303 476 1415 515 enim
1436 491 1521 515 non
1540 476 1723 515 multum
1746 486 1782 508 10

127 542 243 580 abest
272 554 297 580 a
328 543 450 589 meta,
485 541 531 579 in
563 541 756 580 manibus
785 542 1032 592 typographi
1071 542 1351 580 Louaniensis.
1411 542 1518 580 Cum
1552 541 1721 592 Dorpio,

127 607 297 657 quicum
315 619 422 657 pene
440 606 579 655 grauis
597 606 732 645 fuerat
752 609 892 645 exorta
911 607 1132 657 tragoedia,
1152 620 1317 646 summa
1336 607 1444 645 mihi
1463 607 1724 646 necessitudo

123 675 199 719 est,
240 685 374 721 neque
411 671 518 718 ficta,
559 674 606 709 vt
644 671 801 721 opinor.
880 672 986 711 Cum
1033 672 1237 722 theologis
1284 672 1466 711 maxime
1512 672 1722 711 conuenit.

128 736 357 776 Moliuntur
384 738 526 774 tamen
554 736 689 775 adhuc
718 736 855 775 nescio
881 737 980 787 quid
1004 737 1262 778 Carmentae.
1287 739 1358 788 qui
1385 737 1505 776 credo
1531 737 1725 776 inuident

125 801 483 841 Praedicatoribus
502 815 575 851 per
594 801 877 840 Reuchlinum
897 802 1141 841 nobilitatis.
1745 812 1783 843 15

183 867 336 916 Regiae
358 868 492 905 status
518 866 617 905 talis
642 869 704 906 est
723 868 769 905 vt
794 867 893 904 boni
916 867 1095 905 libenter
1119 867 1281 915 absint;
1310 870 1356 906 vt
1382 880 1434 905 ne
1459 867 1559 918 quid
1591 867 1726 905 dicam

124 933 177 972 de
205 932 310 980 aliis,
342 932 386 969 in
416 944 519 982 quos
547 931 681 970 dicere
710 944 794 970 non
821 932 906 969 tam
935 932 1115 981 impium
1144 933 1197 970 sit
1228 945 1353 982 quam
1385 945 1534 982 parum
1568 934 1721 971 tutum.

129 997 205 1036 Est
225 997 329 1047 Regi
348 1010 371 1035 a
390 996 717 1035 confessionibus
737 996 968 1035 Briselotus
988 996 1167 1046 quidam,
1190 998 1307 1046 prius
1328 997 1562 1044 Gai-melita,
1585 999 1728 1047 postea.

127 1062 425 1102 Benedictinus
462 1061 513 1100 ob
552 1061 746 1100 miseram
775 1061 982 1110 quandam
1010 1061 1271 1110 abbatiolam,
1307 1075 1404 1100 mox
1433 1062 1727 1112 Suffraganeus

129 1126 446 1175 Cameracensis,
491 1126 688 1176 magister
726 1128 867 1164 noster
905 1126 1175 1174 Parisiensis;
1227 1127 1352 1165 homo
1391 1126 1646 1166 elatissimus
1685 1129 1727 1165 et
1748 1136 1788 1157 20

128 1192 483 1232 virulentissimus
502 1194 544 1230 et
562 1191 669 1229 mihi
688 1191 1009 1230 infensissimus.
1053 1192 1096 1230 Is
1116 1192 1161 1229 in
1181 1192 1296 1230 nulla
1317 1191 1621 1242 compotatione
1641 1205 1727 1230 non

129 1258 332 1298 declamat
356 1257 402 1295 in
424 1257 659 1295 Erasmum.
717 1255 774 1294 Et
802 1259 948 1295 ventos
976 1256 1180 1296 habemus
1210 1257 1346 1305 iratos,
1382 1257 1452 1307 qui
1483 1259 1727 1306 portentum

130 1324 208 1362 hoc
236 1323 334 1361 hinc
363 1335 447 1361 non
475 1322 661 1360 auferant
677 1335 686 1369 ;
717 1321 918 1372 Princeps
947 1322 1060 1360 enim
1089 1323 1224 1361 adhuc
1253 1323 1370 1361 heret
1400 1322 1446 1360 in
1475 1322 1626 1370 littore,
1653 1335 1728 1360 nec

129 1389 249 1428 video
268 1400 455 1437 vnquam
482 1387 704 1425 abiturum.
764 1386 847 1425 Hic
874 1387 1080 1436 praelatus
1108 1387 1186 1426 fuit
1215 1388 1365 1426 Iodoco
1396 1387 1630 1435 Clithoueo,
1658 1387 1730 1437 qui

127 1454 182 1493 ad
205 1453 284 1492 hoc
307 1465 462 1491 munus
483 1452 617 1491 fuerat
639 1452 868 1500 accersitus,
900 1452 996 1490 licet
1025 1452 1114 1502 ipse
1141 1453 1312 1502 ignarus
1342 1466 1414 1491 cur
1441 1454 1725 1491 accerseretur.
1751 1463 1787 1493 25

131 1519 324 1558 Ceterum
344 1518 489 1556 aulicis
509 1531 593 1556 non
613 1516 780 1567 placuit,
803 1518 913 1567 quod
932 1518 1036 1556 raris
1054 1520 1142 1557 erat
1162 1517 1324 1568 capillis
1343 1517 1559 1568 multaque
1586 1517 1727 1556 macie.

131 1584 230 1623 Dati
249 1586 390 1622 tamen
409 1582 613 1633 philippei
632 1585 811 1631 centum,
835 1585 881 1621 vt
901 1584 1053 1622 rediret
1074 1584 1294 1622 Lutetiam.

185 1650 261 1688 Est
291 1649 489 1698 quaedam
526 1647 748 1686 hominum
781 1648 980 1687 colluuies
1009 1662 1135 1698 quam
1164 1649 1337 1698 Nigram
1366 1651 1513 1687 vocant
1543 1648 1726 1687 Manum.

132 1715 193 1754 Ea
220 1713 486 1760 Alcmariam,
508 1713 607 1751 satis
634 1713 787 1752 florens
819 1713 1027 1752 Holandie
1061 1713 1269 1763 oppidum,
1305 1713 1414 1763 cepit
1450 1726 1495 1752 ac
1533 1713 1706 1763 diripuit
1720 1727 1730 1760 ;

131 1780 204 1820 vbi
222 1780 328 1818 mjre
347 1778 528 1817 seuitum
556 1780 618 1817 est
640 1779 686 1816 in
711 1778 907 1817 mulieres
929 1792 1092 1829 quoque
1109 1781 1149 1817 et
1172 1778 1217 1816 in
1243 1777 1436 1830 pu<e)ros,
1455 1778 1564 1829 quod
1583 1779 1731 1817 acriter
1750 1789 1790 1820 30

131 1859 176 1885 se
195 1844 487 1883 defendissent.
546 1843 663 1892 Quod
685 1844 721 1882 si
739 1844 807 1882 vel
825 1846 1040 1882 sexcentos
1059 1844 1302 1883 habuissent
1320 1843 1478 1882 milites
1503 1843 1548 1882 in
1577 1843 1730 1894 praesi-

133 1911 261 1958 dium,
282 1910 364 1948 tuti
390 1909 567 1948 fuerant.
624 1909 766 1959 Atque
790 1909 851 1947 hii
876 1909 957 1958 ipsi
981 1910 1104 1959 paulo
1127 1911 1223 1947 ante
1246 1922 1321 1959 pro
1345 1909 1466 1947 nobis
1491 1909 1731 1959 pugnabant

136 1978 277 2014 contra
296 1974 507 2024 Phrysios.
569 1973 659 2012 Hec
679 1974 780 2012 dum
803 1974 1061 2013 timebantur
1078 1977 1291 2022 euentura,
1314 1976 1356 2012 et
1377 1974 1429 2012 ob
1454 1973 1497 2011 id
1521 1974 1640 2012 missi
1660 1973 1732 2023 qui

134 2040 386 2092 praesidium
408 2053 433 2078 a
455 2038 646 2088 Principe
671 2041 871 2088 peterent,
896 2040 1067 2079 admissi
1093 2053 1178 2078 non
1197 2042 1306 2088 sunt,
1329 2052 1404 2077 nec
1431 2039 1527 2077 data
1545 2039 1667 2077 venia
1685 2042 1733 2077 vt

136 2119 178 2145 se
197 2105 264 2144 vel
283 2105 369 2143 suis
390 2104 539 2154 opibus
558 2106 682 2154 atque
701 2104 828 2143 armis
846 2107 1076 2153 tuerentur,
1100 2105 1186 2143 imo
1210 2104 1479 2143 interdictum
1502 2104 1580 2142 sub
1600 2116 1732 2153 poena
1751 2116 1790 2147 35

136 2170 291 2221 capitiS,
324 2183 376 2207 ne
405 2168 568 2218 spoliati
595 2182 619 2207 a
648 2169 830 2208 Ghelriis
860 2169 1051 2209 Ghelrios
1079 2169 1267 2208 vicissim
1297 2170 1553 2208 inuaderent.
1630 2169 1734 2207 Post

137 2237 243 2275 hanc
261 2236 348 2273 tam
367 2236 546 2272 atrocem
566 2234 707 2272 cedem
724 2234 945 2283 primariae
960 2235 1148 2273 ciuitates
1163 2235 1247 2273 iam
1266 2234 1346 2272 sibi
1364 2235 1559 2272 timentes
1580 2234 1733 2272 adeunt

138 2301 304 2350 Regem.
363 2298 447 2336 Vix
466 2299 560 2337 data
578 2298 699 2336 venia
717 2300 765 2337 vt
783 2298 833 2337 de
851 2299 938 2337 suis
965 2299 1203 2348 sumptibus
1228 2300 1435 2346 tueantur,
1458 2300 1526 2337 sed
1547 2299 1623 2337 hac
1643 2299 1732 2348 lege

137 2368 183 2405 vt
202 2377 346 2404 rursus
369 2363 609 2413 Principem
627 2376 738 2401 nouo
757 2364 967 2402 instruant
995 2364 1156 2411 viatico,
1181 2364 1289 2413 quod
1309 2366 1429 2402 vetus
1456 2364 1542 2402 iam
1571 2363 1732 2402 absum·

137 2433 258 2481 ptum
287 2429 366 2477 sit3
387 2441 483 2468 cum
503 2429 588 2467 iam
607 2429 825 2467 soluerunt
853 2428 962 2479 quod
991 2430 1083 2478 post
1113 2441 1245 2466 annos
1273 2430 1357 2466 tres
1387 2428 1620 2467 debebatur.
1681 2427 1731 2466 Id
1751 2439 1792 2468 40

182 2523 233 2552 26.
260 2523 335 2551 erat
352 2522 429 2550 LB:
452 2520 523 2550 erit
540 2531 570 2550 α.
1470 2529 1523 2559 33.
1550 2520 1587 2550 id
1604 2523 1677 2551 add.
1697 2521 1729 2554 β.

140 2574 192 2604 35.
221 2565 346 2604 opibus
361 2565 384 2598 β
400 2574 407 2593 :
431 2563 572 2603 oppidis
589 2574 620 2594 α.

758 2530 810 2558 29.
837 2521 929 2559 cepit
946 2530 985 2551 ac
1002 2519 1154 2560 diripuit
1171 2522 1242 2551 add.
1262 2521 1285 2554 β

753 2573 805 2603 39.
831 2565 854 2598 β
870 2575 877 2594 2
901 2564 1108 2594 absumtum
1124 2574 1156 2594 α.

187 2678 234 2707 18.
258 2677 475 2718 Briselotus]
493 2678 554 2708 See
571 2677 634 2717 Ep.
653 2687 726 2716 597.
744 2688 763 2715 4
777 2687 813 2708 n.

973 2677 1044 2707 also
1060 2676 1148 2716 Epp.
1166 2677 1240 2714 643.
1257 2685 1298 2715 29
1308 2685 1358 2715 n.,
1378 2677 1452 2715 829.
1470 2686 1491 2715 9
1508 2686 1542 2706 n.

184 2722 236 2751 28.
262 2721 410 2760 Nigram
432 2745 441 2753 .
468 2744 476 2751 .
507 2744 514 2752 .
543 2720 708 2761 Manum]
741 2721 810 2751 For
840 2720 903 2751 the

1016 2730 1068 2758 29.
1092 2719 1328 2760 Alc-mariam]
1348 2720 1389 2750 in
1409 2719 1497 2758 July
1524 2729 1616 2758 1517.
1661 2719 1735 2750 The

141 2765 256 2804 origin
285 2766 322 2794 of
352 2765 415 2795 the
445 2764 558 2795 Black
588 2765 692 2795 Band
717 2773 772 2795 see
798 2763 901 2802 Blok,

141 2811 224 2839 Hist.
241 2809 457 2847 mazer-lanas,
475 2810 520 2838 tr.
540 2808 706 2847 Putnam,
724 2808 752 2837 ii
771 2807 904 2847 (1899),

142 2862 198 2892 pp.
224 2852 364 2881 216-20.
412 2850 447 2881 It
471 2851 542 2881 had
566 2851 654 2882 been
678 2850 905 2891 reorganized

142 2895 182 2926 in
202 2895 285 2933 1516
301 2895 348 2933 by
363 2894 426 2925 the
450 2894 553 2924 Duke
577 2894 614 2924 of
633 2894 807 2925 Gueldres
823 2894 903 2934 (Ep.

143 2938 217 2977 584.
242 2947 283 2976 35
305 2937 372 2977 n.),
398 2938 469 2968 and
495 2937 646 2977 ravaged
677 2937 838 2969 Holland
868 2939 905 2967 at

143 2982 220 3012 this
243 2982 332 3011 time
356 2981 453 3011 until
477 2980 631 3011 eheeked
654 2981 702 3020 by
718 2981 781 3011 the
805 2983 905 3012 truce

145 3024 182 3055 of
197 3034 234 3063 17
252 3024 369 3064 Sept.;
394 3033 450 3055 see
467 3023 598 3054 Henne
612 3024 649 3055 ii.
667 3025 804 3063 189-97.
852 3024 902 3055 Cf.

973 2763 1054 2794 sack
1077 2762 1192 2794 lasted
1213 2762 1312 2802 eight
1337 2763 1445 2802 days;
1474 2763 1546 2793 and
1571 2764 1665 2794 from
1687 2763 1735 2793 its

973 2808 1094 2837 effeets
1121 2806 1183 2837 the
1210 2809 1309 2837 town
1332 2806 1415 2837 took
1439 2806 1557 2846 thirty
1574 2816 1675 2846 years
1698 2810 1735 2837 to

974 2859 1122 2881 recover.
1172 2849 1236 2880 See
1253 2849 1394 2882 Henne.

1016 2903 1068 2932 33.
1093 2892 1280 2933 Phrysios]
1309 2893 1383 2923 The
1410 2892 1513 2923 Band
1544 2893 1615 2924 had
1646 2893 1736 2924 been

974 2936 1163 2976 employed
1186 2937 1232 2976 by
1256 2936 1357 2967 Duke
1381 2936 1513 2975 Georgo
1535 2936 1573 2967 of
1595 2937 1736 2976 Saxony

978 2980 1033 3011 'cf.
1054 2980 1117 3019 Ep.
1138 2980 1213 3019 586.
1232 2981 1295 3010 266
1306 2981 1354 3017 n.)
1373 2981 1409 3010 in
1426 2989 1507 3019 1514
1524 2982 1560 3011 to
1573 2989 1736 3020 suppress

974 3023 1170 3054 Friesland.
1216 3023 1280 3054 See
1297 3023 1397 3054 Blok.

906 3091 974 3117 132
