2034 3433
337 161 417 200 460
801 164 1051 203 LETTERS
1089 165 1160 204 OF
1196 165 1463 205 ERASMUs
1806 165 1845 220 [1
1854 179 1876 216 5
1885 180 1900 205 1
1909 171 1930 206 8

342 266 531 316 compita,
556 280 629 316 per
650 266 784 314 triuia,
806 281 879 317 per
898 268 993 315 fora,
1017 281 1090 318 per
1108 269 1276 319 templa,
1297 283 1370 319 per
1388 268 1647 308 monasteria.
1706 269 1823 308 Nulli
1846 284 1932 309 non

341 331 474 370 mittit
498 332 690 381 epistolas
709 333 1038 372 mendacissimis
1059 335 1344 384 sycophantiis
1368 335 1563 374 differtas.
1621 334 1765 385 Neque
1784 335 1933 375 desunt

341 397 436 435 huic
448 396 642 435 histrioni
651 397 723 446 qui
734 399 995 447 applaudant,
1007 399 1078 449 qui
1088 399 1267 448 faueant,
1278 401 1349 449 qui
1361 400 1459 451 ‘dyc
1467 401 1476 416 '
1489 399 1696 446 occinant;
1710 401 1751 438 et
1762 401 1932 440 omnino

259 471 322 511 460
341 462 497 500 similes
527 462 739 511 reperiunt
767 462 882 501 labra
909 464 1097 502 lactucas.
1153 464 1209 503 Et
1239 478 1334 503 cum
1368 465 1435 503 his
1463 465 1584 502 factis
1614 464 1694 502 sibi
1723 465 1932 504 sanctulus

341 527 463 564 etiam
496 527 671 575 videtur,
708 528 827 577 quasi
859 529 1035 567 sufficiat
1068 529 1118 567 ad
1157 529 1392 568 absolutam
1431 529 1730 569 sanctimoniae
1768 529 1933 568 laudem

339 590 572 629 adulterum
606 595 677 630 aut
708 594 930 632 aleatorem
966 607 1050 632 non
1084 607 1181 632 esse.
1252 594 1450 633 Nondum
1483 594 1613 632 statui
1646 594 1744 644 quid
1779 594 1827 632 de
1860 594 1933 633 illo

340 658 521 695 facturus
551 658 642 697 sim.
714 659 758 697 Si
791 659 937 698 vicerit
971 672 1106 698 meam
1143 659 1371 708 lenitatem,
1404 660 1500 698 faxo
1536 663 1585 698 vt
1622 673 1705 698 non
1739 659 1935 698 omnibus

339 735 468 772 aeque
501 724 660 773 placeat
690 737 736 763 ac
769 725 901 774 placet
937 725 1026 764 sibi.
1098 725 1215 764 Nihil
1245 726 1359 765 aliud
1390 726 1435 764 in
1465 725 1694 775 praesentia
1723 725 1932 776 polliceor,

257 796 318 837 465
338 801 433 825 cum
466 788 537 826 ille
571 789 666 839 plus
697 803 821 839 quam
852 792 1016 829 montes
1045 803 1188 830 aureos
1218 792 1269 830 de
1302 804 1345 830 se
1381 791 1649 841 polliceatur3
1678 791 1934 841 efficiamque

337 856 382 891 vt
402 867 451 892 ex
471 867 538 893 me
559 855 653 904 plus
672 856 935 895 nanciscatur
952 857 1087 896 famae
1108 870 1233 906 quam
1251 857 1420 907 gloriae.

391 920 547 959 Verum
566 924 613 960 vt
632 922 682 959 ad
710 924 826 960 tuam
855 923 1020 962 redeam
1047 922 1277 973 epistolam,
1303 923 1364 962 ais
1387 923 1518 961 totius
1545 935 1689 961 causae
1714 922 1935 961 arbitrium

338 986 470 1024 adhuc
490 986 534 1025 in
554 989 627 1025 tua
642 1001 730 1027 esse
744 990 967 1038 potestate:
998 989 1083 1028 imo
1098 1002 1313 1039 nunquam
1329 989 1549 1028 arbitrium
1565 989 1642 1028 hoc
1661 989 1711 1027 ad
1729 991 1771 1027 te
1791 989 1933 1027 detuli.

338 1051 450 1090 Illud
472 1053 596 1091 modo
612 1053 797 1092 delatum
813 1056 876 1093 est
891 1055 941 1092 ad
956 1057 1007 1103 te,
1027 1057 1073 1093 vt
1090 1055 1125 1092 si
1139 1055 1281 1102 velles,
1296 1054 1588 1104 pronunciares
1608 1068 1712 1092 num
1731 1054 1934 1104 peccarim

257 1131 320 1165 470
338 1117 446 1166 quod
468 1118 601 1156 Fabro
621 1119 916 1169 responderim,
933 1122 1006 1158 aut
1025 1120 1133 1170 quod
1149 1120 1208 1158 sic
1223 1119 1517 1170 responderim.
1577 1119 1710 1169 quue
1723 1121 1771 1158 vt
1785 1119 1936 1158 certius

338 1182 501 1231 faceres,
542 1184 802 1233 postulabam
845 1187 891 1223 vt
929 1199 1003 1235 per
1041 1185 1178 1223 ocium
1215 1185 1432 1235 vti-iusque
1471 1185 1624 1235 scripta
1661 1198 1933 1235 percurreres.

338 1247 469 1297 Atqui
496 1248 564 1286 hic
589 1249 726 1298 palam
749 1253 894 1290 contra
919 1264 984 1289 me
1010 1251 1094 1289 fers
1121 1251 1401 1289 sententiam:
1430 1251 1614 1300 primum
1641 1251 1713 1300 qui
1738 1251 1935 1301 respond-

337 1313 459 1360 erim,
482 1326 575 1351 cum
603 1316 854 1364 praestiterit
881 1316 1188 1364 obmutescere3
1218 1316 1365 1355 deinde
1389 1316 1499 1367 quod
1524 1316 1756 1355 accuratius
1778 1329 1824 1354 ac
1846 1329 1936 1366 pro·

337 1378 492 1426 lixius;
534 1381 745 1429 postremo
776 1383 884 1431 quod
913 1382 1144 1420 animosius
1170 1381 1467 1432 responderim.
1538 1381 1645 1420 Nam
1673 1383 1817 1420 vtrum
1854 1381 1936 1431 legi

256 1456 317 1488 475
337 1444 482 1482 debeat
513 1444 564 1482 ab
587 1445 745 1495 angelis
769 1460 822 1485 an
850 1460 872 1485 a
900 1447 995 1494 Deo,
1021 1460 1096 1486 nec
1121 1460 1213 1486 mea
1241 1447 1367 1485 refert
1394 1447 1661 1497 pronunciari
1689 1450 1730 1485 et
1758 1447 1934 1485 aliorum

337 1510 399 1546 est
435 1510 663 1558 negocium.
724 1511 853 1550 Porro
894 1525 978 1549 non
1018 1514 1248 1562 competere
1286 1512 1330 1550 in
1369 1525 1437 1550 me
1475 1525 1578 1562 quae
1615 1512 1748 1551 Faber
1783 1512 1829 1550 in
1867 1525 1934 1550 me

337 1574 530 1623 congerit,
550 1575 617 1613 vel
646 1575 749 1615 citra
772 1577 920 1615 iudicis
948 1577 1151 1615 calculum
1176 1590 1240 1616 res
1265 1577 1353 1627 ipsa
1375 1576 1571 1627 loquitur.
1633 1577 1716 1616 Nec
1740 1579 1802 1616 est
1826 1577 1933 1627 quod

338 1639 523 1679 clamitet
539 1640 758 1690 quisquam
774 1642 896 1680 illum
912 1655 1154 1692 oppressum
1170 1642 1429 1693 eloquentiae
1445 1656 1558 1681 meae
1573 1642 1732 1681 viribus
1747 1656 1757 1690 ;
1785 1642 1934 1692 quibus

337 1717 410 1754 ego
436 1718 510 1743 nec
536 1705 670 1755 polleo
698 1719 772 1745 nec
804 1720 871 1745 me
899 1707 1019 1746 iacto.
1078 1707 1175 1757 Ipse
1200 1708 1281 1746 fuit
1311 1708 1356 1746 in
1383 1721 1516 1755 causa,
1539 1708 1611 1758 qui
1640 1709 1933 1758 argumentum

256 1775 320 1815 480
337 1782 500 1808 mecum
519 1772 761 1810 conserendi
779 1786 928 1811 manus
947 1786 1095 1822 parum
1115 1772 1322 1822 auspicato
1343 1773 1553 1823 delegerit.

390 1833 652 1874 Iustinianus
681 1837 899 1886 episcopus
929 1851 1004 1876 nos
1034 1837 1180 1876 inuisit
1206 1838 1393 1877 Louanii.
1452 1838 1579 1877 Visus
1605 1839 1668 1876 est
1693 1838 1819 1876 homo
1844 1851 1933 1877 can-

339 1899 472 1948 didus,
499 1901 758 1951 minimeque
782 1902 1047 1950 virulentus;
1083 1903 1257 1953 proinde
1287 1903 1397 1942 dolet
1429 1903 1538 1953 quod
1566 1903 1682 1942 illius
1710 1916 1863 1942 nomen
1890 1903 1932 1941 in

337 1965 543 2015 Apologia
573 1967 899 2016 perstrinxerim.
958 1967 1125 2018 Insigni
1164 1970 1262 2007 nota
1299 1969 1559 2018 designaram
1596 1982 1687 2007 eam
1723 1968 1930 2018 paginam,

337 2030 546 2080 semelque
573 2031 866 2072 denunciaram
893 2033 1152 2083 typographo
1177 2047 1228 2072 ne
1255 2047 1336 2084 qua
1361 2034 1531 2073 omnino
1556 2035 1828 2072 excuderetur
1853 2033 1934 2072 nisi

257 2099 319 2138 485
338 2107 361 2132 a
384 2108 451 2133 me
477 2097 710 2146 recognita;
739 2099 862 2148 atque
891 2098 990 2137 haec
1019 2098 1106 2137 sola
1133 2111 1200 2137 me
1226 2098 1356 2137 inscio
1379 2099 1460 2137 fuit
1484 2112 1640 2138 excusa.
1701 2098 1784 2138 Vbi
1807 2099 1930 2146 sensi,

338 2161 450 2210 coegi
469 2164 515 2199 vt
535 2162 709 2200 eandem
728 2176 751 2201 a
770 2177 837 2201 me
864 2166 1137 2213 temperatam
1161 2164 1298 2202 denuo
1316 2164 1535 2202 excuderet
1552 2179 1561 2212 3
1590 2178 1689 2203 nam
1708 2165 1785 2203 hac
1805 2163 1935 2214 gratia

338 2227 539 2264 notaram.
599 2227 716 2275 Quod
750 2229 952 2267 hactenus
989 2243 1123 2279 neque
1161 2229 1266 2280 Regi
1303 2242 1435 2278 neque
1474 2229 1676 2279 Episcopo
1713 2229 1933 2279 quicquam

338 2290 588 2340 scripserim,
617 2292 705 2342 ipse
734 2293 779 2331 in
811 2307 933 2332 causa
963 2294 1094 2343 fuisti,
1127 2295 1199 2345 qui
1227 2294 1361 2333 literis
1389 2294 1475 2333 tuis
1502 2308 1620 2344 spem
1648 2308 1698 2333 ex
1725 2295 1933 2334 sententia

338 2355 583 2394 conficiendi
619 2358 780 2408 negocii
813 2359 919 2397 mihi
952 2360 1193 2409 amputaris,
1231 2359 1395 2398 etiamsi
1432 2373 1499 2398 me
1536 2373 1602 2399 res
1638 2373 1686 2398 ea
1723 2359 1934 2398 leuissime

256 2435 320 2466 490
337 2421 546 2471 tangebat.
598 2422 715 2461 Nihil
727 2424 829 2462 certi
845 2424 1050 2463 deferebat
1066 2425 1306 2474 Episcopus.
1358 2425 1483 2475 Regis
1498 2425 1667 2463 nomine
1682 2425 1755 2475 qui
1768 2424 1934 2475 scripse-

338 2487 441 2532 rant,
464 2486 515 2524 ad
535 2500 650 2537 spem
675 2489 798 2528 modo
821 2489 1033 2529 vocabant.
1095 2490 1178 2528 Hic
1206 2503 1349 2529 recens
1372 2490 1416 2528 in
1439 2490 1698 2529 famulicium
1724 2488 1933 2539 Principis

802 2613 876 2650 462.
902 2611 1094 2643 aleatorem
1111 2615 1165 2643 H:
1189 2612 1413 2643 adulatorem
1429 2615 1469 2644 E.

381 2721 454 2757 467.
482 2718 548 2759 ais]
567 2719 631 2760 Ep.
650 2720 726 2752 810.
746 2721 859 2760 186-7.
1168 2721 1293 2761 plum.’
1318 2722 1361 2752 In
1377 2721 1547 2752 Froben’s
1563 2721 1702 2752 edition
1716 2720 1795 2761 (the
1807 2720 1908 2752 third
1925 2732 1931 2751 :
1960 2743 1964 2746 -

382 2771 454 2800 475.
480 2771 499 2791 a
516 2762 605 2804 Deo]
623 2763 675 2795 Cf.
696 2763 758 2804 Ep.
777 2774 850 2803 597.
867 2774 956 2803 3211.
1170 2765 1248 2796 Feb.
1269 2766 1368 2806 1518)
1385 2775 1405 2795 a
1429 2765 1601 2804 marginal
1626 2766 1710 2795 note
1732 2764 1763 2796 is
1785 2764 1935 2804 printed?

383 2806 457 2844 483.
484 2815 561 2836 eam
575 2806 759 2848 paginam]
773 2807 842 2839 LB.
855 2808 900 2838 ix.
912 2818 953 2847 25
965 2818 993 2838 c.
1026 2808 1100 2839 The
1169 2810 1241 2848 (pp.
1258 2808 1350 2849 23,4)
1366 2820 1373 2839 :
1403 2808 1579 2840 ‘Censura
1604 2808 1707 2839 firma
1723 2807 1767 2839 de
1790 2807 1932 2848 octuplo

339 2851 611 2889 contemporary
628 2860 749 2881 owner
776 2851 815 2881 of
836 2851 898 2882 the
926 2851 1101 2882 Bodleian
1171 2852 1342 2883 Psalterio
1369 2852 1564 2892 Augustini
1590 2852 1812 2883 Iustiniani!
1859 2851 1930 2882 But

340 2900 425 2930 copy
452 2891 553 2930 (Mar.
589 2894 668 2933 887)
699 2893 739 2924 of
763 2894 929 2925 Martens’
963 2894 1101 2926 edition
1170 2895 1231 2925 the
1248 2897 1324 2926 text
1341 2895 1372 2926 is
1388 2897 1452 2926 not
1468 2895 1617 2927 altered.

340 2934 417 2971 &the
428 2934 505 2966 first
518 2946 524 2964 :
542 2936 631 2976 Aug.
646 2938 756 2977 1517),
770 2937 876 2977 being
886 2947 931 2968 an
945 2938 1103 2970 admirer
1212 2939 1288 2976 487.
1313 2939 1497 2980 Episcopo]
1514 2939 1685 2970 Poncher.

340 2976 377 3006 of
389 2976 567 3019 Erasmus,
586 2980 650 3010 has
662 2981 811 3011 written
826 2982 865 3011 in
882 2980 944 3012 the
961 2982 1101 3021 margin
1212 2982 1286 3019 488.
1312 2981 1444 3023 literis]
1460 2982 1510 3013 Cf.
1529 2982 1592 3021 Ep.
1612 2992 1684 3021 744.
1707 2983 1746 3012 18
1762 2990 1834 3019 seq.

342 3019 395 3059 (ΤΟ.
428 3019 463 3050 b²
490 3023 556 3059 νο.)
572 3033 580 3053 :
615 3024 623 3040 ‘
635 3023 739 3054 Ridet
766 3024 981 3055 Psalterium
1009 3028 1101 3057 octa·
1213 3035 1286 3064 491.
1305 3025 1344 3056 in
1354 3024 1595 3065 famulicium]
1607 3025 1670 3056 See
1682 3025 1745 3064 Ep.
1757 3024 1881 3063 37o.18
1892 3032 1928 3055 n.
