2034 3433
147 166 245 221 711]
532 168 686 207 FROM
725 167 953 207 GEORGE
992 166 1359 207 SPALATINUS
1667 167 1741 205 141

149 272 256 312 nihil
289 272 432 311 minus
461 284 602 311 vereor
631 284 757 321 quam
787 272 830 309 te
859 271 965 309 mihi
989 283 1073 309 non
1098 283 1406 319 responsurum.
1457 270 1598 320 Neque
1628 270 1742 309 enim

147 341 235 377 tam
255 337 417 388 priuato
437 350 562 387 quam
579 336 746 388 publico
765 337 908 386 scripsi
933 336 985 376 ad
1012 338 1054 374 te
1075 335 1257 384 nomine,
1281 336 1474 386 quamuis
1500 335 1626 374 etiam
1653 349 1745 374 meo

148 403 453 450 libentissime3
482 415 581 442 nam
600 402 672 440 diu
691 404 812 441 antea
836 403 1076 452 persecutus
1101 400 1358 440 occasionem
1384 401 1435 440 ad
1462 403 1503 440 te
1525 401 1742 449 scribendi,
1766 417 1783 447 5

148 482 233 507 non
262 468 378 519 prius
403 481 497 507 sum
522 470 671 507 nactus
697 480 821 518 quam
849 467 995 506 extitit
1011 468 1082 516 qui
1108 479 1175 505 me
1201 466 1385 516 alioquin
1408 466 1617 505 scribendi
1637 466 1745 517 cupi·

148 533 370 572 dissimum
390 533 439 572 ad
460 534 537 572 hoc
557 532 679 571 officii
693 532 927 582 impelleret
940 545 1055 582 pene.
1114 533 1228 571 Tuus
1243 532 1356 570 enim
1372 544 1459 570 esse
1474 531 1589 582 coepi
1604 544 1745 582 quam-

148 599 332 649 primum
360 601 431 638 tua
459 610 582 648 opera
600 597 699 646 vidi,
722 598 1031 648 quamprimum
1057 597 1102 635 in
1126 599 1219 636 tuae
1245 597 1366 635 istius
1389 599 1477 635 tam
1497 596 1745 646 multiiugae

148 666 188 703 et
220 663 469 703 eruditionis
501 665 543 702 et
573 663 831 714 eloquentiae
862 662 1089 713 penetralia
1117 663 1226 701 veni.
1286 662 1370 701 Vbi
1401 665 1541 701 autem
1565 675 1677 700 nunc
1705 665 1746 701 et

149 730 499 779 quemadmodum
527 743 635 780 agas,
657 731 698 768 et
722 729 820 778 quid
850 728 1013 776 condas,
1045 728 1142 778 quid
1171 728 1323 767 nostris
1352 728 1622 778 temporibus,
1646 727 1744 778 quid
1768 741 1808 762 10

148 794 380 844 posteritati
416 794 549 843 cudas,
582 796 669 833 tam
701 794 821 833 auide
859 793 980 843 cupio
1017 793 1123 831 scire
1161 806 1257 831 cum
1290 793 1436 832 multis
1474 806 1599 843 quam
1637 793 1745 842 quod

149 860 400 899 auidissime.
457 861 584 910 Spero
614 859 744 910 igitur
773 859 815 897 id
846 861 888 897 te
920 859 1114 897 daturum
1152 858 1314 896 nomini
1351 858 1500 908 optimi
1539 857 1747 907 Principis

149 925 231 964 mei
265 926 314 964 D.
348 925 544 964 Friderici
573 924 774 965 Saxoniae
795 924 923 972 ducis,
945 923 1050 962 sacri
1069 923 1145 961 Ro.
1168 924 1266 973 imp.
1290 923 1488 971 electoris,
1510 926 1557 962 vt
1576 923 1747 962 tandem

150 991 255 1029 mihi
273 992 533 1041 respondeas.
593 990 709 1028 Facit
737 989 850 1027 enim
880 991 921 1027 te
948 990 1092 1027 tantus
1120 988 1319 1038 Princeps
1341 989 1523 1039 plurimi,
1548 991 1590 1028 et
1618 988 1748 1027 libros

151 1058 243 1094 tuos
261 1069 407 1094 omnes
425 1056 470 1094 in
491 1068 565 1094 sua
592 1055 718 1093 habet
744 1053 1006 1102 bibliotheca,
1030 1066 1154 1102 quam
1182 1053 1351 1103 optimis
1374 1054 1608 1104 quibusque
1627 1053 1746 1092 libris
1770 1068 1807 1099 15

150 1122 341 1159 refertam
374 1121 678 1159 architectatur.
732 1119 899 1158 Caetera
919 1119 1026 1157 dicet
1046 1118 1197 1157 Petrus
1217 1121 1359 1157 noster
1389 1119 1584 1158 Alamire.
1644 1120 1746 1158 Vale

149 1186 333 1225 feliciter,

204 1251 369 1290 Cursim
389 1264 440 1290 ex
459 1264 548 1290 arce
567 1250 866 1300 Aldenburgia.
889 1249 1038 1288 Idibus
1059 1250 1232 1288 Nouem.
1254 1250 1337 1288 An.
1361 1263 1563 1289 M.D.xvn.

637 1416 733 1455 712.
794 1413 858 1454 ΤΟ
890 1414 1043 1454 PETER
1074 1413 1255 1456 GILLES.

196 1488 359 1534 Farrago
377 1500 413 1534 p.
434 1490 511 1533 185.

196 1546 236 1582 F.
254 1559 290 1593 p.
310 1558 401 1593 323:
428 1546 522 1582 HN:
551 1546 665 1583 Lond.
684 1546 746 1582 vii.
771 1548 835 1582 18:
862 1546 933 1582 LB.
952 1557 1031 1591 344.

1389 1488 1566 1524 Louvain.

1260 1556 1297 1591 15
1319 1545 1528 1582 November
1547 1546 1700 1593 (1517).

246 1638 334 1680 [The
350 1638 535 1678 year-date
551 1637 668 1669 added
684 1639 724 1669 in
741 1638 776 1669 H
795 1647 860 1669 can
878 1638 991 1677 easily
1009 1638 1051 1669 be
1067 1638 1249 1669 corrected
1267 1639 1359 1670 from
1376 1639 1438 1670 the
1455 1638 1651 1679 contenta]

336 1738 543 1768 ERASMVS
575 1737 908 1768 ROTERODAMVS
940 1737 1085 1767 PETRO
1116 1736 1309 1767 AEGIDIO
1340 1737 1423 1767 SVO
1455 1737 1488 1767 S.
1517 1737 1560 1768 D.

203 1819 360 1858 ΟΡΤΙΜΙ
379 1819 508 1869 patris
526 1820 706 1857 mortem
724 1820 771 1857 vt
791 1818 918 1866 doleo,
940 1818 1000 1857 ita
1026 1818 1192 1856 felicem
1212 1818 1404 1856 existimo
1434 1818 1506 1869 qui
1532 1820 1588 1857 sic
1613 1818 1746 1857 deces-

149 1884 249 1923 serit
267 1899 276 1924 :
317 1884 482 1934 quando
515 1883 592 1922 hac
625 1885 733 1922 sorte
768 1883 976 1922 nascimur
1009 1896 1165 1931 omnes,
1204 1883 1389 1934 nihilque
1423 1884 1669 1922 diuturnum
1702 1883 1747 1921 in

150 1949 271 1988 rebus
290 1949 496 1997 humanis,
519 1950 674 1988 nedum
686 1952 945 1999 perpetuum.
1004 1949 1122 1997 Quod
1137 1949 1399 1987 conualueris
1411 1950 1567 1999 gaudeo
1584 1964 1593 1996 3
1623 1952 1747 1999 atque

151 2015 212 2054 vti
230 2017 477 2064 perpetuum
496 2014 550 2053 sit
569 2016 675 2064 opto.

204 2079 450 2130 Quanquam
488 2079 687 2118 Iacobum
728 2078 938 2117 onerarim
984 2078 1132 2117 multis
1173 2079 1393 2127 mandatis,
1434 2081 1576 2118 tamen
1614 2092 1747 2117 vnum
1767 2090 1784 2121 5

151 2143 348 2194 quiddam
368 2144 522 2182 oblitus
541 2157 635 2182 sum
654 2144 764 2194 quod
783 2143 962 2182 maxime
980 2144 1170 2182 curatum
1191 2144 1386 2194 oportuit.
1446 2143 1595 2182 Scribit
1615 2145 1666 2182 ad
1681 2156 1748 2181 me

151 2209 503 2259 Archiepiscopus
523 2209 835 2248 Cantuariensis
854 2211 901 2248 vt
926 2208 995 2246 hic
1013 2208 1064 2246 ab
1083 2208 1215 2247 amico
1237 2209 1428 2258 quopiam
1450 2209 1601 2258 viginti
1622 2208 1747 2247 libras

196 2331 269 2362 711.
305 2341 332 2369 7.
357 2340 469 2370 quum
493 2331 651 2371 primum
674 2333 717 2360 H.

156 2374 205 2405 18.
232 2375 447 2405 Nouembris
463 2377 504 2404 H.

893 2329 924 2361 8.
956 2338 1067 2368 quum
1085 2329 1242 2367 primum
1259 2331 1304 2360 H.

626 2374 699 2405 712.
727 2382 756 2412 5.
784 2382 970 2404 oneraram
988 2375 1030 2402 H.

1484 2337 1533 2366 13.
1562 2329 1605 2359 D.
1623 2339 1680 2362 om.
1700 2331 1742 2360 H.

195 2504 269 2534 711.
292 2513 341 2543 15.
360 2501 592 2543 bibliotheca]
604 2502 640 2533 It
653 2511 726 2531 was
738 2501 913 2532 intended

151 2547 231 2578 that
247 2547 322 2578 this
339 2546 468 2577 should
492 2546 582 2577 have
606 2555 626 2576 a
648 2555 737 2585 copy
753 2544 792 2575 of
809 2554 915 2584 every

150 2590 262 2630 b00k3
288 2600 344 2621 see
360 2590 425 2621 SE.
448 2599 517 2628 123.

199 2635 247 2664 16.
274 2633 452 2674 Alamire]
477 2634 510 2664 A
534 2632 702 2673 chaplain
728 2634 765 2663 to
789 2632 917 2662 Prince

152 2677 311 2716 Charles,
351 2677 434 2707 who
473 2677 635 2708 between
684 2677 809 2715 1515—8
846 2685 919 2706 was

152 2720 360 2759 constantly
383 2720 541 2760 engaged
568 2730 614 2750 on
641 2720 765 2750 behalf
791 2718 830 2750 of
856 2719 919 2750 the

154 2764 306 2803 English
322 2766 444 2803 agents
459 2766 496 2794 at
512 2764 674 2794 Brussels
685 2763 724 2793 in
736 2763 920 2801 watching

152 2807 215 2838 the
232 2809 454 2837 movements
471 2807 508 2837 of
521 2807 689 2837 Edmund
702 2807 746 2837 de
762 2807 796 2836 la
807 2806 920 2837 Pole's

154 2850 234 2891 (Ep.
257 2851 326 2880 108.
350 2860 410 2888 104
428 2852 480 2889 n.)
495 2850 639 2880 brother
654 2850 822 2885 Richard.
840 2850 922 2880 who

153 2894 225 2924 had
249 2895 340 2924 been
376 2893 581 2932 recognized
604 2894 651 2933 by
674 2894 781 2924 Louis
807 2902 859 2923 ΧΠ
883 2902 922 2923 as

154 2938 254 2977 King
302 2938 339 2967 of
387 2937 577 2977 England3
630 2937 691 2967 but
729 2936 922 2967 Alamire's

154 2981 292 3021 loyalty
351 2989 424 3011 was
493 2982 556 3010 not
621 2979 754 3019 always
813 2979 921 3010 above

153 3024 342 3065 suspicion.
393 3024 450 3055 He
497 3033 645 3063 appears
682 3033 719 3054 as
756 3023 922 3062 carrying

978 2500 1102 2531 letters
1133 2499 1294 2530 between
1326 2499 1496 2530 Erasmus
1527 2498 1597 2530 and
1628 2499 1746 2530 Pirck-

978 2545 1116 2573 heimer
1147 2544 1186 2573 in
1220 2552 1303 2581 1520
1334 2542 1459 2583 (Lond.
1491 2542 1554 2573 xii.
1585 2552 1645 2581 12;
1677 2543 1746 2574 LB.

979 2596 1052 2627 504,
1071 2588 1162 2626 561).
1209 2587 1267 2617 He
1284 2596 1356 2616 was
1379 2595 1399 2616 a
1422 2586 1540 2624 singer
1563 2586 1636 2617 and
1655 2596 1747 2617 com-

980 2631 1088 2670 posed
1100 2630 1213 2660 music
1226 2629 1280 2660 for
1292 2629 1448 2660 Charles’
1461 2630 1585 2668 chapel
1600 2629 1746 2670 (Henne

980 2685 1012 2705 v.
1040 2676 1138 2713 104);
1162 2673 1233 2703 and
1256 2673 1295 2702 in
1321 2682 1404 2711 1515
1424 2673 1469 2703 he
1492 2675 1572 2703 sent
1596 2672 1747 2703 musical

980 2718 1220 2748 instrumenta
1243 2718 1279 2747 to
1304 2716 1433 2755 Henry
1448 2725 1524 2746 Vm.
1559 2716 1615 2746 He
1637 2726 1746 2747 some-

981 2762 1087 2791 times
1104 2761 1201 2800 signs
1218 2760 1275 2790 his
1291 2769 1396 2790 name
1412 2760 1502 2790 with
1520 2759 1581 2790 the
1597 2760 1747 2791 musical

983 2806 1093 2843 notes,
1114 2804 1171 2842 La,
1192 2804 1253 2842 Mi,
1274 2803 1332 2834 Re.
1379 2803 1442 2833 See
1459 2803 1605 2833 Brewer
1621 2803 1659 2834 ii.

1030 2848 1078 2878 18.
1103 2845 1366 2886 Aldenburgia]
1414 2856 1456 2884 24
1495 2846 1602 2877 miles
1639 2856 1666 2878 s.
1712 2847 1750 2876 of

982 2891 1134 2930 Leipzig.

1027 2935 1100 2964 712.
1131 2944 1156 2964 1.
1182 2933 1301 2974 doleo]
1329 2933 1403 2964 The
1427 2932 1555 2964 formal
1579 2933 1688 2965 letter
1712 2933 1749 2963 of

984 2977 1199 3009 condolence
1215 2977 1374 3013 follows;
1399 2978 1463 3017 Ep.
1485 2986 1559 3016 715.

1028 3032 1059 3061 5.
1089 3020 1274 3061 Iacobum]
1294 3021 1420 3060 Nepos.
