2034 3433
154 153 252 208 90⁶]
607 156 676 195 ΤΟ
713 155 982 196 WILLIAM
1019 157 1290 197 BUDAEUS
1665 158 1746 199 455

153 259 198 298 in
217 272 285 298 me
304 260 478 310 scripsit,
496 259 701 299 attentius
715 259 879 309 legeret,
897 260 968 310 qui
987 261 1202 311 Vtriusque
1221 273 1455 300 sermonem
1471 262 1744 312 expenderet?

153 337 248 363 cum
276 324 384 364 bona
410 338 505 375 pars
531 325 634 364 satis
661 337 748 364 esse
778 325 999 364 iudicasset
1034 326 1083 365 ad
1121 339 1189 365 me
1222 327 1595 374 condemnandum,
1635 328 1743 378 quod

153 389 283 428 Faber
301 390 346 428 in
364 403 431 429 me
450 390 690 440 scripsisset,
711 392 753 428 et
772 389 830 428 ita
849 391 1079 440 scripsisset
1100 394 1147 430 vt
1166 405 1241 442 ego
1261 392 1368 431 nihil
1388 392 1691 442 responderem.

206 456 347 506 Atque
375 455 443 494 hic
471 454 600 494 vteris
627 455 886 505 argumentis
914 456 1039 505 (quod
1069 458 1141 495 tua
1168 470 1265 506 pace
1303 457 1462 496 dictum
1495 457 1565 507 sit)
1597 470 1744 508 pamm

152 520 406 560 verecundis.
471 520 665 559 Primum
703 533 798 559 cum
832 521 893 559 ais
924 534 991 559 me
1024 535 1072 560 eo
1100 522 1279 561 euasisse
1306 522 1515 572 opinionis
1539 525 1585 561 vt
1614 536 1666 561 ne
1694 536 1744 561 ex
1765 537 1826 571 270

151 585 300 625 alienis
316 586 486 635 posthac
505 584 652 635 elogiis
673 585 851 635 pendere
877 586 1073 625 debeam:
1102 586 1260 635 deinde,
1283 587 1393 637 quod
1417 588 1535 626 addis
1563 588 1745 627 Fabrum

150 650 236 689 suis
267 650 433 700 scriptis
464 650 792 700 patrocinantem
825 663 892 689 me
922 651 1120 702 attigisse,
1148 664 1242 690 cum
1277 651 1322 690 in
1352 665 1399 690 eo
1427 652 1516 691 loco
1545 652 1653 692 nihil
1680 653 1744 692 illi

151 728 316 755 mecum
342 717 449 754 esset
476 715 660 766 negocii:
688 716 738 754 ad
766 715 876 762 haec,
910 715 1019 766 quod
1048 728 1186 754 meam
1214 716 1475 766 Apologiam,
1505 719 1546 756 et
1574 717 1744 756 breuem

151 794 226 830 pro
246 793 391 820 causae
410 781 532 819 modo
551 782 603 827 et,
626 781 734 830 quod
755 783 927 829 constat,
950 781 1171 830 plusquam
1198 782 1554 832 extemporariam,
1577 782 1745 832 longam

150 858 194 884 ac
231 845 474 884 meditatam
509 845 792 884 defensionem
830 859 976 884 vocas:
1018 848 1238 896 postremo,
1274 847 1383 896 quod
1420 847 1600 886 assumis
1637 847 1745 886 nihil
1764 864 1824 898 275

149 911 339 949 futurum
374 911 502 949 fuisse
533 910 706 960 periculi
735 911 843 960 apud
872 910 1068 958 eruditos,
1101 911 1267 949 etiamsi
1295 912 1425 950 Fabro
1455 912 1575 960 nihil,
1607 914 1679 951 aut
1707 913 1744 951 si

149 975 370 1026 neglectim
389 975 705 1025 respondissem.
764 976 852 1025 Ego
871 975 1028 1014 famam
1058 988 1272 1026 nunquam
1293 989 1388 1015 sum
1408 979 1645 1027 aucupatus,
1669 991 1744 1016 nec

148 1041 199 1080 ad
227 1041 340 1080 hunc
367 1054 538 1091 scopum
566 1054 660 1080 mea
687 1041 827 1079 studia
853 1041 1057 1080 destinaui
1072 1055 1081 1087 ;
1111 1041 1218 1091 quod
1249 1043 1306 1089 tu,
1328 1042 1388 1080 mi
1414 1042 1592 1090 Budaee,
1616 1043 1745 1081 nimis

148 1106 385 1155 frequenter
422 1106 634 1156 impingis.
694 1105 780 1144 Nec
813 1119 862 1144 eo
894 1119 1136 1156 progressus
1172 1119 1267 1145 sum
1305 1107 1520 1156 opinionis
1557 1110 1603 1146 vt
1638 1107 1744 1146 mihi

148 1173 290 1210 tutum
317 1171 374 1210 sit
401 1171 658 1218 obticescere,
690 1171 727 1209 si
759 1171 854 1221 quis
888 1171 1092 1221 impingat
1125 1184 1229 1221 quae
1264 1171 1438 1222 impegit
1473 1172 1629 1220 Faber;
1667 1186 1743 1212 nec
1763 1183 1826 1214 280

148 1236 297 1275 acriter
328 1238 400 1276 aut
431 1236 622 1275 ferociter
655 1236 721 1274 illi
753 1237 990 1286 respondeo,
1026 1236 1096 1275 sed
1129 1237 1258 1276 amice
1292 1237 1556 1288 candideque.
1624 1237 1743 1276 Nihil

149 1301 267 1340 enim
296 1314 364 1340 me
395 1304 539 1340 mouet
569 1301 677 1352 quod
709 1314 798 1340 rem
828 1315 901 1352 per
934 1314 978 1340 se
1008 1303 1190 1340 atrocem
1223 1302 1360 1341 verbis
1389 1302 1536 1350 eleuas,
1574 1303 1744 1353 ‘quouis

149 1367 274 1406 modo
312 1366 468 1405 crimen
505 1367 765 1417 aspergenti‚’
799 1370 840 1406 et
876 1369 1017 1406 ‘secus
1051 1366 1162 1417 quid,
1199 1369 1245 1405 vt
1276 1367 1336 1414 fit,
1375 1367 1424 1406 de
1461 1368 1625 1417 scriptis
1657 1369 1744 1406 tuis

149 1431 326 1471 senserit
352 1433 531 1482 quodam
550 1431 668 1480 loco,'
686 1434 728 1471 et
750 1432 759 1450 ⁴
772 1432 809 1470 si
828 1431 1049 1482 quisquam
1075 1431 1251 1481 scriptor
1273 1444 1391 1471 secus
1410 1433 1458 1472 de
1480 1434 1521 1471 te
1539 1432 1743 1471 senserit)

148 1497 259 1536 Istae
278 1496 508 1547 praeclarae
526 1497 707 1546 μειώσεις,
726 1510 822 1536 cum
837 1510 903 1536 res
918 1498 1041 1545 extet,
1060 1510 1146 1535 non
1161 1496 1298 1536 multo
1314 1496 1630 1537 verecundiores
1644 1499 1743 1536 sunt
1763 1509 1823 1550 285

147 1575 273 1612 quam
303 1562 339 1600 si
366 1562 459 1613 quis
487 1562 706 1601 consolans
733 1575 831 1601 eum
859 1562 927 1601 cui
955 1562 1202 1612 elephantus
1230 1562 1286 1601 sit
1313 1562 1491 1610 abactus,
1521 1562 1629 1602 dicat
1656 1575 1743 1602 esse

148 1627 295 1666 deiecti
312 1627 446 1666 animi
464 1627 516 1666 ob
539 1627 697 1666 tantilli
723 1627 965 1666 animalculi
990 1627 1190 1683 iacturam
1217 1628 1492 1666 commoneri:
1522 1629 1595 1666 aut
1617 1627 1654 1667 si
1676 1628 1742 1667 cui

146 1692 316 1743 perisset
341 1693 492 1743 ingens
519 1693 770 1742 smaragdus,
793 1695 916 1743 neget
942 1705 1032 1732 esse
1059 1692 1196 1732 virilis
1222 1693 1353 1732 animi
1383 1692 1434 1732 ob
1461 1693 1596 1742 lapilli
1619 1694 1744 1732 vnius

148 1758 352 1797 damnum
370 1758 510 1797 animo
532 1758 782 1798 discruciari.

199 1824 356 1862 Verum
388 1825 434 1862 vt
470 1823 672 1862 hactenus
705 1824 847 1862 omnia
878 1823 966 1862 ioco
999 1823 1246 1871 tribuamus,
1283 1835 1450 1862 rursum
1491 1823 1536 1861 in
1574 1825 1616 1862 te
1653 1835 1743 1861 con·
1764 1841 1825 1873 290

146 1888 348 1927 stantiam
390 1888 603 1937 desydero.
677 1887 784 1927 Cum
824 1887 871 1926 in
910 1888 1207 1938 posterioribus
1250 1887 1384 1927 literis
1429 1901 1497 1926 me
1540 1888 1742 1926 victorem

147 1953 405 2003 pronuncies,
427 1953 496 1991 hic
516 1965 653 1992 meam
679 1953 962 1991 defensionem
988 1965 1171 1991 errorem
1196 1966 1319 1992 vocas
1342 1955 1383 1991 et
1402 1953 1738 1992 causificationes.

148 2018 246 2057 Mox
269 2017 315 2056 in
339 2017 506 2056 Graecis
535 2030 640 2067 quae
668 2018 908 2067 sequuntur,
939 2018 1072 2056 factus
1096 2017 1308 2067 aliquanto
1334 2017 1487 2066 mitior,
1514 2017 1572 2056 sic
1594 2017 1743 2056 tribuis

147 2082 427 2133 eloquentiam
458 2085 505 2121 vt
537 2081 704 2121 fatearis
739 2081 847 2120 mihi
885 2082 1024 2122 deesse
1061 2083 1263 2122 rationem
1295 2095 1341 2121 ac
1377 2082 1548 2121 modum
1585 2082 1738 2130 vtendi‚

148 2146 317 2197 perinde
346 2147 465 2196 quasi
496 2146 653 2185 furioso
687 2147 827 2185 tradas
859 2160 1011 2185 ensem.
1069 2147 1227 2186 Deinde
1260 2149 1397 2186 totum
1434 2147 1742 2197 Hieronymum
1763 2166 1822 2200 295

149 2227 173 2252 a
201 2225 269 2251 me
297 2212 439 2261 exigis,
470 2211 640 2261 perinde
668 2211 785 2261 quasi
812 2224 888 2260 ego
916 2224 1059 2250 meum
1093 2214 1276 2251 erratum
1311 2212 1427 2251 illius
1461 2211 1651 2262 exemplo
1679 2212 1743 2251 de-

149 2277 364 2317 fenderim.
423 2276 518 2315 Imo
546 2289 650 2326 nego
679 2289 746 2315 me
772 2276 823 2314 ad
849 2276 964 2315 illius
990 2277 1229 2326 exemplum
1256 2277 1435 2316 atrocius
1464 2277 1738 2327 respondisse,

149 2355 246 2381 cum
275 2340 441 2392 grauius
469 2353 604 2379 essem
638 2352 763 2389 quam
794 2339 866 2378 ille
901 2342 1159 2391 prouocatus.
1230 2341 1286 2379 Vt
1320 2340 1430 2380 nihil
1460 2342 1544 2380 iam
1573 2341 1624 2380 ad
1654 2354 1742 2380 rem

152 2406 357 2458 pertineat
395 2405 505 2455 quod
543 2404 749 2444 declamas
787 2405 1095 2455 Hieronymum
1137 2408 1178 2444 et
1222 2406 1509 2455 Augustinum
1553 2406 1743 2446 homines

150 2472 302 2520 fuisse3
340 2484 438 2510 nam
465 2469 570 2509 illud
597 2469 840 2520 planissime
867 2483 942 2520 per
968 2470 1110 2510 lusum
1144 2471 1411 2511 admiscuisse
1439 2470 1602 2519 videris,
1633 2471 1740 2522 quod
1761 2489 1824 2520 300

149 2538 210 2576 ais
236 2535 477 2575 addubitare
505 2537 548 2574 te
577 2548 630 2574 an
659 2535 711 2574 ob
744 2535 786 2574 id
820 2535 1106 2585 Hieronymus
1136 2538 1251 2575 actus
1282 2537 1333 2575 ad
1367 2536 1523 2576 Christi
1556 2535 1740 2576 tribunal

150 2601 421 2653 vapulauerit,
453 2601 561 2652 quod
590 2601 635 2639 in
664 2600 880 2639 Ruffinum
908 2600 1146 2652 scripserit:
1184 2614 1279 2640 cum
1308 2601 1520 2640 somnium
1547 2600 1665 2649 illud,
1694 2605 1740 2640 vt

151 2669 239 2718 ipse
270 2668 459 2714 testatur,
495 2665 734 2705 adolescens
769 2666 1000 2713 somniarit,
1036 2666 1081 2705 in
1118 2667 1332 2706 Ruffinum
1370 2680 1455 2706 non
1496 2665 1578 2705 nisi
1613 2678 1741 2705 senex

152 2731 377 2783 scripserit,
395 2733 517 2781 atque
537 2731 639 2770 adeo
658 2744 709 2770 ne
729 2731 780 2770 ad
799 2731 1087 2782 Augustinum
1107 2731 1286 2782 quidem.

216 2814 289 2845 266.
315 2815 345 2843 F
359 2815 472 2850 Corriy.
489 2824 497 2844 :
519 2813 678 2853 legerent
694 2835 702 2844 .
720 2836 728 2845 .
746 2836 755 2845 .
771 2812 1016 2853 expenderent
1030 2815 1068 2843 E.
1193 2813 1268 2852 287.
1293 2811 1430 2843 tantilli
1447 2814 1482 2842 H
1495 2822 1503 2842 :
1525 2812 1619 2843 tanti
1636 2814 1674 2843 E.

195 2890 270 2919 270.
294 2878 363 2920 ais]
378 2879 430 2910 Cf.
447 2879 510 2918 Ep.
529 2879 603 2909 810.
622 2878 738 2917 75-81.
1023 2887 1098 2917 295.
1123 2877 1279 2918 Deinde]
1299 2877 1361 2917 Ep.
1378 2877 1453 2908 810.
1474 2886 1543 2916 114.

195 2925 268 2955 282.
292 2922 426 2963 eleuas]
443 2922 494 2953 Cf.
512 2922 576 2962 Ep.
592 2922 666 2952 810.
682 2922 735 2961 83,
752 2931 801 2961 79,
819 2922 872 2953 86.
1021 2931 1096 2960 299.
1120 2920 1314 2961 declamas]
1330 2921 1394 2960 Ep.
1407 2921 1481 2953 810.
1501 2920 1616 2953 116-8.

195 2976 268 3007 291.
292 2967 332 2998 in
348 2963 617 3006 posterioribus]
641 2965 704 3005 Ep.
720 2965 795 3005 896.
811 2966 909 2996 60-2.
1023 2973 1097 3003 301.
1125 2963 1353 3004 addubitare]
1377 2963 1440 3003 Ep.
1458 2964 1534 2995 810.
1554 2973 1661 3005 112,3.

197 3020 270 3050 292.
297 3009 372 3050 hic]
385 3009 449 3049 Ep.
465 3010 540 3040 810.
556 3017 610 3048 95,
631 3018 703 3040 100.
1022 3017 1097 3047 303.
1123 3008 1291 3049 testatur]
1311 3007 1411 3038 Hier.
1430 3009 1487 3045 Ep.
1506 3017 1559 3039 22.
1572 3017 1625 3047 30.
