2034 3433
231 137 283 175 94
697 136 947 175 LETTERS
986 135 1057 174 OF
1095 135 1360 174 ERASMUS
1566 180 1569 183 Δ
1703 134 1829 188 [1517

232 240 294 270 the
312 241 431 272 Abbot
447 239 589 271 invited
606 240 775 270 Erasmus
792 240 828 269 to
844 248 941 268 come
958 236 1031 267 and
1048 246 1104 267 see
1121 236 1209 275 him,
1227 238 1292 268 but
1308 238 1387 268 that
1409 238 1577 268 Erasmus
1599 247 1670 269 was
1690 238 1829 279 obliged

232 285 268 314 to
285 284 388 315 write
407 284 484 325 (Ep.
504 284 583 323 672)
601 283 672 313 and
689 282 829 313 decline
845 282 899 311 for
914 281 977 311 the
994 281 1150 319 present.
1183 281 1202 311 Ι
1219 281 1308 311 have
1320 281 1446 320 placed
1459 281 1559 311 them
1573 281 1830 321 conjecturally

232 327 324 358 with
341 328 428 367 Epp.
447 328 578 367 665-70
596 328 742 357 because
759 326 798 356 of
815 323 993 355 Erasrnus'
1016 323 1095 354 cold
1116 324 1187 354 and
1209 324 1357 355 because
1378 325 1466 363 they
1485 324 1607 355 follow
1628 325 1691 364 Ep.
1710 326 1775 364 670
1791 325 1829 355 in

233 371 296 401 the
318 372 564 411 manuscript;
588 371 652 400 but
674 370 761 408 they
780 368 911 399 should
932 367 1086 407 perhaps
1110 368 1151 398 be
1175 377 1302 398 nearer
1326 368 1364 399 in
1390 369 1479 399 time
1507 369 1543 398 to
1568 369 1655 408 Epp.
1675 378 1738 406 720
1758 369 1831 399 and

233 414 326 456 761.]

288 493 331 530 S.
361 492 422 539 P..
455 490 799 529 reuerendissime
833 488 966 526 Pater.
1028 487 1174 535 Hodie,
1207 501 1303 526 cum
1332 502 1355 527 a
1384 489 1558 539 prandio
1589 502 1662 539 per
1694 489 1831 528 forum

233 558 412 596 redirem
445 556 628 603 domum,
659 554 873 593 Paludano
908 553 1116 591 indicante
1148 554 1323 603 eognoui
1357 555 1627 593 reuerendam
1656 556 1834 604 paterni-

233 625 360 661 tatem
391 623 507 659 tuam
540 620 790 670 praeterire3
828 632 974 658 verum
1013 631 1099 657 non
1138 619 1315 669 cognoui
1353 619 1437 658 nisi
1474 623 1745 670 posteaquam
1784 634 1830 660 ea

236 689 316 726 iam
336 686 606 737 praeterisset.
665 683 795 723 Dolui
820 683 947 722 simul
973 685 1015 722 et
1036 683 1204 733 gauisus
1229 697 1338 722 sum.
1396 685 1525 723 Doleo
1552 685 1659 736 quod
1689 685 1833 736 agnito

197 770 214 801 5
235 767 318 792 non
331 751 612 790 exhibuissem
626 764 751 800 quem
765 750 891 788 debeo
904 749 1126 797 honorem;
1146 749 1313 798 gauisus
1325 763 1419 788 sum
1432 751 1540 800 quod
1552 751 1831 802 intelligerem

235 823 275 858 te
311 819 397 856 iam
431 819 598 855 tantum
635 816 840 854 Ecclesiae
873 815 1094 865 primatem
1127 815 1279 862 adesse,
1313 816 1482 864 quicum
1517 816 1625 853 mihi
1658 817 1759 855 olim
1793 820 1833 855 et

235 885 386 923 domus
401 884 442 920 et
457 882 674 920 Moecenas
688 880 810 919 fuerit
825 879 1070 928 eommunis,
1089 893 1295 930 quemque
1311 880 1362 918 ob
1378 880 1580 919 similium
1597 881 1833 920 studiorum

235 951 429 988 affectum
456 950 576 987 vnice
596 948 845 986 dilexissem.
903 946 1112 984 Felicitati
1130 948 1224 984 tuae
1246 947 1440 996 gratulor,
1463 960 1600 985 meam
1620 948 1832 987 fortunam

237 1029 320 1054 non
351 1015 540 1065 deploro:
582 1028 685 1064 quae
713 1013 857 1061 maior,
891 1012 926 1050 si
954 1011 1189 1059 voluissem,
1221 1011 1458 1062 contingere
1490 1014 1719 1062 potuisset;
1759 1014 1829 1053 sed

178 1097 217 1119 10
235 1082 335 1120 haec
368 1080 542 1118 humilis
572 1079 713 1118 animo
744 1091 835 1117 meo
870 1078 1003 1128 magis
1035 1077 1184 1115 arrisit.
1242 1077 1369 1115 Recta
1401 1078 1451 1115 ad
1485 1080 1525 1116 te
1560 1079 1829 1129 aduolassem,

237 1147 281 1185 ni
311 1159 379 1184 me
407 1146 567 1196 pituita,
600 1144 881 1183 studiosorum
915 1143 1098 1190 morbus,
1134 1143 1248 1181 domi
1280 1143 1482 1192 alligaret.
1555 1144 1722 1194 Impera
1760 1148 1833 1184 tuo

237 1213 412 1250 Erasmo
429 1225 437 1258 ;
467 1210 644 1261 reperies
664 1210 858 1248 clientem
877 1209 927 1248 ad
948 1207 1116 1258 quiduis
1136 1208 1321 1258 obsequii
1339 1209 1662 1257 paratissimum.
1722 1210 1839 1250 Bene

237 1278 369 1316 valeat
391 1278 435 1316 T.
453 1278 501 1315 R.
517 1277 577 1323 P..
602 1276 668 1315 eui
689 1289 755 1314 me
776 1278 914 1314 totum
934 1274 1061 1313 trado.

1363 1341 1572 1389 Erasmus,
1596 1344 1670 1380 ete.

654 1476 749 1515 6752.
811 1473 875 1513 To
905 1473 1143 1527 <WILL1AM
1176 1472 1416 1527 BOLLAmr).

286 1565 472 1601 Deventer
489 1564 565 1600 MS.
586 1575 643 1611 91,
662 1565 687 1601 f.
705 1567 750 1610 63
769 1569 818 1600 νο.
1410 1563 1634 1611 (Louvain.>

284 1623 357 1659 LB.
375 1625 472 1669 App.
491 1633 571 1667 244.
1264 1622 1321 1668 <c.
1342 1624 1383 1658 16
1402 1622 1623 1668 September
1644 1633 1731 1670 1517
1745 1623 1788 1669 5²>

293 1706 332 1745 S.
352 1706 400 1744 D.
451 1705 613 1744 Pituita
632 1705 926 1754 ingrauescens
945 1706 986 1742 et
1001 1717 1144 1743 vocem
1163 1717 1332 1754 prorsus
1351 1704 1507 1743 ademit
1527 1707 1569 1743 et
1589 1705 1832 1745 febriculam

238 1771 417 1810 attraxit.
475 1770 657 1809 Proinde
694 1769 827 1808 serius
864 1769 1053 1808 fruemur
1090 1769 1315 1808 reuerenda
1351 1770 1423 1808 tua
1460 1771 1720 1820 paternitate,
1763 1772 1834 1810 sed

239 1836 437 1884 suauius3
471 1849 582 1874 nunc
613 1835 756 1874 morbo
790 1835 1070 1873 seruiendum.
1128 1835 1236 1872 Boni
1265 1835 1452 1874 consulet
1491 1838 1563 1874 tua
1596 1837 1838 1876 humanitas

239 1902 348 1953 quod
368 1903 410 1941 et
428 1900 582 1952 alioqui
603 1902 817 1950 extorquet
838 1899 1071 1939 necessitas.
1133 1900 1247 1939 Bene
1266 1900 1367 1939 vale.

203 1988 220 2019 5
1472 1967 1681 2013 Erasmus,
1704 1970 1778 2007 etc.

608 2097 705 2138 673.
765 2096 829 2138 To
860 2097 1052 2139 ANTONY
1084 2108 1140 2137 OF
1172 2097 1479 2139 LUXEMBURG.

288 2188 475 2224 Deventer
492 2188 569 2223 MS.
590 2198 646 2233 91,
665 2188 690 2222 f.
710 2198 753 2232 93
771 2191 820 2223 νο.
1471 2188 1649 2225 Louvain.

288 2246 359 2282 LB.
378 2247 473 2292 App.
498 2248 575 2289 187.
1334 2256 1375 2290 17
1396 2246 1617 2292 September
1637 2246 1793 2294 (1517).

242 2372 268 2402 Ε
287 2329 417 2412 [1517,]
428 2329 573 2359 because
600 2328 638 2358 of
662 2327 725 2358 the
742 2327 903 2368 Apology
927 2328 1065 2366 against
1091 2326 1212 2358 Faber.
1260 2327 1327 2358 For
1352 2327 1413 2358 the
1439 2328 1585 2368 general
1607 2329 1773 2360 contents
1795 2329 1839 2359 cf.

273 2383 305 2411 P·
324 2382 398 2411 739·

340 2459 546 2490 ERASMVS
576 2459 912 2489 ROTERODAMVS
943 2459 1143 2489 ANTONIO
1174 2459 1496 2489 LVTZENBVRGO
1527 2459 1610 2489 SVO
1641 2462 1677 2489 S.
1703 2460 1740 2489 P.

296 2542 438 2579 Avmo
477 2540 671 2579 nonnihil
704 2539 907 2579 subirasci
944 2539 1064 2578 nobis
1092 2538 1313 2585 Abbatem,
1340 2540 1486 2589 opinor
1523 2541 1630 2590 quod
1668 2540 1838 2590 quidam

243 2606 307 2644 illi
330 2606 537 2644 narrarint
566 2606 610 2644 in
640 2606 770 2644 Moria
798 2606 939 2644 lusum
968 2618 1055 2643 esse
1085 2605 1223 2643 nescio
1254 2605 1352 2654 quid
1379 2605 1424 2642 in
1454 2606 1694 2645 monachos.
1752 2606 1837 2645 Nec

243 2674 383 2709 tamen
404 2671 524 2710 credo
545 2671 653 2721 quod
675 2671 798 2709 audio
817 2685 826 2718 ;
856 2670 957 2709 noui
983 2669 1247 2720 prudentiam
1273 2670 1470 2708 hominis.
1527 2672 1838 2721 Argumentum

242 2738 329 2774 erat
349 2735 571 2784 ludicrum,
591 2750 675 2775 non
690 2735 1013 2786 expectabantur
1027 2735 1153 2774 seria:
1183 2737 1223 2773 et
1242 2737 1383 2774 tamen
1399 2736 1510 2773 nihil
1525 2736 1663 2776 odiose
1680 2737 1838 2776 dictum

207 2821 225 2853 5
244 2803 306 2839 est
332 2801 376 2838 in
402 2801 637 2840 monachos.
695 2800 787 2840 Hoc
818 2814 920 2851 opus
947 2814 1032 2839 non
1065 2800 1237 2839 offendit
1267 2801 1527 2850 Pontificem,
1558 2803 1630 2853 qui
1658 2816 1680 2842 a
1709 2803 1839 2854 capite

722 2904 798 2936 671.
826 2915 875 2937 12.
901 2903 1008 2947 qduis
1023 2907 1111 2936 MS:
1137 2904 1290 2944 quoduis
1307 2907 1371 2936 ΕΒ.

468 2995 541 3025 673.
572 3005 597 3025 1.
627 2995 820 3035 Abbatem]
838 2995 991 3035 Antony
1007 2994 1045 3025 of
1064 2994 1223 3034 Bergen;
1252 3003 1307 3024 see
1325 2995 1388 3034 Ep.
1411 3004 1473 3034 143
1491 2995 1623 3026 introd.
