<?xml version="1.0" encoding="UTF-8"?>
<!DOCTYPE html PUBLIC "-//W3C//DTD XHTML 1.0 Transitional//EN"
    "http://www.w3.org/TR/xhtml1/DTD/xhtml1-transitional.dtd">
<html xmlns="http://www.w3.org/1999/xhtml" xml:lang="en" lang="en">
 <head>
  <title>
</title>
<meta http-equiv="Content-Type" content="text/html;charset=utf-8" />
  <meta name='ocr-system' content='tesseract 3.04.00' />
  <meta name='ocr-capabilities' content='ocr_page ocr_carea ocr_par ocr_line ocrx_word'/>
</head>
<body>
  <div class='ocr_page' id='page_1' title='image "./opusepistolarumd03erasuoft_0047.png"; bbox 0 0 2034 3433; ppageno 0'>
   <div class='ocr_carea' id='block_1_1' title="bbox 94 176 1672 234">
    <p class='ocr_par' dir='ltr' id='par_1_1' title="bbox 94 176 1672 234">
     <span class='ocr_line' id='line_1_1' title="bbox 94 176 1672 234; baseline -0.004 -14"><span class='ocrx_word' id='word_1_1' title='bbox 94 179 195 234; x_wconf 74' lang='lat'>601]</span> <span class='ocrx_word' id='word_1_2' title='bbox 579 179 732 218; x_wconf 83' lang='lat' dir='ltr'>FROM</span> <span class='ocrx_word' id='word_1_3' title='bbox 769 177 1001 218; x_wconf 87' lang='lat' dir='ltr'>THOMAS</span> <span class='ocrx_word' id='word_1_4' title='bbox 1037 177 1190 217; x_wconf 82' lang='lat' dir='ltr'>MORE</span> <span class='ocrx_word' id='word_1_5' title='bbox 1626 176 1672 214; x_wconf 90' lang='lat'>11</span> 
     </span>
    </p>
   </div>
   <div class='ocr_carea' id='block_1_2' title="bbox 92 278 1733 724">
    <p class='ocr_par' dir='ltr' id='par_1_2' title="bbox 94 278 1733 399">
     <span class='ocr_line' id='line_1_2' title="bbox 95 278 1733 334; baseline -0.004 -12"><span class='ocrx_word' id='word_1_6' title='bbox 95 286 218 334; x_wconf 81' lang='lat' dir='ltr'>atque</span> <span class='ocrx_word' id='word_1_7' title='bbox 238 283 444 334; x_wconf 85' lang='lat' dir='ltr'>insperato</span> <span class='ocrx_word' id='word_1_8' title='bbox 466 282 575 322; x_wconf 91' lang='lat' dir='ltr'>bono</span> <span class='ocrx_word' id='word_1_9' title='bbox 601 282 869 333; x_wconf 79' lang='lat' dir='ltr'>rependatur:</span> <span class='ocrx_word' id='word_1_10' title='bbox 898 281 1006 332; x_wconf 90' lang='lat' dir='ltr'>quod</span> <span class='ocrx_word' id='word_1_11' title='bbox 1030 282 1077 319; x_wconf 85' lang='lat' dir='ltr'>vt</span> <span class='ocrx_word' id='word_1_12' title='bbox 1101 293 1223 331; x_wconf 86' lang='lat' dir='ltr'>quam</span> <span class='ocrx_word' id='word_1_13' title='bbox 1250 279 1492 318; x_wconf 77' lang='lat' dir='ltr'><strong>maturrime</strong></span> <span class='ocrx_word' id='word_1_14' title='bbox 1511 278 1675 317; x_wconf 88' lang='lat' dir='ltr'>videam</span> <span class='ocrx_word' id='word_1_15' title='bbox 1695 293 1733 325; x_wconf 87' lang='lat'>15</span> 
     </span>
     <span class='ocr_line' id='line_1_3' title="bbox 94 348 645 399; baseline -0.002 -12"><span class='ocrx_word' id='word_1_16' title='bbox 94 348 139 387; x_wconf 91' lang='lat' dir='ltr'>in</span> <span class='ocrx_word' id='word_1_17' title='bbox 159 349 307 399; x_wconf 87' lang='lat' dir='ltr'>primis</span> <span class='ocrx_word' id='word_1_18' title='bbox 324 348 431 387; x_wconf 89' lang='lat' dir='ltr'>mihi</span> <span class='ocrx_word' id='word_1_19' title='bbox 449 348 556 386; x_wconf 85' lang='lat' dir='ltr'>votis</span> <span class='ocrx_word' id='word_1_20' title='bbox 573 350 645 386; x_wconf 88' lang='lat' dir='ltr'>est.</span> 
     </span>
    </p>

    <p class='ocr_par' dir='ltr' id='par_1_3' title="bbox 92 408 1733 724">
     <span class='ocr_line' id='line_1_4' title="bbox 149 408 1674 464; baseline -0.004 -12"><span class='ocrx_word' id='word_1_21' title='bbox 149 413 277 464; x_wconf 86' lang='lat' dir='ltr'>Niger</span> <span class='ocrx_word' id='word_1_22' title='bbox 294 413 366 452; x_wconf 90' lang='lat' dir='ltr'>ille</span> <span class='ocrx_word' id='word_1_23' title='bbox 386 413 605 452; x_wconf 87' lang='lat' dir='ltr'>Carmelita</span> <span class='ocrx_word' id='word_1_24' title='bbox 624 413 731 463; x_wconf 89' lang='lat' dir='ltr'>quod</span> <span class='ocrx_word' id='word_1_25' title='bbox 751 413 827 452; x_wconf 90' lang='lat' dir='ltr'>tibi</span> <span class='ocrx_word' id='word_1_26' title='bbox 846 415 932 452; x_wconf 86' lang='lat' dir='ltr'>tam</span> <span class='ocrx_word' id='word_1_27' title='bbox 959 411 1125 462; x_wconf 88' lang='lat' dir='ltr'>iniquus</span> <span class='ocrx_word' id='word_1_28' title='bbox 1145 411 1213 458; x_wconf 88' lang='lat' dir='ltr'>sit,</span> <span class='ocrx_word' id='word_1_29' title='bbox 1238 410 1347 449; x_wconf 86' lang='lat' dir='ltr'>haud</span> <span class='ocrx_word' id='word_1_30' title='bbox 1366 409 1501 448; x_wconf 87' lang='lat' dir='ltr'>hercle</span> <span class='ocrx_word' id='word_1_31' title='bbox 1521 408 1649 447; x_wconf 86' lang='lat' dir='ltr'>miror</span> <span class='ocrx_word' id='word_1_32' title='bbox 1665 423 1674 455; x_wconf 81' lang='lat'>3</span> 
     </span>
     <span class='ocr_line' id='line_1_5' title="bbox 94 474 1669 527; baseline -0.004 -10"><span class='ocrx_word' id='word_1_33' title='bbox 94 478 255 518; x_wconf 90' lang='lat' dir='ltr'>homini</span> <span class='ocrx_word' id='word_1_34' title='bbox 282 478 574 526; x_wconf 89' lang='lat' dir='ltr'>dissimillimo,</span> <span class='ocrx_word' id='word_1_35' title='bbox 607 491 754 527; x_wconf 85' lang='lat' dir='ltr'>nempe</span> <span class='ocrx_word' id='word_1_36' title='bbox 782 478 973 516; x_wconf 89' lang='lat' dir='ltr'>indoctus</span> <span class='ocrx_word' id='word_1_37' title='bbox 1002 477 1240 515; x_wconf 84' lang='lat' dir='ltr'>doctissimo</span> <span class='ocrx_word' id='word_1_38' title='bbox 1268 488 1312 513; x_wconf 87' lang='lat' dir='ltr'>ae</span> <span class='ocrx_word' id='word_1_39' title='bbox 1338 474 1473 513; x_wconf 84' lang='lat' dir='ltr'>malus</span> <span class='ocrx_word' id='word_1_40' title='bbox 1502 474 1669 523; x_wconf 89' lang='lat' dir='ltr'>optimo.</span> 
     </span>
     <span class='ocr_line' id='line_1_6' title="bbox 95 540 1673 593; baseline -0.004 -11"><span class='ocrx_word' id='word_1_41' title='bbox 95 543 175 582; x_wconf 87' lang='lat' dir='ltr'>Sed</span> <span class='ocrx_word' id='word_1_42' title='bbox 194 544 238 582; x_wconf 89' lang='lat' dir='ltr'>in</span> <span class='ocrx_word' id='word_1_43' title='bbox 254 543 429 582; x_wconf 89' lang='lat' dir='ltr'>Moriam</span> <span class='ocrx_word' id='word_1_44' title='bbox 445 544 552 593; x_wconf 91' lang='lat' dir='ltr'>quod</span> <span class='ocrx_word' id='word_1_45' title='bbox 572 543 796 591; x_wconf 89' lang='lat' dir='ltr'>inuehitur,</span> <span class='ocrx_word' id='word_1_46' title='bbox 813 543 852 582; x_wconf 93' lang='lat' dir='ltr'>id</span> <span class='ocrx_word' id='word_1_47' title='bbox 872 556 970 581; x_wconf 88' lang='lat' dir='ltr'>vero</span> <span class='ocrx_word' id='word_1_48' title='bbox 988 542 1060 581; x_wconf 89' lang='lat' dir='ltr'>vix</span> <span class='ocrx_word' id='word_1_49' title='bbox 1074 541 1182 580; x_wconf 88' lang='lat' dir='ltr'>credi</span> <span class='ocrx_word' id='word_1_50' title='bbox 1198 541 1344 591; x_wconf 89' lang='lat' dir='ltr'>potest,</span> <span class='ocrx_word' id='word_1_51' title='bbox 1359 540 1484 578; x_wconf 91' lang='lat' dir='ltr'>homo</span> <span class='ocrx_word' id='word_1_52' title='bbox 1498 541 1610 578; x_wconf 88' lang='lat' dir='ltr'>totus</span> <span class='ocrx_word' id='word_1_53' title='bbox 1625 552 1673 576; x_wconf 89' lang='lat' dir='ltr'>ex</span> 
     </span>
     <span class='ocr_line' id='line_1_7' title="bbox 93 604 1733 658; baseline -0.001 -11"><span class='ocrx_word' id='word_1_54' title='bbox 93 608 224 647; x_wconf 88' lang='lat' dir='ltr'>Moria</span> <span class='ocrx_word' id='word_1_55' title='bbox 236 609 446 648; x_wconf 87' lang='lat' dir='ltr'>conflatus.</span> <span class='ocrx_word' id='word_1_56' title='bbox 484 608 518 646; x_wconf 95' lang='grc' dir='ltr'><strong>Ο</strong></span> <span class='ocrx_word' id='word_1_57' title='bbox 530 608 743 646; x_wconf 91' lang='lat' dir='ltr'>hominem</span> <span class='ocrx_word' id='word_1_58' title='bbox 755 608 981 646; x_wconf 79' lang='lat' dir='ltr'>insolenter</span> <span class='ocrx_word' id='word_1_59' title='bbox 992 609 1201 658; x_wconf 89' lang='lat' dir='ltr'>ingratum</span> <span class='ocrx_word' id='word_1_60' title='bbox 1219 608 1228 645; x_wconf 74' lang='lat'>1</span> <span class='ocrx_word' id='word_1_61' title='bbox 1266 605 1427 644; x_wconf 90' lang='lat' dir='ltr'>Adeon’</span> <span class='ocrx_word' id='word_1_62' title='bbox 1438 617 1533 643; x_wconf 90' lang='lat' dir='ltr'>eum</span> <span class='ocrx_word' id='word_1_63' title='bbox 1549 604 1674 653; x_wconf 91' lang='lat' dir='ltr'>pudet</span> <span class='ocrx_word' id='word_1_64' title='bbox 1693 624 1733 646; x_wconf 82' lang='lat'>20</span> 
     </span>
     <span class='ocr_line' id='line_1_8' title="bbox 92 668 1673 724; baseline -0.003 -13"><span class='ocrx_word' id='word_1_65' title='bbox 92 673 364 724; x_wconf 76' lang='lat' dir='ltr'>imperatricis</span> <span class='ocrx_word' id='word_1_66' title='bbox 389 674 520 711; x_wconf 81' lang='lat' dir='ltr'>suae?</span> <span class='ocrx_word' id='word_1_67' title='bbox 558 686 658 722; x_wconf 86' lang='lat' dir='ltr'>quae</span> <span class='ocrx_word' id='word_1_68' title='bbox 684 673 1004 712; x_wconf 88' lang='lat' dir='ltr'>mellitissimam</span> <span class='ocrx_word' id='word_1_69' title='bbox 1030 672 1068 711; x_wconf 91' lang='lat' dir='ltr'>ei</span> <span class='ocrx_word' id='word_1_70' title='bbox 1093 672 1264 710; x_wconf 88' lang='lat' dir='ltr'>filiolam</span> <span class='ocrx_word' id='word_1_71' title='bbox 1288 683 1405 709; x_wconf 88' lang='lat' dir='ltr'>suam</span> <span class='ocrx_word' id='word_1_72' title='bbox 1428 668 1673 719; x_wconf 83' lang='lat' dir='ltr'>philantiam</span> 
     </span>
    </p>
   </div>
   <div class='ocr_carea' id='block_1_3' title="bbox 348 752 1399 804">
    <p class='ocr_par' dir='ltr' id='par_1_4' title="bbox 348 752 1399 804">
     <span class='ocr_line' id='line_1_9' title="bbox 348 752 1399 804; baseline -0.002 -12"><span class='ocrx_word' id='word_1_73' title='bbox 348 753 564 793; x_wconf 85' lang='lat' dir='ltr'>Connubio</span> <span class='ocrx_word' id='word_1_74' title='bbox 592 754 729 793; x_wconf 91' lang='lat' dir='ltr'>iunxit</span> <span class='ocrx_word' id='word_1_75' title='bbox 756 753 896 793; x_wconf 91' lang='lat' dir='ltr'>stabili</span> <span class='ocrx_word' id='word_1_76' title='bbox 922 754 1208 804; x_wconf 85' lang='lat' dir='ltr'>propriamque</span> <span class='ocrx_word' id='word_1_77' title='bbox 1236 752 1399 801; x_wconf 87' lang='lat' dir='ltr'>dicauit,</span> 
     </span>
    </p>
   </div>
   <div class='ocr_carea' id='block_1_4' title="bbox 85 831 1729 2645">
    <p class='ocr_par' dir='ltr' id='par_1_5' title="bbox 92 831 1673 952">
     <span class='ocr_line' id='line_1_10' title="bbox 92 831 1671 886; baseline -0.004 -12"><span class='ocrx_word' id='word_1_78' title='bbox 92 848 172 886; x_wconf 88' lang='lat' dir='ltr'>qua</span> <span class='ocrx_word' id='word_1_79' title='bbox 186 848 228 874; x_wconf 89' lang='lat' dir='ltr'>se</span> <span class='ocrx_word' id='word_1_80' title='bbox 243 837 438 886; x_wconf 87' lang='lat' dir='ltr'>perpetuo</span> <span class='ocrx_word' id='word_1_81' title='bbox 455 835 639 883; x_wconf 88' lang='lat' dir='ltr'>oblectet,</span> <span class='ocrx_word' id='word_1_82' title='bbox 659 835 811 884; x_wconf 84' lang='lat' dir='ltr'>alioqui</span> <span class='ocrx_word' id='word_1_83' title='bbox 827 835 906 874; x_wconf 89' lang='lat' dir='ltr'>sibi</span> <span class='ocrx_word' id='word_1_84' title='bbox 925 835 1004 884; x_wconf 89' lang='lat' dir='ltr'>ipsi</span> <span class='ocrx_word' id='word_1_85' title='bbox 1023 848 1107 873; x_wconf 92' lang='lat' dir='ltr'>non</span> <span class='ocrx_word' id='word_1_86' title='bbox 1126 834 1328 873; x_wconf 80' lang='lat' dir='ltr'>serendus.</span> <span class='ocrx_word' id='word_1_87' title='bbox 1379 832 1457 872; x_wconf 86' lang='lat' dir='ltr'>Sed</span> <span class='ocrx_word' id='word_1_88' title='bbox 1475 845 1548 871; x_wconf 88' lang='lat' dir='ltr'>nec</span> <span class='ocrx_word' id='word_1_89' title='bbox 1568 831 1671 869; x_wconf 91' lang='lat' dir='ltr'>illud</span> 
     </span>
     <span class='ocr_line' id='line_1_11' title="bbox 92 899 1673 952; baseline -0.003 -14"><span class='ocrx_word' id='word_1_90' title='bbox 92 900 257 951; x_wconf 89' lang='lat' dir='ltr'>quidem</span> <span class='ocrx_word' id='word_1_91' title='bbox 270 901 454 952; x_wconf 86' lang='lat' dir='ltr'>agnoscit</span> <span class='ocrx_word' id='word_1_92' title='bbox 467 901 563 939; x_wconf 89' lang='lat' dir='ltr'>deae</span> <span class='ocrx_word' id='word_1_93' title='bbox 576 903 662 939; x_wconf 87' lang='lat' dir='ltr'>tam</span> <span class='ocrx_word' id='word_1_94' title='bbox 673 900 878 951; x_wconf 89' lang='lat' dir='ltr'>propiciae</span> <span class='ocrx_word' id='word_1_95' title='bbox 890 902 976 938; x_wconf 91' lang='lat' dir='ltr'>tam</span> <span class='ocrx_word' id='word_1_96' title='bbox 991 913 1133 938; x_wconf 82' lang='lat' dir='ltr'>reeens</span> <span class='ocrx_word' id='word_1_97' title='bbox 1150 899 1405 945; x_wconf 87' lang='lat' dir='ltr'>beneficium,</span> <span class='ocrx_word' id='word_1_98' title='bbox 1421 911 1523 948; x_wconf 88' lang='lat' dir='ltr'>quae</span> <span class='ocrx_word' id='word_1_99' title='bbox 1541 910 1673 946; x_wconf 89' lang='lat' dir='ltr'>nuper</span> 
     </span>
    </p>

    <p class='ocr_par' dir='ltr' id='par_1_6' title="bbox 87 962 1729 1537">
     <span class='ocr_line' id='line_1_12' title="bbox 91 962 1728 1015; baseline -0.002 -12"><span class='ocrx_word' id='word_1_100' title='bbox 91 965 128 1003; x_wconf 92' lang='lat' dir='ltr'>ei</span> <span class='ocrx_word' id='word_1_101' title='bbox 148 966 254 1004; x_wconf 86' lang='lat' dir='ltr'>tanti</span> <span class='ocrx_word' id='word_1_102' title='bbox 275 965 458 1005; x_wconf 89' lang='lat' dir='ltr'>muneris</span> <span class='ocrx_word' id='word_1_103' title='bbox 477 966 692 1005; x_wconf 85' lang='lat' dir='ltr'>candidato</span> <span class='ocrx_word' id='word_1_104' title='bbox 714 965 801 1004; x_wconf 89' lang='lat' dir='ltr'>sola</span> <span class='ocrx_word' id='word_1_105' title='bbox 821 966 1137 1015; x_wconf 87' lang='lat' dir='ltr'>suffragatorum</span> <span class='ocrx_word' id='word_1_106' title='bbox 1158 964 1333 1002; x_wconf 87' lang='lat' dir='ltr'>calculos</span> <span class='ocrx_word' id='word_1_107' title='bbox 1351 962 1559 1002; x_wconf 81' lang='lat' dir='ltr'>eblandita</span> <span class='ocrx_word' id='word_1_108' title='bbox 1577 963 1672 1001; x_wconf 82' lang='lat' dir='ltr'>est?</span> <span class='ocrx_word' id='word_1_109' title='bbox 1692 980 1728 1011; x_wconf 84' lang='lat'>25</span> 
     </span>
     <span class='ocr_line' id='line_1_13' title="bbox 92 1027 1670 1081; baseline -0.003 -11"><span class='ocrx_word' id='word_1_110' title='bbox 92 1031 193 1070; x_wconf 90' lang='lat' dir='ltr'>dum</span> <span class='ocrx_word' id='word_1_111' title='bbox 214 1032 345 1070; x_wconf 85' lang='lat' dir='ltr'>offuso</span> <span class='ocrx_word' id='word_1_112' title='bbox 364 1031 591 1070; x_wconf 81' lang='lat' dir='ltr'>luminibus</span> <span class='ocrx_word' id='word_1_113' title='bbox 610 1044 750 1069; x_wconf 87' lang='lat' dir='ltr'>eorum</span> <span class='ocrx_word' id='word_1_114' title='bbox 770 1030 1000 1081; x_wconf 87' lang='lat' dir='ltr'>praestigio,</span> <span class='ocrx_word' id='word_1_115' title='bbox 1020 1030 1133 1068; x_wconf 90' lang='lat' dir='ltr'>illius</span> <span class='ocrx_word' id='word_1_116' title='bbox 1158 1029 1348 1068; x_wconf 89' lang='lat' dir='ltr'>diuinum</span> <span class='ocrx_word' id='word_1_117' title='bbox 1369 1028 1499 1068; x_wconf 90' lang='lat' dir='ltr'>oeulis</span> <span class='ocrx_word' id='word_1_118' title='bbox 1517 1027 1670 1066; x_wconf 88' lang='lat' dir='ltr'>afflauit</span> 
     </span>
     <span class='ocr_line' id='line_1_14' title="bbox 91 1093 1671 1146; baseline -0.003 -12"><span class='ocrx_word' id='word_1_119' title='bbox 91 1095 302 1146; x_wconf 87' lang='lat' dir='ltr'>honorem,</span> <span class='ocrx_word' id='word_1_120' title='bbox 322 1097 497 1146; x_wconf 75' lang='lat' dir='ltr'>fecitque</span> <span class='ocrx_word' id='word_1_121' title='bbox 515 1096 576 1135; x_wconf 89' lang='lat' dir='ltr'>vti</span> <span class='ocrx_word' id='word_1_122' title='bbox 595 1095 869 1145; x_wconf 80' lang='lat' dir='ltr'>plausibiliter</span> <span class='ocrx_word' id='word_1_123' title='bbox 888 1095 1303 1134; x_wconf 88' lang='lat' dir='ltr'>honoratissimorum</span> <span class='ocrx_word' id='word_1_124' title='bbox 1323 1093 1542 1131; x_wconf 88' lang='lat' dir='ltr'>hominum</span> <span class='ocrx_word' id='word_1_125' title='bbox 1560 1105 1671 1141; x_wconf 87' lang='lat' dir='ltr'>prae-</span> 
     </span>
     <span class='ocr_line' id='line_1_15' title="bbox 91 1158 1671 1211; baseline -0.003 -11"><span class='ocrx_word' id='word_1_126' title='bbox 91 1161 275 1211; x_wconf 87' lang='lat' dir='ltr'>rogatiua</span> <span class='ocrx_word' id='word_1_127' title='bbox 294 1163 411 1200; x_wconf 87' lang='lat' dir='ltr'>tanto</span> <span class='ocrx_word' id='word_1_128' title='bbox 434 1174 605 1199; x_wconf 90' lang='lat' dir='ltr'>munere</span> <span class='ocrx_word' id='word_1_129' title='bbox 629 1160 780 1210; x_wconf 88' lang='lat' dir='ltr'>dignus</span> <span class='ocrx_word' id='word_1_130' title='bbox 807 1160 1126 1209; x_wconf 85' lang='lat' dir='ltr'>renunciaretur,</span> <span class='ocrx_word' id='word_1_131' title='bbox 1148 1159 1302 1198; x_wconf 88' lang='lat' dir='ltr'>scilicet</span> <span class='ocrx_word' id='word_1_132' title='bbox 1328 1171 1374 1197; x_wconf 89' lang='lat' dir='ltr'>os</span> <span class='ocrx_word' id='word_1_133' title='bbox 1395 1158 1671 1206; x_wconf 86' lang='lat' dir='ltr'>humerosque</span> 
     </span>
     <span class='ocr_line' id='line_1_16' title="bbox 91 1222 1670 1275; baseline -0.003 -11"><span class='ocrx_word' id='word_1_134' title='bbox 91 1226 166 1264; x_wconf 91' lang='lat' dir='ltr'>deo</span> <span class='ocrx_word' id='word_1_135' title='bbox 185 1225 346 1274; x_wconf 89' lang='lat' dir='ltr'>similis,</span> <span class='ocrx_word' id='word_1_136' title='bbox 369 1226 634 1275; x_wconf 85' lang='lat' dir='ltr'>competitore</span> <span class='ocrx_word' id='word_1_137' title='bbox 653 1224 821 1263; x_wconf 89' lang='lat' dir='ltr'>interim</span> <span class='ocrx_word' id='word_1_138' title='bbox 844 1225 1021 1275; x_wconf 85' lang='lat' dir='ltr'>turpiter</span> <span class='ocrx_word' id='word_1_139' title='bbox 1043 1225 1094 1263; x_wconf 91' lang='lat' dir='ltr'>ob</span> <span class='ocrx_word' id='word_1_140' title='bbox 1119 1223 1292 1262; x_wconf 82' lang='lat' dir='ltr'>maciem</span> <span class='ocrx_word' id='word_1_141' title='bbox 1311 1225 1433 1273; x_wconf 90' lang='lat' dir='ltr'>atque</span> <span class='ocrx_word' id='word_1_142' title='bbox 1452 1222 1670 1261; x_wconf 86' lang='lat' dir='ltr'>ealuicium</span> 
     </span>
     <span class='ocr_line' id='line_1_17' title="bbox 89 1287 1729 1341; baseline -0.002 -12"><span class='ocrx_word' id='word_1_143' title='bbox 89 1291 276 1330; x_wconf 90' lang='lat' dir='ltr'>tristibus</span> <span class='ocrx_word' id='word_1_144' title='bbox 295 1291 520 1341; x_wconf 88' lang='lat' dir='ltr'>sapientiae</span> <span class='ocrx_word' id='word_1_145' title='bbox 539 1291 669 1341; x_wconf 89' lang='lat' dir='ltr'>signis</span> <span class='ocrx_word' id='word_1_146' title='bbox 688 1291 827 1330; x_wconf 83' lang='lat' dir='ltr'>eiecto.</span> <span class='ocrx_word' id='word_1_147' title='bbox 887 1291 996 1341; x_wconf 89' lang='lat' dir='ltr'>Ergo</span> <span class='ocrx_word' id='word_1_148' title='bbox 1015 1291 1218 1340; x_wconf 86' lang='lat' dir='ltr'>fugitiuus</span> <span class='ocrx_word' id='word_1_149' title='bbox 1236 1302 1346 1328; x_wconf 86' lang='lat' dir='ltr'>nunc</span> <span class='ocrx_word' id='word_1_150' title='bbox 1365 1287 1670 1340; x_wconf 87' lang='lat' dir='ltr'>ingratissimus</span> <span class='ocrx_word' id='word_1_151' title='bbox 1690 1304 1729 1335; x_wconf 82' lang='lat'>30</span> 
     </span>
     <span class='ocr_line' id='line_1_18' title="bbox 90 1354 1671 1408; baseline -0.002 -14"><span class='ocrx_word' id='word_1_152' title='bbox 90 1355 362 1395; x_wconf 83' lang='lat' dir='ltr'>debacchatur</span> <span class='ocrx_word' id='word_1_153' title='bbox 391 1356 436 1395; x_wconf 91' lang='lat' dir='ltr'>in</span> <span class='ocrx_word' id='word_1_154' title='bbox 466 1356 691 1404; x_wconf 80' lang='lat' dir='ltr'>dominam,</span> <span class='ocrx_word' id='word_1_155' title='bbox 721 1358 762 1395; x_wconf 91' lang='lat' dir='ltr'>et</span> <span class='ocrx_word' id='word_1_156' title='bbox 792 1358 984 1407; x_wconf 88' lang='lat' dir='ltr'>pretensa</span> <span class='ocrx_word' id='word_1_157' title='bbox 1013 1359 1060 1408; x_wconf 77' lang='grc' dir='ltr'>τῇ</span> <span class='ocrx_word' id='word_1_158' title='bbox 1092 1356 1230 1405; x_wconf 86' lang='grc' dir='ltr'>σοφίας</span> <span class='ocrx_word' id='word_1_159' title='bbox 1260 1357 1394 1406; x_wconf 83' lang='grc' dir='ltr'>λεοντῇ</span> <span class='ocrx_word' id='word_1_160' title='bbox 1421 1354 1559 1405; x_wconf 82' lang='grc' dir='ltr'>μωρίας</span> <span class='ocrx_word' id='word_1_161' title='bbox 1588 1354 1671 1391; x_wconf 82' lang='grc' dir='ltr'><em>ὄνον</em></span> 
     </span>
     <span class='ocr_line' id='line_1_19' title="bbox 89 1419 1666 1471; baseline -0.002 -12"><span class='ocrx_word' id='word_1_162' title='bbox 89 1421 323 1460; x_wconf 84' lang='lat' dir='ltr'>dissimulat</span> <span class='ocrx_word' id='word_1_163' title='bbox 348 1435 448 1461; x_wconf 87' lang='lat' dir='ltr'>sese.</span> <span class='ocrx_word' id='word_1_164' title='bbox 505 1422 619 1461; x_wconf 88' lang='lat' dir='ltr'>Bene</span> <span class='ocrx_word' id='word_1_165' title='bbox 646 1421 771 1461; x_wconf 89' lang='lat' dir='ltr'>habet</span> <span class='ocrx_word' id='word_1_166' title='bbox 797 1422 905 1471; x_wconf 90' lang='lat' dir='ltr'>quod</span> <span class='ocrx_word' id='word_1_167' title='bbox 928 1424 1069 1461; x_wconf 85' lang='lat' dir='ltr'>extant</span> <span class='ocrx_word' id='word_1_168' title='bbox 1093 1421 1299 1460; x_wconf 84' lang='lat' dir='ltr'>auriculae</span> <span class='ocrx_word' id='word_1_169' title='bbox 1324 1420 1482 1469; x_wconf 90' lang='lat' dir='ltr'>saltem,</span> <span class='ocrx_word' id='word_1_170' title='bbox 1506 1419 1666 1469; x_wconf 87' lang='lat' dir='ltr'>quibus,</span> 
     </span>
     <span class='ocr_line' id='line_1_20' title="bbox 87 1485 1599 1537; baseline -0.002 -12"><span class='ocrx_word' id='word_1_171' title='bbox 87 1489 133 1525; x_wconf 84' lang='lat' dir='ltr'>vt</span> <span class='ocrx_word' id='word_1_172' title='bbox 153 1499 283 1537; x_wconf 91' lang='lat' dir='ltr'>spero,</span> <span class='ocrx_word' id='word_1_173' title='bbox 306 1500 355 1526; x_wconf 87' lang='lat' dir='ltr'>ex</span> <span class='ocrx_word' id='word_1_174' title='bbox 374 1487 580 1537; x_wconf 85' lang='lat' dir='ltr'>ephippiis</span> <span class='ocrx_word' id='word_1_175' title='bbox 601 1489 640 1526; x_wconf 86' lang='lat' dir='ltr'>et</span> <span class='ocrx_word' id='word_1_176' title='bbox 659 1487 836 1537; x_wconf 86' lang='lat' dir='ltr'>phaleris</span> <span class='ocrx_word' id='word_1_177' title='bbox 854 1487 903 1525; x_wconf 85' lang='lat' dir='ltr'>ad</span> <span class='ocrx_word' id='word_1_178' title='bbox 924 1487 1099 1525; x_wconf 88' lang='lat' dir='ltr'>clitellas</span> <span class='ocrx_word' id='word_1_179' title='bbox 1118 1485 1340 1536; x_wconf 87' lang='lat' dir='ltr'>aliquando</span> <span class='ocrx_word' id='word_1_180' title='bbox 1358 1485 1599 1523; x_wconf 88' lang='lat' dir='ltr'>retrahetur.</span> 
     </span>
    </p>

    <p class='ocr_par' dir='ltr' id='par_1_7' title="bbox 85 1549 1729 2579">
     <span class='ocr_line' id='line_1_21' title="bbox 144 1549 1668 1602; baseline -0.003 -12"><span class='ocrx_word' id='word_1_181' title='bbox 144 1552 223 1590; x_wconf 88' lang='lat' dir='ltr'>Sed</span> <span class='ocrx_word' id='word_1_182' title='bbox 244 1552 358 1591; x_wconf 90' lang='lat' dir='ltr'>illius</span> <span class='ocrx_word' id='word_1_183' title='bbox 377 1553 548 1591; x_wconf 87' lang='lat' dir='ltr'>alterius</span> <span class='ocrx_word' id='word_1_184' title='bbox 562 1552 661 1592; x_wconf 84' lang='lat' dir='ltr'>boni</span> <span class='ocrx_word' id='word_1_185' title='bbox 680 1552 790 1591; x_wconf 87' lang='lat' dir='ltr'>senis</span> <span class='ocrx_word' id='word_1_186' title='bbox 803 1565 889 1591; x_wconf 91' lang='lat' dir='ltr'>non</span> <span class='ocrx_word' id='word_1_187' title='bbox 904 1565 1071 1602; x_wconf 88' lang='lat' dir='ltr'>possum</span> <span class='ocrx_word' id='word_1_188' title='bbox 1087 1552 1187 1591; x_wconf 91' lang='lat' dir='ltr'>satis</span> <span class='ocrx_word' id='word_1_189' title='bbox 1201 1550 1395 1590; x_wconf 86' lang='lat' dir='ltr'>demirari</span> <span class='ocrx_word' id='word_1_190' title='bbox 1409 1549 1668 1597; x_wconf 85' lang='lat' dir='ltr'>sententiam,</span> 
     </span>
     <span class='ocr_line' id='line_1_22' title="bbox 88 1614 1727 1667; baseline -0.002 -12"><span class='ocrx_word' id='word_1_191' title='bbox 88 1616 160 1666; x_wconf 89' lang='lat' dir='ltr'>qui</span> <span class='ocrx_word' id='word_1_192' title='bbox 178 1616 272 1667; x_wconf 88' lang='lat' dir='ltr'>pius</span> <span class='ocrx_word' id='word_1_193' title='bbox 292 1617 447 1656; x_wconf 89' lang='lat' dir='ltr'>scilicet</span> <span class='ocrx_word' id='word_1_194' title='bbox 466 1631 510 1656; x_wconf 90' lang='lat' dir='ltr'>ac</span> <span class='ocrx_word' id='word_1_195' title='bbox 529 1617 739 1657; x_wconf 87' lang='lat' dir='ltr'>modestus</span> <span class='ocrx_word' id='word_1_196' title='bbox 758 1619 844 1656; x_wconf 90' lang='lat' dir='ltr'>tam</span> <span class='ocrx_word' id='word_1_197' title='bbox 864 1617 1110 1656; x_wconf 89' lang='lat' dir='ltr'>immodeste</span> <span class='ocrx_word' id='word_1_198' title='bbox 1130 1616 1299 1655; x_wconf 88' lang='lat' dir='ltr'>dimicat</span> <span class='ocrx_word' id='word_1_199' title='bbox 1318 1629 1390 1665; x_wconf 88' lang='lat' dir='ltr'>pro</span> <span class='ocrx_word' id='word_1_200' title='bbox 1410 1614 1561 1664; x_wconf 85' lang='lat' dir='ltr'>gloria:</span> <span class='ocrx_word' id='word_1_201' title='bbox 1590 1627 1671 1664; x_wconf 91' lang='lat' dir='ltr'>qua</span> <span class='ocrx_word' id='word_1_202' title='bbox 1688 1630 1727 1662; x_wconf 83' lang='lat'>35</span> 
     </span>
     <span class='ocr_line' id='line_1_23' title="bbox 87 1679 1669 1731; baseline -0.003 -11"><span class='ocrx_word' id='word_1_203' title='bbox 87 1681 125 1720; x_wconf 89' lang='lat' dir='ltr'>si</span> <span class='ocrx_word' id='word_1_204' title='bbox 155 1682 212 1720; x_wconf 87' lang='lat' dir='ltr'>sic</span> <span class='ocrx_word' id='word_1_205' title='bbox 242 1682 418 1731; x_wconf 82' lang='lat' dir='ltr'>insistet,</span> <span class='ocrx_word' id='word_1_206' title='bbox 451 1685 564 1722; x_wconf 88' lang='lat' dir='ltr'>totus</span> <span class='ocrx_word' id='word_1_207' title='bbox 593 1683 762 1722; x_wconf 84' lang='lat' dir='ltr'>excidet.</span> <span class='ocrx_word' id='word_1_208' title='bbox 820 1683 982 1731; x_wconf 81' lang='lat' dir='ltr'>Quanto</span> <span class='ocrx_word' id='word_1_209' title='bbox 1013 1682 1162 1720; x_wconf 89' lang='lat' dir='ltr'>melius</span> <span class='ocrx_word' id='word_1_210' title='bbox 1192 1683 1241 1720; x_wconf 90' lang='lat' dir='ltr'>tu</span> <span class='ocrx_word' id='word_1_211' title='bbox 1273 1681 1344 1731; x_wconf 90' lang='lat' dir='ltr'>qui</span> <span class='ocrx_word' id='word_1_212' title='bbox 1374 1679 1586 1718; x_wconf 88' lang='lat' dir='ltr'>lacessitus</span> <span class='ocrx_word' id='word_1_213' title='bbox 1618 1679 1669 1716; x_wconf 89' lang='lat' dir='ltr'>ad</span> 
     </span>
     <span class='ocr_line' id='line_1_24' title="bbox 87 1745 1670 1798; baseline -0.002 -14"><span class='ocrx_word' id='word_1_214' title='bbox 87 1759 270 1797; x_wconf 88' lang='lat' dir='ltr'>pugnam</span> <span class='ocrx_word' id='word_1_215' title='bbox 305 1760 448 1798; x_wconf 90' lang='lat' dir='ltr'>pacem</span> <span class='ocrx_word' id='word_1_216' title='bbox 484 1748 624 1798; x_wconf 88' lang='lat' dir='ltr'>agitas,</span> <span class='ocrx_word' id='word_1_217' title='bbox 657 1748 795 1798; x_wconf 88' lang='lat' dir='ltr'>itaque</span> <span class='ocrx_word' id='word_1_218' title='bbox 832 1750 1057 1797; x_wconf 87' lang='lat' dir='ltr'>temperare</span> <span class='ocrx_word' id='word_1_219' title='bbox 1090 1745 1241 1785; x_wconf 78' lang='lat' dir='ltr'>statu-is</span> <span class='ocrx_word' id='word_1_220' title='bbox 1277 1745 1423 1784; x_wconf 88' lang='lat' dir='ltr'>stilum</span> <span class='ocrx_word' id='word_1_221' title='bbox 1459 1747 1506 1783; x_wconf 87' lang='lat' dir='ltr'>vt</span> <span class='ocrx_word' id='word_1_222' title='bbox 1538 1756 1670 1793; x_wconf 90' lang='lat' dir='ltr'>neque</span> 
     </span>
     <span class='ocr_line' id='line_1_25' title="bbox 87 1809 1670 1860; baseline -0.003 -10"><span class='ocrx_word' id='word_1_223' title='bbox 87 1812 304 1851; x_wconf 90' lang='lat' dir='ltr'>veritatem</span> <span class='ocrx_word' id='word_1_224' title='bbox 331 1813 494 1852; x_wconf 88' lang='lat' dir='ltr'>deseras</span> <span class='ocrx_word' id='word_1_225' title='bbox 520 1813 779 1852; x_wconf 86' lang='lat' dir='ltr'>indefensam</span> <span class='ocrx_word' id='word_1_226' title='bbox 807 1815 848 1852; x_wconf 90' lang='lat' dir='ltr'>et</span> <span class='ocrx_word' id='word_1_227' title='bbox 876 1813 1063 1851; x_wconf 90' lang='lat' dir='ltr'>emulum</span> <span class='ocrx_word' id='word_1_228' title='bbox 1091 1812 1217 1850; x_wconf 88' lang='lat' dir='ltr'>etiam</span> <span class='ocrx_word' id='word_1_229' title='bbox 1243 1810 1420 1860; x_wconf 85' lang='lat' dir='ltr'>mitiges,</span> <span class='ocrx_word' id='word_1_230' title='bbox 1453 1823 1506 1848; x_wconf 92' lang='lat' dir='ltr'>ne</span> <span class='ocrx_word' id='word_1_231' title='bbox 1533 1822 1596 1847; x_wconf 89' lang='lat' dir='ltr'>res</span> <span class='ocrx_word' id='word_1_232' title='bbox 1624 1809 1670 1846; x_wconf 92' lang='lat' dir='ltr'>in</span> 
     </span>
     <span class='ocr_line' id='line_1_26' title="bbox 87 1875 1666 1928; baseline -0.002 -14"><span class='ocrx_word' id='word_1_233' title='bbox 87 1877 243 1915; x_wconf 91' lang='lat' dir='ltr'>rabiem</span> <span class='ocrx_word' id='word_1_234' title='bbox 262 1880 391 1917; x_wconf 88' lang='lat' dir='ltr'>exeat.</span> <span class='ocrx_word' id='word_1_235' title='bbox 450 1878 639 1928; x_wconf 87' lang='lat' dir='ltr'>Denique</span> <span class='ocrx_word' id='word_1_236' title='bbox 656 1878 734 1917; x_wconf 91' lang='lat' dir='ltr'>hoc</span> <span class='ocrx_word' id='word_1_237' title='bbox 757 1880 820 1917; x_wconf 91' lang='lat' dir='ltr'>est</span> <span class='ocrx_word' id='word_1_238' title='bbox 842 1878 1016 1916; x_wconf 85' lang='lat' dir='ltr'>victoria</span> <span class='ocrx_word' id='word_1_239' title='bbox 1033 1878 1148 1927; x_wconf 87' lang='lat' dir='ltr'>parta</span> <span class='ocrx_word' id='word_1_240' title='bbox 1169 1876 1377 1915; x_wconf 90' lang='lat' dir='ltr'>remittere</span> <span class='ocrx_word' id='word_1_241' title='bbox 1396 1875 1666 1924; x_wconf 85' lang='lat' dir='ltr'>triumphum,</span> 
     </span>
     <span class='ocr_line' id='line_1_27' title="bbox 86 1939 1729 1994; baseline -0.001 -13"><span class='ocrx_word' id='word_1_242' title='bbox 86 1943 347 1994; x_wconf 85' lang='lat' dir='ltr'>fructumque</span> <span class='ocrx_word' id='word_1_243' title='bbox 376 1944 655 1983; x_wconf 89' lang='lat' dir='ltr'>studiosorum</span> <span class='ocrx_word' id='word_1_244' title='bbox 684 1944 830 1983; x_wconf 90' lang='lat' dir='ltr'>ducere</span> <span class='ocrx_word' id='word_1_245' title='bbox 860 1945 932 1982; x_wconf 90' lang='lat' dir='ltr'>tua</span> <span class='ocrx_word' id='word_1_246' title='bbox 959 1943 1089 1993; x_wconf 89' lang='lat' dir='ltr'>ipsius</span> <span class='ocrx_word' id='word_1_247' title='bbox 1118 1942 1249 1993; x_wconf 83' lang='lat' dir='ltr'>gloria</span> <span class='ocrx_word' id='word_1_248' title='bbox 1276 1941 1487 1991; x_wconf 88' lang='lat' dir='ltr'>potiorem,</span> <span class='ocrx_word' id='word_1_249' title='bbox 1509 1953 1562 1978; x_wconf 91' lang='lat' dir='ltr'>ne</span> <span class='ocrx_word' id='word_1_250' title='bbox 1590 1939 1668 1978; x_wconf 90' lang='lat' dir='ltr'>dis·</span> <span class='ocrx_word' id='word_1_251' title='bbox 1686 1960 1729 1990; x_wconf 84' lang='lat'>40</span> 
     </span>
     <span class='ocr_line' id='line_1_28' title="bbox 87 2005 1666 2057; baseline -0.002 -11"><span class='ocrx_word' id='word_1_252' title='bbox 87 2007 277 2047; x_wconf 88' lang='lat' dir='ltr'>sensione</span> <span class='ocrx_word' id='word_1_253' title='bbox 307 2009 557 2047; x_wconf 85' lang='lat' dir='ltr'>Graecorum</span> <span class='ocrx_word' id='word_1_254' title='bbox 584 2008 842 2047; x_wconf 85' lang='lat' dir='ltr'>inualescant</span> <span class='ocrx_word' id='word_1_255' title='bbox 869 2008 1044 2057; x_wconf 90' lang='lat' dir='ltr'>barbari,</span> <span class='ocrx_word' id='word_1_256' title='bbox 1076 2020 1220 2046; x_wconf 87' lang='lat' dir='ltr'>eorum</span> <span class='ocrx_word' id='word_1_257' title='bbox 1249 2019 1390 2057; x_wconf 85' lang='lat' dir='ltr'>pugna</span> <span class='ocrx_word' id='word_1_258' title='bbox 1420 2019 1493 2055; x_wconf 91' lang='lat' dir='ltr'>pro</span> <span class='ocrx_word' id='word_1_259' title='bbox 1521 2018 1563 2043; x_wconf 91' lang='lat' dir='ltr'>se</span> <span class='ocrx_word' id='word_1_260' title='bbox 1590 2005 1666 2043; x_wconf 83' lang='lat' dir='ltr'>vsi.</span> 
     </span>
     <span class='ocr_line' id='line_1_29' title="bbox 89 2070 1668 2121; baseline -0.002 -10"><span class='ocrx_word' id='word_1_261' title='bbox 89 2073 221 2121; x_wconf 83' lang='lat' dir='ltr'>Quam</span> <span class='ocrx_word' id='word_1_262' title='bbox 251 2073 405 2112; x_wconf 86' lang='lat' dir='ltr'>mentis</span> <span class='ocrx_word' id='word_1_263' title='bbox 437 2073 768 2112; x_wconf 82' lang='lat' dir='ltr'>moderationem</span> <span class='ocrx_word' id='word_1_264' title='bbox 801 2073 836 2112; x_wconf 90' lang='lat' dir='ltr'>si</span> <span class='ocrx_word' id='word_1_265' title='bbox 868 2086 962 2112; x_wconf 88' lang='lat' dir='ltr'>cum</span> <span class='ocrx_word' id='word_1_266' title='bbox 994 2072 1126 2112; x_wconf 88' lang='lat' dir='ltr'>animi</span> <span class='ocrx_word' id='word_1_267' title='bbox 1158 2072 1224 2111; x_wconf 85' lang='lat' dir='ltr'>sui</span> <span class='ocrx_word' id='word_1_268' title='bbox 1259 2070 1545 2121; x_wconf 87' lang='lat' dir='ltr'>magnitudine</span> <span class='ocrx_word' id='word_1_269' title='bbox 1577 2083 1668 2108; x_wconf 88' lang='lat' dir='ltr'>eon-</span> 
     </span>
     <span class='ocr_line' id='line_1_30' title="bbox 87 2134 1668 2187; baseline -0.002 -12"><span class='ocrx_word' id='word_1_270' title='bbox 87 2136 290 2176; x_wconf 86' lang='lat' dir='ltr'>iunxisset</span> <span class='ocrx_word' id='word_1_271' title='bbox 314 2137 416 2176; x_wconf 93' lang='lat' dir='ltr'>olim</span> <span class='ocrx_word' id='word_1_272' title='bbox 441 2138 597 2187; x_wconf 84' lang='lat' dir='ltr'>Caesar,</span> <span class='ocrx_word' id='word_1_273' title='bbox 620 2138 832 2176; x_wconf 87' lang='lat' dir='ltr'>clariorem</span> <span class='ocrx_word' id='word_1_274' title='bbox 859 2138 970 2176; x_wconf 88' lang='lat' dir='ltr'>haud</span> <span class='ocrx_word' id='word_1_275' title='bbox 999 2137 1125 2176; x_wconf 90' lang='lat' dir='ltr'>dubie</span> <span class='ocrx_word' id='word_1_276' title='bbox 1152 2137 1307 2175; x_wconf 89' lang='lat' dir='ltr'>famam</span> <span class='ocrx_word' id='word_1_277' title='bbox 1330 2137 1591 2175; x_wconf 89' lang='lat' dir='ltr'>conseruatae</span> <span class='ocrx_word' id='word_1_278' title='bbox 1616 2134 1668 2173; x_wconf 88' lang='lat' dir='ltr'>ab</span> 
     </span>
     <span class='ocr_line' id='line_1_31' title="bbox 86 2200 1667 2252; baseline -0.002 -12"><span class='ocrx_word' id='word_1_279' title='bbox 86 2215 130 2240; x_wconf 89' lang='lat' dir='ltr'>se</span> <span class='ocrx_word' id='word_1_280' title='bbox 161 2201 407 2251; x_wconf 86' lang='lat' dir='ltr'>reipublicae</span> <span class='ocrx_word' id='word_1_281' title='bbox 438 2215 564 2252; x_wconf 88' lang='lat' dir='ltr'>quam</span> <span class='ocrx_word' id='word_1_282' title='bbox 596 2203 647 2240; x_wconf 90' lang='lat' dir='ltr'>ab</span> <span class='ocrx_word' id='word_1_283' title='bbox 677 2203 870 2241; x_wconf 90' lang='lat' dir='ltr'>omnibus</span> <span class='ocrx_word' id='word_1_284' title='bbox 900 2202 1024 2241; x_wconf 85' lang='lat' dir='ltr'>victis</span> <span class='ocrx_word' id='word_1_285' title='bbox 1054 2216 1100 2240; x_wconf 86' lang='lat' dir='ltr'>ac</span> <span class='ocrx_word' id='word_1_286' title='bbox 1119 2201 1360 2252; x_wconf 76' lang='lat' dir='ltr'>&#39;subiugatis</span> <span class='ocrx_word' id='word_1_287' title='bbox 1389 2200 1580 2251; x_wconf 89' lang='lat' dir='ltr'>gentibus</span> <span class='ocrx_word' id='word_1_288' title='bbox 1610 2213 1667 2237; x_wconf 84' lang='lat' dir='ltr'>re-</span> 
     </span>
     <span class='ocr_line' id='line_1_32' title="bbox 86 2266 1724 2318; baseline -0.002 -12"><span class='ocrx_word' id='word_1_289' title='bbox 86 2269 299 2317; x_wconf 86' lang='lat' dir='ltr'>portasset.</span> <span class='ocrx_word' id='word_1_290' title='bbox 357 2267 595 2318; x_wconf 79' lang='lat' dir='ltr'>Quanquam</span> <span class='ocrx_word' id='word_1_291' title='bbox 616 2281 690 2317; x_wconf 86' lang='lat' dir='ltr'>ego</span> <span class='ocrx_word' id='word_1_292' title='bbox 710 2268 778 2306; x_wconf 90' lang='lat' dir='ltr'>vel</span> <span class='ocrx_word' id='word_1_293' title='bbox 797 2268 977 2306; x_wconf 83' lang='lat' dir='ltr'>maxime</span> <span class='ocrx_word' id='word_1_294' title='bbox 996 2268 1119 2306; x_wconf 87' lang='lat' dir='ltr'>istam</span> <span class='ocrx_word' id='word_1_295' title='bbox 1138 2267 1272 2316; x_wconf 88' lang='lat' dir='ltr'>ipsam</span> <span class='ocrx_word' id='word_1_296' title='bbox 1291 2266 1533 2305; x_wconf 88' lang='lat' dir='ltr'>modestiam</span> <span class='ocrx_word' id='word_1_297' title='bbox 1552 2266 1667 2303; x_wconf 90' lang='lat' dir='ltr'>tuam</span> <span class='ocrx_word' id='word_1_298' title='bbox 1685 2283 1724 2315; x_wconf 87' lang='lat'>45</span> 
     </span>
     <span class='ocr_line' id='line_1_33' title="bbox 86 2331 1667 2383; baseline -0.003 -11"><span class='ocrx_word' id='word_1_299' title='bbox 86 2333 278 2372; x_wconf 87' lang='lat' dir='ltr'>existimo</span> <span class='ocrx_word' id='word_1_300' title='bbox 300 2333 352 2372; x_wconf 89' lang='lat' dir='ltr'>ab</span> <span class='ocrx_word' id='word_1_301' title='bbox 378 2346 528 2382; x_wconf 87' lang='lat' dir='ltr'>magno</span> <span class='ocrx_word' id='word_1_302' title='bbox 555 2334 679 2383; x_wconf 89' lang='lat' dir='ltr'>atque</span> <span class='ocrx_word' id='word_1_303' title='bbox 707 2333 864 2371; x_wconf 84' lang='lat' dir='ltr'>excelso</span> <span class='ocrx_word' id='word_1_304' title='bbox 892 2335 1051 2383; x_wconf 85' lang='lat' dir='ltr'>pectore</span> <span class='ocrx_word' id='word_1_305' title='bbox 1079 2331 1293 2382; x_wconf 77' lang='lat' dir='ltr'>proficisci.</span> <span class='ocrx_word' id='word_1_306' title='bbox 1350 2331 1457 2379; x_wconf 82' lang='lat' dir='ltr'>Quid</span> <span class='ocrx_word' id='word_1_307' title='bbox 1485 2331 1596 2370; x_wconf 91' lang='lat' dir='ltr'>enim</span> <span class='ocrx_word' id='word_1_308' title='bbox 1621 2343 1667 2368; x_wconf 88' lang='lat' dir='ltr'>ea</span> 
     </span>
     <span class='ocr_line' id='line_1_34' title="bbox 85 2395 1666 2447; baseline -0.003 -10"><span class='ocrx_word' id='word_1_309' title='bbox 85 2397 321 2437; x_wconf 88' lang='lat' dir='ltr'>humilitate</span> <span class='ocrx_word' id='word_1_310' title='bbox 358 2398 589 2446; x_wconf 88' lang='lat' dir='ltr'>sublimius,</span> <span class='ocrx_word' id='word_1_311' title='bbox 631 2411 733 2447; x_wconf 89' lang='lat' dir='ltr'>quae</span> <span class='ocrx_word' id='word_1_312' title='bbox 771 2397 890 2436; x_wconf 88' lang='lat' dir='ltr'>deam</span> <span class='ocrx_word' id='word_1_313' title='bbox 926 2397 1060 2447; x_wconf 86' lang='lat' dir='ltr'>ipsam</span> <span class='ocrx_word' id='word_1_314' title='bbox 1100 2397 1371 2447; x_wconf 87' lang='lat' dir='ltr'>superborum</span> <span class='ocrx_word' id='word_1_315' title='bbox 1411 2395 1584 2445; x_wconf 88' lang='lat' dir='ltr'>despicit</span> <span class='ocrx_word' id='word_1_316' title='bbox 1620 2409 1666 2434; x_wconf 87' lang='lat' dir='ltr'>ac</span> 
     </span>
     <span class='ocr_line' id='line_1_35' title="bbox 87 2461 1663 2515; baseline -0.002 -13"><span class='ocrx_word' id='word_1_317' title='bbox 87 2464 243 2503; x_wconf 84' lang='lat' dir='ltr'>deridet</span> <span class='ocrx_word' id='word_1_318' title='bbox 273 2464 482 2515; x_wconf 83' lang='lat' dir='ltr'>gloriam?</span> <span class='ocrx_word' id='word_1_319' title='bbox 523 2477 625 2514; x_wconf 87' lang='lat' dir='ltr'>quae</span> <span class='ocrx_word' id='word_1_320' title='bbox 652 2465 693 2502; x_wconf 90' lang='lat' dir='ltr'>te</span> <span class='ocrx_word' id='word_1_321' title='bbox 721 2462 946 2513; x_wconf 87' lang='lat' dir='ltr'>fugientem</span> <span class='ocrx_word' id='word_1_322' title='bbox 974 2463 1033 2502; x_wconf 88' lang='lat' dir='ltr'>ita</span> <span class='ocrx_word' id='word_1_323' title='bbox 1061 2462 1207 2513; x_wconf 84' lang='lat' dir='ltr'>quouis</span> <span class='ocrx_word' id='word_1_324' title='bbox 1235 2461 1419 2512; x_wconf 91' lang='lat' dir='ltr'>sequitur</span> <span class='ocrx_word' id='word_1_325' title='bbox 1446 2461 1663 2511; x_wconf 87' lang='lat' dir='ltr'>instatque,</span> 
     </span>
     <span class='ocr_line' id='line_1_36' title="bbox 85 2528 778 2579; baseline -0.003 -10"><span class='ocrx_word' id='word_1_326' title='bbox 85 2531 131 2569; x_wconf 84' lang='lat' dir='ltr'>vt</span> <span class='ocrx_word' id='word_1_327' title='bbox 150 2529 233 2568; x_wconf 87' lang='lat' dir='ltr'>iam</span> <span class='ocrx_word' id='word_1_328' title='bbox 252 2532 391 2569; x_wconf 86' lang='lat' dir='ltr'>saturo</span> <span class='ocrx_word' id='word_1_329' title='bbox 409 2542 513 2579; x_wconf 90' lang='lat' dir='ltr'>pene</span> <span class='ocrx_word' id='word_1_330' title='bbox 531 2528 693 2567; x_wconf 87' lang='lat' dir='ltr'>fastidio</span> <span class='ocrx_word' id='word_1_331' title='bbox 712 2528 778 2567; x_wconf 90' lang='lat' dir='ltr'>sit.</span> 
     </span>
    </p>

    <p class='ocr_par' dir='ltr' id='par_1_8' title="bbox 139 2593 1724 2645">
     <span class='ocr_line' id='line_1_37' title="bbox 139 2593 1724 2645; baseline -0.003 -11"><span class='ocrx_word' id='word_1_332' title='bbox 139 2595 348 2635; x_wconf 73' lang='lat' dir='ltr'>&#39;fabellam</span> <span class='ocrx_word' id='word_1_333' title='bbox 377 2608 478 2645; x_wconf 89' lang='lat' dir='ltr'>quae</span> <span class='ocrx_word' id='word_1_334' title='bbox 503 2594 613 2633; x_wconf 91' lang='lat' dir='ltr'>mihi</span> <span class='ocrx_word' id='word_1_335' title='bbox 635 2596 751 2633; x_wconf 90' lang='lat' dir='ltr'>tuam</span> <span class='ocrx_word' id='word_1_336' title='bbox 779 2594 973 2645; x_wconf 89' lang='lat' dir='ltr'>Petrique</span> <span class='ocrx_word' id='word_1_337' title='bbox 1000 2593 1131 2632; x_wconf 88' lang='lat' dir='ltr'>nostri</span> <span class='ocrx_word' id='word_1_338' title='bbox 1155 2593 1380 2644; x_wconf 88' lang='lat' dir='ltr'>imaginem</span> <span class='ocrx_word' id='word_1_339' title='bbox 1405 2593 1553 2633; x_wconf 87' lang='lat' dir='ltr'>referat</span> <span class='ocrx_word' id='word_1_340' title='bbox 1580 2605 1666 2630; x_wconf 90' lang='lat' dir='ltr'>non</span> <span class='ocrx_word' id='word_1_341' title='bbox 1684 2609 1724 2640; x_wconf 89' lang='lat'>50</span> 
     </span>
    </p>
   </div>
   <div class='ocr_carea' id='block_1_5' title="bbox 85 2702 1667 2877">
    <p class='ocr_par' dir='ltr' id='par_1_9' title="bbox 85 2702 1667 2877">
     <span class='ocr_line' id='line_1_38' title="bbox 132 2702 1661 2746; baseline -0.003 -8"><span class='ocrx_word' id='word_1_342' title='bbox 132 2717 182 2746; x_wconf 88' lang='lat'>19.</span> <span class='ocrx_word' id='word_1_343' title='bbox 213 2717 256 2738; x_wconf 88' lang='lat' dir='ltr'>ex</span> <span class='ocrx_word' id='word_1_344' title='bbox 277 2706 359 2742; x_wconf 70' lang='lat'>116²:</span> <span class='ocrx_word' id='word_1_345' title='bbox 389 2708 425 2738; x_wconf 88' lang='lat' dir='ltr'>et</span> <span class='ocrx_word' id='word_1_346' title='bbox 447 2705 495 2743; x_wconf 71' lang='grc' dir='ltr'>βῙ.</span> <span class='ocrx_word' id='word_1_347' title='bbox 665 2717 717 2738; x_wconf 86' lang='lat'>22.</span> <span class='ocrx_word' id='word_1_348' title='bbox 744 2705 826 2741; x_wconf 71' lang='grc' dir='ltr'>αβέ</span> <span class='ocrx_word' id='word_1_349' title='bbox 856 2707 950 2738; x_wconf 84' lang='lat' dir='ltr'>inxit</span> <span class='ocrx_word' id='word_1_350' title='bbox 971 2704 1020 2742; x_wconf 69' lang='grc' dir='ltr'>βῙ.</span> <span class='ocrx_word' id='word_1_351' title='bbox 1144 2706 1278 2738; x_wconf 83' lang='lat' dir='ltr'>dicauit</span> <span class='ocrx_word' id='word_1_352' title='bbox 1301 2705 1377 2741; x_wconf 64' lang='lat' dir='ltr'>affl:</span> <span class='ocrx_word' id='word_1_353' title='bbox 1411 2704 1591 2736; x_wconf 78' lang='lat' dir='ltr'>dedicauit</span> <span class='ocrx_word' id='word_1_354' title='bbox 1613 2702 1661 2739; x_wconf 74' lang='lat' dir='ltr'>B1.</span> 
     </span>
     <span class='ocr_line' id='line_1_39' title="bbox 88 2746 1666 2791; baseline -0.003 -9"><span class='ocrx_word' id='word_1_355' title='bbox 88 2761 140 2791; x_wconf 83' lang='lat'>27.</span> <span class='ocrx_word' id='word_1_356' title='bbox 166 2753 190 2786; x_wconf 85' lang='grc' dir='ltr'>β</span> <span class='ocrx_word' id='word_1_357' title='bbox 207 2762 214 2781; x_wconf 92' lang='lat'><strong>:</strong></span> <span class='ocrx_word' id='word_1_358' title='bbox 238 2753 395 2791; x_wconf 68' lang='lat' dir='ltr'>progatia</span> <span class='ocrx_word' id='word_1_359' title='bbox 408 2763 440 2783; x_wconf 84' lang='lat' dir='ltr'>a.</span> <span class='ocrx_word' id='word_1_360' title='bbox 572 2760 623 2790; x_wconf 87' lang='grc' dir='ltr'>3ο.</span> <span class='ocrx_word' id='word_1_361' title='bbox 646 2749 724 2785; x_wconf 69' lang='grc' dir='ltr'>αβ’;</span> <span class='ocrx_word' id='word_1_362' title='bbox 749 2751 860 2782; x_wconf 86' lang='lat' dir='ltr'>eiocto</span> <span class='ocrx_word' id='word_1_363' title='bbox 875 2749 923 2788; x_wconf 72' lang='lat' dir='ltr'>fil.</span> <span class='ocrx_word' id='word_1_364' title='bbox 1045 2758 1097 2788; x_wconf 85' lang='lat'>31.</span> <span class='ocrx_word' id='word_1_365' title='bbox 1121 2748 1164 2790; x_wconf 74' lang='grc' dir='ltr'>τῇ</span> <span class='ocrx_word' id='word_1_366' title='bbox 1178 2749 1238 2784; x_wconf 73' lang='lat'>8²:</span> <span class='ocrx_word' id='word_1_367' title='bbox 1260 2750 1302 2788; x_wconf 88' lang='grc' dir='ltr'>τῆ</span> <span class='ocrx_word' id='word_1_368' title='bbox 1317 2748 1385 2785; x_wconf 73' lang='grc' dir='ltr'><strong>αβῙ.</strong></span> <span class='ocrx_word' id='word_1_369' title='bbox 1474 2748 1533 2783; x_wconf 69' lang='lat'>5²:</span> <span class='ocrx_word' id='word_1_370' title='bbox 1556 2746 1666 2778; x_wconf 77' lang='grc' dir='ltr'>λεοντὶ</span> 
     </span>
     <span class='ocr_line' id='line_1_40' title="bbox 85 2791 1667 2834; baseline -0.003 -9"><span class='ocrx_word' id='word_1_371' title='bbox 85 2806 105 2825; x_wconf 86' lang='grc' dir='ltr'><strong>α</strong></span> <span class='ocrx_word' id='word_1_372' title='bbox 123 2805 130 2826; x_wconf 89' lang='lat'><strong>:</strong></span> <span class='ocrx_word' id='word_1_373' title='bbox 153 2794 270 2833; x_wconf 83' lang='grc' dir='ltr'>λεοντῆ</span> <span class='ocrx_word' id='word_1_374' title='bbox 284 2793 334 2829; x_wconf 70' lang='lat' dir='ltr'>fil.</span> <span class='ocrx_word' id='word_1_375' title='bbox 457 2792 518 2829; x_wconf 68' lang='lat'>3²:</span> <span class='ocrx_word' id='word_1_376' title='bbox 540 2794 648 2832; x_wconf 80' lang='grc' dir='ltr'>μορίας</span> <span class='ocrx_word' id='word_1_377' title='bbox 664 2792 733 2828; x_wconf 61' lang='grc' dir='ltr'>αβῑ.</span> <span class='ocrx_word' id='word_1_378' title='bbox 896 2795 951 2834; x_wconf 84' lang='grc'>38.</span> <span class='ocrx_word' id='word_1_379' title='bbox 975 2791 1034 2828; x_wconf 54' lang='grc' dir='ltr'>αβῖ</span> <span class='ocrx_word' id='word_1_380' title='bbox 1051 2804 1059 2824; x_wconf 89' lang='lat'>:</span> <span class='ocrx_word' id='word_1_381' title='bbox 1081 2793 1236 2824; x_wconf 82' lang='lat' dir='ltr'>emulam</span> <span class='ocrx_word' id='word_1_382' title='bbox 1250 2792 1300 2829; x_wconf 76' lang='lat' dir='ltr'>B1.</span> <span class='ocrx_word' id='word_1_383' title='bbox 1454 2802 1505 2831; x_wconf 85' lang='lat'>40.</span> <span class='ocrx_word' id='word_1_384' title='bbox 1532 2792 1667 2823; x_wconf 83' lang='lat' dir='ltr'>dissen-</span> 
     </span>
     <span class='ocr_line' id='line_1_41' title="bbox 86 2835 805 2877; baseline 0 -9"><span class='ocrx_word' id='word_1_385' title='bbox 86 2839 184 2869; x_wconf 86' lang='lat' dir='ltr'>tione</span> <span class='ocrx_word' id='word_1_386' title='bbox 199 2839 232 2872; x_wconf 85' lang='grc' dir='ltr'>β.</span> <span class='ocrx_word' id='word_1_387' title='bbox 410 2846 462 2877; x_wconf 88' lang='grc' dir='ltr'>5ο.</span> <span class='ocrx_word' id='word_1_388' title='bbox 486 2847 560 2869; x_wconf 90' lang='lat' dir='ltr'>non</span> <span class='ocrx_word' id='word_1_389' title='bbox 574 2836 634 2872; x_wconf 78' lang='lat' dir='ltr'>al3²</span> <span class='ocrx_word' id='word_1_390' title='bbox 648 2848 657 2868; x_wconf 72' lang='grc' dir='ltr'><strong>ε</strong></span> <span class='ocrx_word' id='word_1_391' title='bbox 678 2847 744 2868; x_wconf 88' lang='lat' dir='ltr'>nos</span> <span class='ocrx_word' id='word_1_392' title='bbox 758 2835 805 2872; x_wconf 72' lang='lat'>8¹.</span> 
     </span>
    </p>
   </div>
   <div class='ocr_carea' id='block_1_6' title="bbox 129 2966 1663 3055">
    <p class='ocr_par' dir='ltr' id='par_1_10' title="bbox 129 2966 1663 3055">
     <span class='ocr_line' id='line_1_42' title="bbox 129 2966 1663 3009; baseline -0.001 -9"><span class='ocrx_word' id='word_1_393' title='bbox 129 2978 181 3000; x_wconf 83' lang='lat'>22.</span> <span class='ocrx_word' id='word_1_394' title='bbox 206 2967 408 3009; x_wconf 88' lang='lat' dir='ltr'>Connubio]</span> <span class='ocrx_word' id='word_1_395' title='bbox 430 2969 533 3009; x_wconf 77' lang='lat' dir='ltr'>Vei-g.</span> <span class='ocrx_word' id='word_1_396' title='bbox 554 2970 631 3000; x_wconf 72' lang='lat' dir='ltr'>Aen.</span> <span class='ocrx_word' id='word_1_397' title='bbox 653 2977 679 2999; x_wconf 91' lang='lat'>1.</span> <span class='ocrx_word' id='word_1_398' title='bbox 698 2977 747 3006; x_wconf 84' lang='lat'>73.</span> <span class='ocrx_word' id='word_1_399' title='bbox 815 3001 818 3003; x_wconf 18' lang='grc' dir='ltr'><strong>Α</strong></span> <span class='ocrx_word' id='word_1_400' title='bbox 949 2967 1000 2998; x_wconf 83' lang='lat'>28.</span> <span class='ocrx_word' id='word_1_401' title='bbox 1022 2976 1059 2998; x_wconf 87' lang='lat' dir='ltr'>os</span> <span class='ocrx_word' id='word_1_402' title='bbox 1071 2967 1323 3009; x_wconf 85' lang='lat' dir='ltr'>humerosque]</span> <span class='ocrx_word' id='word_1_403' title='bbox 1337 2968 1439 3008; x_wconf 83' lang='lat' dir='ltr'>Verg.</span> <span class='ocrx_word' id='word_1_404' title='bbox 1453 2970 1532 3000; x_wconf 76' lang='lat' dir='ltr'>Aen.</span> <span class='ocrx_word' id='word_1_405' title='bbox 1548 2976 1575 2999; x_wconf 86' lang='lat'>1.</span> <span class='ocrx_word' id='word_1_406' title='bbox 1589 2966 1663 3006; x_wconf 85' lang='lat'>589.</span> 
     </span>
     <span class='ocr_line' id='line_1_43' title="bbox 129 3011 1277 3055; baseline -0.001 -11"><span class='ocrx_word' id='word_1_407' title='bbox 129 3014 183 3044; x_wconf 85' lang='lat'>26.</span> <span class='ocrx_word' id='word_1_408' title='bbox 209 3011 334 3055; x_wconf 86' lang='lat' dir='ltr'>oculis]</span> <span class='ocrx_word' id='word_1_409' title='bbox 352 3011 404 3044; x_wconf 83' lang='lat' dir='ltr'>Cf.</span> <span class='ocrx_word' id='word_1_410' title='bbox 421 3011 524 3053; x_wconf 81' lang='lat' dir='ltr'>Verg.</span> <span class='ocrx_word' id='word_1_411' title='bbox 541 3015 620 3046; x_wconf 78' lang='lat' dir='ltr'>Aen.</span> <span class='ocrx_word' id='word_1_412' title='bbox 640 3024 669 3046; x_wconf 90' lang='lat'>1.</span> <span class='ocrx_word' id='word_1_413' title='bbox 684 3020 757 3051; x_wconf 85' lang='lat'>591.</span> <span class='ocrx_word' id='word_1_414' title='bbox 949 3020 1004 3050; x_wconf 86' lang='lat'>34.</span> <span class='ocrx_word' id='word_1_415' title='bbox 1028 3011 1140 3054; x_wconf 82' lang='lat' dir='ltr'>senis]</span> <span class='ocrx_word' id='word_1_416' title='bbox 1156 3012 1277 3044; x_wconf 85' lang='lat' dir='ltr'>Faber.</span> 
     </span>
    </p>
   </div>
  </div>
 </body>
</html>
