2034 3433
317 160 400 200 438
780 158 1030 198 LETTERS
1069 158 1140 197 OF
1177 157 1444 199 ERASMUS
1787 157 1910 212 [1518

779 282 875 322 897.
935 280 1000 321 To
1032 280 1220 321 MARTIN
1251 279 1450 321 L1psms.

365 367 532 403 Brussels
551 366 628 402 MS.
646 368 689 409 48
697 375 796 410 50-7.
815 364 840 400 f.
862 366 927 408 146
945 368 985 399 v⁰
1003 364 1067 409 (a).
1557 361 1785 411 <Louvain.>

367 426 406 461 F.
425 438 460 471 p.
479 426 566 471 596:
592 424 684 459 HN:
713 423 830 459 Lond.
850 423 924 459 xvi.
944 424 987 458 8:
1013 422 1086 457 LB.
1104 432 1182 467 370.
1483 421 1537 469 (e.
1559 421 1745 468 October>
1767 424 1867 468 1518.

363 499 411 539 [A
434 498 540 528 letter
562 496 751 536 preserved
777 496 818 526 in
846 506 865 527 a
888 495 1032 526 volume
1059 495 1098 526 of
1120 495 1309 526 selections
1337 494 1428 525 from
1456 494 1635 525 Erasmus’
1659 495 1824 535 writings
1852 496 1910 534 (cf.

318 542 380 580 Ep.
408 543 471 581 296
498 540 660 580 introd.)‚
686 540 811 579 copied
837 540 884 579 by
912 539 1075 579 Lypsius’
1100 548 1182 569 own
1208 538 1318 569 hand.
1371 539 1422 569 At
1448 538 1512 569 the
1538 537 1630 568 head
1658 538 1696 568 of
1718 537 1782 569 the
1807 537 1914 570 letter

319 585 469 624 Lypsius
485 583 637 624 prefixes
653 583 715 614 the
732 583 917 623 following
938 584 1130 623 argument
1145 593 1153 612 ε
1179 583 1187 599 ‘
1198 582 1306 612 Anno
1325 582 1474 612 Domini
1494 590 1615 620 M.D.19
1630 581 1800 612 Erasmus
1815 591 1914 613 cura-

316 631 419 658 turus
449 627 698 659 secundariam
729 627 927 658 editionem
958 627 1200 657 Instrumenti
1231 626 1338 664 Noui,
1368 626 1464 664 quod
1496 625 1686 656 immensis
1724 625 1914 656 sudoribus

317 673 448 702 iterum
471 673 689 711 repurgmat,
716 670 892 710 ynclitam
920 670 1025 709 petiit
1052 669 1243 700 Basileam.
1291 669 1402 699 Porro
1430 678 1605 709 reuersus,
1632 668 1812 700 releuatus
1838 669 1914 700 lan-

315 724 422 754 guore
445 725 553 754 quem
576 716 813 753 contraxerat,
839 714 875 745 F.
903 714 1060 745 Mal-tino
1083 713 1297 744 Auctarium
1320 722 1466 743 suarum
1489 712 1730 752 Epistolarum
1754 712 1913 744 Basileae

316 768 478 798 pressum
503 759 620 789 mittit
643 768 707 797 per
730 758 942 797 magistrum
967 757 1143 788 Ioannem
1169 756 1339 795 Houium,
1366 766 1471 786 suum
1496 756 1733 787 ministrum.’

358 802 430 832 The
451 802 633 841 year-date
653 802 694 832 in
715 802 778 832 the
800 803 989 841 argument
1010 801 1040 831 is
1061 799 1197 840 clearly
1213 809 1345 839 wrong.
1394 799 1453 830 An
1477 800 1719 839 approximate
1742 799 1824 830 date
1847 809 1913 831 can

315 846 357 875 be
373 845 537 884 assigned
553 845 645 876 from
662 845 725 875 the
743 845 832 875 book
849 846 931 875 sent
947 855 955 884 3
978 843 1042 875 the
1059 843 1215 874 unusual
1232 842 1444 883 divergence
1465 844 1626 874 between
1643 842 1690 873 D1
1706 843 1779 874 and
1796 842 1843 874 D2
1858 844 1914 874 for

315 889 376 919 the
393 888 679 929 page-reference
697 888 735 919 of
747 888 814 929 Ep.
831 889 893 928 843
911 888 1073 928 showing
1089 887 1171 918 that
1187 887 1250 918 the
1268 887 1401 918 former
1417 889 1446 917 is
1462 887 1669 928 intended]

727 973 1039 1004 INTEGERRIMO
1072 973 1250 1003 DOMINO
1280 971 1499 1001 MARTINO.

369 1045 407 1083 S.
427 1043 473 1083 Ρ.
492 1045 568 1083 Vir
587 1044 862 1093 integerrime,
882 1044 1005 1082 mitto
1023 1043 1214 1081 libellum
1235 1042 1518 1092 Epistolarum
1538 1055 1548 1089 3
1577 1041 1688 1080 inter
1707 1055 1808 1092 quas
1831 1055 1913 1081 vna

312 1111 376 1148 est
406 1123 487 1160 qua
518 1110 747 1160 respondeo
775 1108 1023 1147 stultissimo
1051 1107 1193 1146 libello
1222 1120 1345 1158 quem
1374 1107 1426 1145 ad
1461 1120 1529 1145 me
1566 1107 1752 1146 miseras.
1807 1107 1912 1146 Eam

312 1175 500 1213 inuenies
527 1174 676 1225 pagina
706 1188 785 1223 99:
825 1186 1063 1224 quanquam
1091 1174 1233 1223 postea
1261 1172 1486 1222 poenitudo
1515 1185 1583 1211 me
1612 1172 1719 1222 cepit
1746 1175 1910 1212 tantum

312 1253 457 1290 operae
476 1241 521 1279 in
540 1254 627 1278 rem
648 1243 733 1279 tam
754 1240 877 1278 nihili
895 1240 1151 1278 collocatum.
1210 1238 1349 1277 Tuum
1369 1252 1523 1277 nomen
1543 1252 1628 1278 non
1648 1240 1841 1289 expressi,
1861 1253 1912 1279 ne

275 1322 293 1352 5
313 1306 411 1355 quid
449 1305 593 1345 turbae
631 1306 711 1344 tibi
749 1305 1042 1344 conciliarem:
1085 1318 1138 1342 ne
1176 1304 1291 1343 illius
1325 1304 1504 1354 quidem,
1538 1317 1589 1342 ne
1623 1317 1667 1343 se
1699 1305 1911 1354 proditum

310 1371 517 1419 clamaret,
538 1371 610 1421 qui
628 1374 768 1410 tamen
783 1370 903 1420 prodi
919 1370 1052 1419 cupiti
1091 1369 1205 1408 Bene
1219 1369 1311 1408 vale
1330 1369 1464 1408 nostri
1484 1383 1653 1419 memor,
1670 1370 1911 1420 praesertim

310 1437 353 1474 in
373 1437 564 1486 precibus
583 1437 679 1476 tuis.
738 1437 861 1475 Amo
881 1447 1094 1474 M.D.XV111.

772 1557 868 1597 898.
929 1555 993 1596 To
1026 1555 1212 1596 MAR'HN
1246 1555 1443 1597 LIPSIUS.

357 1645 525 1681 Brussels
541 1645 619 1681 Ms.
635 1648 787 1691 4850-7‚
805 1646 831 1681 f.
855 1656 932 1690 147.
1553 1645 1778 1693 <Louvain.>

1475 1703 1529 1750 (c.
1549 1703 1713 1740 October
1733 1704 1860 1750 1518.)

355 1784 514 1827 [Lipsius
540 1785 638 1825 gives
664 1785 725 1816 the
757 1785 944 1825 following
972 1787 1161 1825 argument
1188 1785 1227 1815 in
1259 1784 1322 1815 the
1354 1786 1600 1824 manuscript:
1633 1784 1690 1816 ‘R
1718 1785 1906 1825 Martinus,

311 1829 519 1867 priusquam
534 1839 716 1868 *responsa
739 1828 880 1859 Erasmi
907 1829 1141 1868 theologistae
1168 1828 1225 1859 illi
1248 1829 1501 1868 communicet,
1528 1829 1717 1859 Erasmum
1741 1829 1906 1869 consulit,

311 1873 486 1912 impetum
509 1872 586 1903 eius
606 1872 781 1903 referens:
810 1875 889 1904 tum
913 1871 1044 1903 deinde
1062 1872 1309 1911 Augustinum
1330 1872 1475 1911 Origeni
1495 1872 1662 1911 praefert,
1682 1872 1907 1912 Hieronymo

310 1915 423 1945 ferme
440 1915 545 1946 illum
561 1925 728 1954 aequans.
776 1916 826 1947 At
843 1916 1012 1947 Erasmus
1028 1925 1090 1946 suo
1106 1925 1201 1946 more
1218 1916 1419 1955 impensius
1435 1915 1579 1946 Graecis
1594 1916 1702 1946 fauet.
1749 1915 1909 1947 Tandem

311 1958 423 1990 donat
450 1958 703 1997 Enehiridion,
735 1969 807 1990 non
837 1959 917 1990 sine
948 1961 1151 1999 augmento,
1181 1959 1344 1989 Basileae
1372 1958 1521 1989 Ioannis
1549 1958 1716 1990 Frobenii
1744 1959 1911 1990 formulis

309 2003 502 2033 excusum.'
551 2003 625 2033 The
649 2004 731 2033 date
755 2004 785 2033 is
808 2003 990 2034 indicated
1013 2004 1061 2042 by
1085 2002 1147 2033 the
1174 2012 1347 2041 sequence
1370 2002 1461 2033 with
1485 2002 1549 2042 Ep.
1576 2003 1650 2042 897,
1676 2003 1749 2034 and
1775 2003 1823 2043 by
1846 2003 1908 2034 the

309 2046 506 2077 references
529 2048 565 2077 to
589 2048 650 2077 the
674 2049 881 2077 Enchz'rz'clion
906 2047 979 2078 and
1003 2048 1039 2077 to
1063 2046 1241 2077 Erasmus’
1267 2046 1309 2076 ill
1333 2045 1491 2087 health.]

363 2121 402 2160 S.
423 2121 469 2160 P.
495 2121 557 2160 De
585 2121 848 2171 prouocando
876 2122 999 2160 illum
1027 2121 1291 2172 syllogistam
1317 2121 1426 2160 bona
1448 2121 1600 2160 verba:
1630 2122 1772 2161 omnia
1797 2125 1909 2173 post-

309 2186 499 2225 habenda
527 2186 617 2237 paci
645 2188 686 2225 et
714 2187 962 2226 concordiae.
1003 2187 1088 2225 Nec
1116 2200 1191 2237 ego
1219 2187 1283 2225 illi
1311 2186 1515 2236 respondi,
1537 2187 1607 2225 sed
1633 2187 1728 2226 aliis
1756 2187 1910 2227 similia

309 2250 640 2290 blatterantibus.
699 2251 807 2301 Lege
832 2251 1143 2301 Hieronymum
1169 2253 1210 2290 et
1233 2252 1389 2290 senties
1414 2265 1480 2289 me
1509 2253 1557 2290 de
1579 2251 1652 2290 illo
1671 2252 1910 2302 parcissime

310 2317 472 2356 dixisse.
530 2317 796 2368 Augustinus
823 2317 1001 2356 eximius
1028 2317 1170 2356 doctor
1194 2319 1268 2365 est,
1291 2317 1363 2356 sed
1389 2331 1485 2356 cum
1511 2318 1628 2356 nullo
1659 2318 1909 2357 Graecorum

272 2398 289 2428 5
307 2382 590 2421 conferendus.
651 2382 694 2420 Si
724 2383 884 2432 quaeris
908 2382 1249 2432 experimentum,
1272 2383 1361 2433 lege
1388 2383 1704 2422 commentarios
1733 2383 1908 2433 Chryso-

308 2448 432 2486 stomi
457 2448 503 2487 in
530 2448 734 2487 Ioannem
752 2450 794 2487 et
814 2449 860 2486 in
879 2449 1058 2487 eundem
1083 2448 1325 2498 Augustini.
1388 2449 1638 2488 Ambrosius
1655 2449 1731 2488 illo
1751 2449 1909 2488 doctior

307 2515 404 2561 fuit,
423 2516 465 2552 et
493 2513 595 2552 item
625 2513 814 2552 Hilarius
841 2516 964 2563 atque
991 2514 1092 2552 adeo
1119 2513 1361 2563 Cyprianus,
1385 2514 1467 2552 nisi
1494 2515 1600 2563 quod
1627 2514 1692 2553 illi
1717 2515 1909 2565 pauciora

308 2579 572 2628 scripserunt.
647 2578 726 2617 Sed
765 2581 827 2616 est
866 2578 1006 2616 odiosa
1042 2578 1293 2628 comparatio
1313 2593 1323 2626 ;
1367 2591 1512 2617 omnes
1553 2579 1795 2629 honorandi,
1837 2580 1904 2618 sed

306 2643 461 2681 ordine.

351 2740 425 2771 897.
450 2749 514 2772 TIT.
538 2748 774 2771 ωτι-,0111131110
797 2762 807 2771 .
832 2762 841 2770 .
866 2749 895 2770 s.
913 2749 943 2770 P.
963 2751 1006 2770 a:
1029 2749 1187 2770 EnAsxvs
1209 2749 1363 2771 murrum
1386 2749 1448 2772 svo
1471 2750 1498 2772 s.
1515 2751 1548 2773 D.
1568 2743 1603 2772 F.
1749 2751 1781 2781 3.
1805 2751 1905 2782 99⁰³
1971 2737 1974 2740 ”

307 2793 355 2822 qq
372 2786 407 2813 F.
542 2793 571 2822 7.
597 2793 691 2814 Anno
706 2793 878 2815 M.1).xvn1
894 2786 968 2814 add.
986 2786 1029 2814 H.

351 2881 426 2911 897.
457 2891 483 2912 1.
510 2881 599 2922 vna]
626 2883 688 2922 Ep.
708 2883 782 2921 843.
1186 2892 1217 2921 5.
1244 2881 1360 2923 illius]
1385 2882 1464 2915 Lee.

351 2935 381 2962 4.
424 2934 496 2954 non
532 2925 707 2965 expressi]
741 2926 787 2956 In
820 2925 883 2955 the
917 2925 999 2956 title
1035 2925 1074 2956 of
1185 2926 1261 2957 898.
1290 2934 1317 2957 1.
1345 2926 1582 2968 syllogistam]
1608 2927 1686 2958 Lee.

309 2967 370 3006 Ep.
385 2967 457 3006 843,
471 2967 541 2998 and
555 2969 593 2998 in
607 2968 643 2999 ll.
657 2970 732 3008 667,
746 2969 830 3001 680:
857 2979 912 2999 see
930 2968 1069 2999 critical
1185 2978 1217 3000 2.
1242 2969 1426 3010 respondi]
1452 2969 1503 3001 Cf.
1525 2970 1587 3001 the
1611 2972 1811 3010 argument,
1830 2969 1901 3018 and

309 3012 420 3042 notes.
1141 3011 1205 3052 Ep.
1226 3013 1300 3052 897.
1317 3022 1348 3044 2.
