2034 3433
350 214 403 253 36
817 214 1068 254 LETTERS
1105 213 1175 252 OF
1212 213 1480 253 ERASMUS
1818 211 1857 265 [1
1867 223 1888 261 5
1897 226 1911 250 1
1923 223 1944 260 7

348 318 391 355 te
410 318 650 367 nominem;
680 321 831 370 quippe
851 332 947 358 cum
974 317 1028 356 sit
1053 308 1263 354 maximus
1288 315 1325 354 is
1352 314 1485 354 nostri
1511 314 1665 353 saeculi
1688 328 1809 364 error,
1833 317 1941 366 quod

349 382 421 432 qui
448 384 502 422 sit
530 397 626 422 vere
656 385 918 424 Christianus
946 383 1170 432 ignoretur,
1201 380 1458 419 Christianos
1486 380 1638 431 vulgus
1667 393 1735 419 eos
1762 380 1942 431 appellat

348 447 422 497 qui
440 448 549 486 nulli
569 449 629 487 rei
647 451 735 488 tam
753 451 852 488 sunt
872 446 1095 487 dissimiles
1123 458 1247 495 quam
1273 445 1437 484 Christo
1457 445 1566 483 vnde
1594 459 1748 484 nomen
1772 445 1938 485 habent.

347 514 407 551 At
427 513 531 562 vide,
555 514 615 552 mi
634 515 817 563 Erasme,
840 526 965 564 quam
991 511 1165 550 minime
1186 510 1306 550 vanis
1326 509 1522 560 epithetis
1545 513 1685 550 oneret
1711 524 1829 550 aures
1849 513 1944 550 tuas

292 595 330 617 10
347 577 629 627 pientissimas
663 579 899 627 Glareanus,
937 577 1011 627 qui
1048 574 1167 614 malit
1204 576 1246 613 te
1283 588 1379 613 vere
1416 575 1698 614 Christianum
1737 575 1942 626 appellare

348 656 472 693 quam
501 643 568 682 vel
599 645 886 683 doctissimum
918 641 986 682 vel
1020 639 1418 691 eloquentissimum.
1490 641 1606 690 Quod
1641 641 1756 680 enim
1791 654 1942 680 nomen

345 710 408 746 est
427 721 553 758 aeque
574 709 748 760 dignum
768 723 813 748 ac
833 708 1118 748 Christianum
1130 707 1150 745 ‘?
1206 705 1363 744 Deinde
1383 705 1432 743 de
1455 705 1591 757 aliquo
1610 721 1704 746 vere
1726 707 1807 746 dici
1825 719 1945 757 posse

347 772 448 823 quid
466 773 679 823 pulchrius
693 776 713 813 ‘?
769 775 870 813 Esto
889 773 925 811 is
945 773 1086 812 omnia
1111 771 1191 810 alia
1218 770 1376 809 habeat.
1434 770 1608 809 Vtinam
1627 772 1727 811 haec
1747 772 1943 811 omnibus

346 837 551 887 theologis
576 852 695 877 mens
719 842 827 878 esset
853 852 957 889 quae
983 837 1072 886 tibi,
1093 838 1140 875 vt
1165 838 1252 874 tam
1279 835 1521 886 prodessent
1549 849 1675 887 quam
1700 839 1757 885 tu,
1782 839 1827 876 vt
1853 840 1940 876 tam

288 919 326 952 15
345 903 567 942 incitarent
594 905 645 943 ad
671 905 859 954 virtutes,
881 906 928 944 vt
954 906 1042 942 tam
1068 901 1255 951 exemplo
1282 902 1520 951 praeessent
1547 915 1673 951 quam
1692 902 1941 952 loquacitate

346 968 522 1007 vincunt
565 970 734 1019 omneis,
775 971 822 1008 vt
867 969 1017 1008 malint
1061 967 1256 1006 vniuerso
1301 966 1470 1015 mundo,
1510 968 1558 1006 vt
1601 968 1661 1015 tu,
1703 968 1939 1006 consulere!

346 1033 552 1073 Omnibus
584 1035 741 1084 prodes,
777 1035 938 1074 nemini
972 1034 1081 1081 obes,
1120 1045 1265 1071 omnes
1303 1031 1467 1080 excitas,
1507 1045 1651 1071 omnes
1689 1032 1936 1072 inflammas.

345 1098 457 1137 Deus
477 1100 671 1150 Optimus
691 1100 899 1139 Maximus
919 1112 1043 1150 quam
1061 1097 1329 1148 longissimos
1348 1096 1427 1135 tibi
1446 1096 1603 1136 tribuat
1627 1097 1725 1147 dies,
1749 1100 1793 1137 vt
1814 1111 1938 1149 quam

345 1164 579 1203 diutissime
597 1165 729 1215 prosis
748 1166 939 1204 vniuerso
960 1164 1050 1202 orbi
1069 1175 1361 1213 succurrasque
1380 1162 1638 1212 ignorantiae
1658 1163 1890 1203 hominum.

287 1246 326 1269 20
400 1230 479 1269 Sed
506 1229 604 1268 haec
634 1231 845 1270 hactenus.
903 1230 1003 1280 Legi
1026 1230 1125 1268 adeo
1154 1241 1297 1278 nuper,
1330 1240 1426 1266 cum
1456 1228 1689 1268 Parrhisios
1718 1229 1939 1278 venissem,

344 1295 562 1345 epistolam
578 1309 668 1334 eam
680 1309 805 1346 quam
819 1296 869 1335 ad
886 1296 1137 1346 Episcopum
1152 1293 1483 1333 Parrhisiensem
1498 1293 1732 1343 scripseras.
1771 1295 1942 1344 Quaeris

345 1359 444 1410 quid
474 1360 672 1400 fecerim?
727 1361 890 1400 Partim
923 1360 1081 1399 letabar
1110 1359 1219 1410 quod
1249 1359 1300 1397 ab
1333 1358 1503 1397 homine
1537 1359 1821 1399 eruditissimo
1853 1362 1941 1399 tam

344 1425 494 1463 eximie
522 1425 738 1474 laudarer3
771 1426 927 1476 partim
954 1426 1054 1464 item
1083 1424 1285 1463 irascebar
1310 1423 1606 1474 execrabarque
1636 1427 1757 1476 caput
1786 1439 1938 1474 meum,

342 1490 451 1540 quod
480 1491 516 1529 is
544 1503 631 1530 non
659 1503 792 1530 essem
821 1505 944 1541 quem
970 1492 1169 1530 Erasmus
1195 1489 1253 1528 ita
1281 1488 1390 1527 belle
1417 1489 1619 1539 pinxerat,
1646 1503 1720 1530 suo
1747 1491 1940 1531 videlicet

286 1573 324 1606 ²5
343 1555 519 1594 candore
548 1569 629 1607 quo
660 1556 706 1595 in
737 1558 897 1595 omneis
927 1557 1086 1604 vtitur;
1124 1555 1276 1605 partim
1307 1554 1544 1605 gratulabar
1575 1560 1719 1594 rursus
1752 1557 1939 1608 mihiipsi

344 1621 453 1670 quod
472 1621 710 1671 exemplum
729 1622 1031 1672 praescriptum
1050 1621 1257 1669 haberem,
1280 1633 1364 1658 non
1392 1619 1525 1670 qualis
1551 1633 1682 1659 essem
1708 1622 1780 1661 sed
1807 1624 1941 1673 qualis

343 1699 431 1725 esse
463 1686 673 1725 debebam.
744 1687 1018 1726 Potissimum
1050 1699 1173 1736 quare
1207 1684 1391 1723 dolerem
1422 1687 1519 1734 erat,
1556 1686 1664 1736 quod
1698 1699 1783 1725 non
1816 1689 1939 1728 modo

343 1751 595 1801 desperarim
624 1752 685 1790 nil
712 1752 846 1790 simile
873 1766 939 1791 me
968 1765 1085 1802 posse
1112 1751 1284 1790 Erasmo
1311 1763 1403 1789 meo
1432 1751 1592 1798 referre,
1623 1751 1694 1790 sed
1724 1765 1776 1791 ne
1801 1754 1942 1793 verbis

343 1816 513 1867 quidem
536 1817 603 1856 vel
629 1817 843 1856 tantillum
869 1817 1031 1868 assequi
1054 1830 1134 1867 quo
1160 1815 1302 1854 minus
1327 1815 1518 1865 ingratus
1543 1816 1691 1865 videar,
1721 1821 1940 1868 quantum-

284 1901 326 1933 30
345 1895 505 1932 cunque
524 1883 666 1921 animo
685 1885 827 1932 gratus
843 1897 945 1921 meo.
997 1884 1154 1921 Verum
1168 1881 1331 1919 abunde
1346 1880 1468 1929 (tanti
1489 1894 1532 1920 es
1551 1882 1739 1922 candoris
1752 1883 1941 1924 humani-

345 1947 539 1997 tatisque)
568 1948 667 1986 satis
694 1946 955 1999 g<r>atiarum
983 1947 1118 1997 retuli,
1145 1947 1181 1985 si
1204 1946 1240 1985 is
1265 1946 1485 1997 aliquando
1515 1959 1583 1985 ero
1614 1961 1738 1997 quem
1767 1950 1939 1989 candide

345 2014 479 2063 magis
508 2026 632 2063 quam
657 2027 752 2052 vere
779 2013 1040 2064 descripsisti.
1102 2013 1268 2052 Diceret
1295 2012 1411 2061 alius,
1443 2013 1557 2063 ‘Ago
1585 2013 1674 2061 tibi,
1701 2015 1939 2056 doctissime

343 2080 525 2127 Erasme,
550 2077 737 2130 g<r>atias
756 2079 1024 2129 immortales,
1044 2080 1244 2130 ingentes,
1267 2079 1308 2116 et
1327 2077 1422 2116 illas
1442 2079 1602 2118 omneis
1621 2081 1900 2130 amplissimas
1915 2084 1934 2122 ’.

343 2146 421 2185 Sed
441 2146 675 2184 mehercule
701 2145 803 2184 talia
829 2147 983 2197 ignoro,
1005 2145 1071 2185 vel
1098 2145 1194 2195 quia
1219 2143 1379 2182 adulari
1404 2158 1489 2183 non
1516 2144 1652 2193 didici,
1677 2146 1741 2185 vel
1769 2148 1865 2198 quia
1891 2151 1937 2188 tu

282 2231 321 2263 35
341 2212 544 2251 eiusmodi
572 2212 688 2251 fucos
717 2212 841 2251 odisti
871 2225 1045 2262 semper,
1067 2212 1193 2250 homo
1219 2212 1307 2249 tam
1333 2209 1485 2259 gloriae
1514 2211 1687 2261 cupidus
1715 2226 1841 2263 quam
1869 2216 1936 2254 vel

341 2277 533 2318 Christus
561 2278 628 2317 vel
658 2278 826 2318 Paulus.
887 2278 1153 2328 Quapropter,
1177 2275 1418 2315 charissime
1444 2289 1592 2326 parens
1617 2290 1662 2316 ac
1687 2282 1934 2330 praeceptor,

341 2357 436 2382 cum
465 2345 574 2394 quod
604 2344 832 2384 retribuam
862 2358 996 2395 neque
1024 2343 1200 2382 habeam
1229 2355 1363 2392 neque
1391 2342 1530 2391 sciam,
1558 2343 1678 2381 vnice
1706 2346 1748 2383 te
1776 2347 1933 2395 amabo,

340 2409 486 2447 amabo
519 2410 560 2448 te
591 2409 720 2458 vnice,
760 2412 801 2448 et
836 2410 1017 2460 profecto
1050 2411 1092 2448 te
1125 2409 1246 2447 vnice
1279 2420 1383 2447 amo.
1443 2407 1502 2446 Es
1533 2409 1580 2446 tu
1614 2408 1659 2447 in
1693 2410 1811 2449 corde
1843 2425 1939 2452 meo

340 2472 542 2524 sepultus,
567 2475 791 2525 eademque
812 2476 901 2514 dies
921 2477 962 2514 et
982 2474 1226 2513 memoriam
1247 2473 1311 2511 tui
1329 2474 1371 2511 et
1390 2472 1522 2511 vitam
1542 2472 1697 2522 eripiet.

279 2556 321 2587 40
396 2537 583 2590 Benigne
611 2553 677 2579 me
706 2541 865 2592 excepit
893 2539 1073 2589 Budeus‚
1100 2538 1402 2577 humanissime
1432 2538 1624 2577 tractauit
1653 2539 1800 2590 Gopus‚
1821 2541 1941 2581 fami--

340 2604 559 2644 liarissime
581 2606 684 2644 mihi
704 2607 893 2657 cognitus
916 2605 1046 2644 Faber
1066 2603 1350 2654 Stapulensis:
1381 2616 1505 2653 quem
1525 2616 1620 2642 eum
1646 2604 1791 2645 inueni
1812 2621 1935 2657 quem

339 2672 387 2708 tu
407 2683 571 2720 semper
589 2684 671 2710 vna
692 2685 787 2710 cum
808 2672 938 2711 Beato
957 2669 1089 2709 amico
1109 2670 1253 2708 nostro
1272 2669 1491 2719 praecipuo
1509 2669 1778 2720 praedicabas,
1795 2672 1934 2712 virum

341 2736 449 2774 certe
473 2735 789 2786 integerrimum
818 2734 1263 2784 humanissimumque.
1324 2733 1575 2784 Episcopum
1604 2737 1713 2774 certa
1740 2735 1790 2775 de
1816 2732 1934 2777 causa

386 2853 416 2883 9.
443 2845 546 2876 vanis
561 2857 598 2876 a:
625 2846 728 2876 nouis
745 2848 807 2876 ΕΒ.
966 2855 1014 2885 19.
1039 2843 1092 2874 a2:
1116 2842 1316 2883 ignorantie
1332 2841 1378 2874 al.
1532 2852 1582 2874 20.
1610 2843 1810 2878 Parrhisios
1825 2849 1935 2884 scripsi

342 2889 511 2918 secundum
525 2899 551 2918 υ.
566 2898 619 2928 45,
631 2892 679 2919 vbi
695 2887 729 2919 al
740 2892 882 2926 primum
894 2888 1086 2920 Parrhisiis
1097 2888 1227 2926 scripsit,
1240 2895 1311 2916 moa:
1323 2887 1468 2917 correxit:
1487 2886 1680 2919 Parrhisiis
1692 2899 1723 2920 α.
1805 2898 1857 2929 35.
1880 2889 1913 2920 a²
1926 2902 1934 2921 ;

343 2929 440 2960 fuces
455 2929 499 2962 0¹.
632 2942 684 2970 41.
708 2942 790 2963 eum
808 2943 884 2964 corr.
903 2935 977 2964 LB:
1001 2941 1083 2963 cum
1099 2941 1128 2962 a.

394 3037 445 3060 21.
470 3029 674 3071 epistolam]
693 3031 758 3071 Ep.
778 3039 850 3070 529.
1266 3028 1396 3070 Gopus]
1415 3030 1478 3060 See
1496 3030 1561 3070 Ep.
1582 3040 1652 3069 124.
1675 3032 1714 3062 16
1727 3041 1763 3062 n.

394 3082 446 3110 40.
472 3073 633 3115 Budeus]
650 3074 701 3107 Cf.
720 3074 783 3115 Ep.
804 3075 879 3114 609.
903 3083 942 3113 19
956 3082 1029 3112 seq.
1223 3082 1275 3111 42.
1300 3072 1425 3114 Beato]
1445 3073 1495 3105 Cf.
1508 3073 1609 3107 BRE.
1633 3084 1660 3114 1,
1677 3075 1708 3114 6,
1731 3083 1934 3113 10-1,24-5.
