2034 3433
294 164 373 202 384
756 163 1009 203 LETTERS
1049 163 1118 202 OF
1155 163 1422 204 ERASMUS
1767 165 1895 220 [1518

295 266 371 298 still
388 268 427 298 in
444 267 544 299 hand
561 279 570 307 3
594 277 650 298 see
668 276 686 298 a
703 267 810 298 letter
826 266 865 297 of
878 266 1010 297 Beatus
1027 266 1227 298 Rhenanus
1244 269 1280 298 to
1301 266 1364 298 the
1386 266 1587 298 bookseller
1603 267 1734 300 Calvus
1750 270 1808 310 (cs.
1828 271 1895 311 Ep.

294 310 510 385 sg'l'hZOdlasse
528 355 558 385 is
575 352 909 394 unquestionable]

295 439 388 469 DES.
411 438 613 468 ERASMVS
642 438 974 469 ROTERODAMVS
1000 438 1245 469 BONIFACIO
1272 438 1600 469 AMORBACCHIO
1628 439 1896 481 BASILIENSI,

466 506 605 536 IVVEN
610 506 626 535 Ι
657 507 774 537 OMNI
806 507 1068 537 STVDIORVM
1100 507 1278 537 GENERE
1308 507 1400 537 NON
1432 507 1722 538 VVLGARITER

926 575 1139 615 ERVDITO,
1166 576 1198 605 S.
1221 576 1263 605 D.

348 639 507 677 MAGNA
526 640 737 679 felicitatis
765 653 860 690 pars
888 642 962 688 est,
992 641 1176 678 maxima
1203 639 1484 690 gratitudinis,
1515 641 1550 679 si
1577 640 1672 691 quis
1701 645 1899 691 agnoscat

292 718 367 743 sua
382 705 500 744 bona.
547 705 729 744 Proinde
749 706 874 744 etiam
894 707 1019 756 atque
1037 706 1164 744 etiam
1184 705 1478 755 gratulandum
1499 708 1562 745 est
1583 709 1724 746 nostro
1744 707 1893 755 seculo,

291 771 542 821 gratandum
580 772 753 821 superis,
786 785 964 822 quorum
998 771 1258 822 benignitate
1290 771 1500 821 praeclara
1528 772 1676 820 studia,
1708 774 1772 811 tot
1809 773 1895 811 iam

293 835 443 874 seculis
470 849 574 886 pene
604 836 779 886 sepulta,
803 838 890 875 toto
918 838 1129 875 terrarum
1158 836 1254 875 orbe
1283 836 1553 875 reflorescunt
1582 851 1627 876 ac
1656 837 1896 877 felicissime

257 922 273 953 5
292 904 582 951 propagantur.
642 902 755 940 Ante
781 915 912 941 annos
938 902 1034 951 plus
1061 902 1204 940 minus
1231 902 1442 952 octoginta
1463 916 1547 940 non
1572 902 1604 940 ii
1630 903 1755 941 modo
1780 905 1898 942 erant

292 966 476 1005 infantes
502 969 624 1017 atque
653 967 840 1017 elingues
865 967 937 1018 qui
963 981 1030 1006 eas
1055 967 1356 1017 profitebantur
1384 969 1493 1006 artes
1511 981 1612 1018 quas
1640 981 1715 1007 suo
1735 982 1896 1019 quoque

293 1032 432 1070 seculo
461 1032 556 1083 (quo
590 1033 658 1072 vel
695 1033 879 1072 maxime
917 1033 1058 1072 floruit
1098 1033 1258 1072 erudita
1297 1033 1504 1083 facundia)
1540 1036 1679 1072 mutas
1715 1034 1895 1084 appellat

294 1097 508 1147 Virgilius,
530 1111 677 1137 verum
703 1098 831 1137 etiam
858 1099 948 1148 ipsa
974 1099 1256 1148 grammatica,
1277 1100 1385 1137 recte
1405 1099 1601 1149 loquendi
1621 1099 1832 1149 magistra,
1855 1102 1897 1138 et

293 1163 506 1212 rhetorica,
532 1164 693 1214 copiose
719 1164 1016 1214 splendideque
1043 1163 1207 1202 dicendi
1236 1164 1330 1213 dux,
1358 1164 1475 1202 foede
1503 1164 1731 1214 misereque
1756 1164 1896 1203 balbu-

239 1244 276 1265 10
293 1228 476 1267 tiebant:
504 1231 546 1267 et
567 1242 670 1278 quae
690 1230 902 1280 quondam
930 1231 993 1268 tot
1019 1229 1176 1279 linguis
1194 1230 1422 1268 instructae
1450 1230 1628 1279 fuerant,
1651 1232 1744 1268 tum
1767 1244 1895 1269 vnam

296 1293 491 1332 Latinam
519 1295 698 1345 pessime
717 1294 867 1333 Latine
893 1295 1108 1333 sonabant.
1165 1295 1252 1334 Sub
1275 1295 1375 1333 haec
1402 1295 1606 1345 paulatim
1636 1295 1895 1334 subolescen-

294 1359 407 1398 tibus
434 1360 567 1398 literis
597 1360 842 1399 melioribus
861 1360 985 1399 Italia
1011 1360 1097 1399 sola
1122 1359 1312 1410 linguam
1339 1361 1526 1408 habebat,
1550 1374 1625 1399 nec
1654 1361 1763 1410 apud
1790 1361 1897 1400 hanc

293 1425 401 1464 vllae
422 1425 666 1476 disciplinae
694 1429 856 1476 praeter
875 1426 1109 1464 oratoriam.
1170 1425 1290 1464 Nunc
1315 1426 1432 1465 nulla
1458 1428 1520 1465 est
1547 1426 1662 1464 natio
1682 1426 1761 1465 sub
1782 1425 1901 1465 Chri-

292 1490 428 1529 stiana
457 1491 627 1539 ditione,
657 1492 704 1529 in
733 1505 813 1541 qua
842 1505 927 1530 non
958 1505 1082 1529 omne
1110 1491 1424 1541 disciplinarum
1454 1505 1586 1541 genus
1615 1491 1761 1540 (Musis
1790 1492 1894 1530 bene

238 1570 274 1602 15
294 1556 624 1606 fortunantibus)
645 1557 908 1607 eloquentiae
927 1557 1190 1595 maiestatem
1209 1557 1456 1595 eruditionis
1475 1557 1650 1596 vtilitati
1669 1557 1872 1608 adiungit.

349 1621 554 1660 Medicina
582 1622 697 1672 loqui
725 1623 857 1672 coepit
887 1622 997 1672 apud
1024 1621 1155 1660 Italos
1183 1636 1304 1672 opera
1334 1622 1495 1660 Nicolai
1525 1622 1760 1671 Leoniceni,
1782 1623 1896 1662 senis

293 1687 611 1726 immortalitate
631 1688 749 1737 digni
767 1703 775 1735 ;
805 1688 914 1737 apud
936 1687 1089 1735 Gallos,
1113 1687 1313 1726 Gulielmi
1334 1688 1434 1737 Copi
1454 1687 1710 1726 Basiliensis.
1766 1688 1892 1738 Apud

292 1752 520 1791 Britannos
557 1753 696 1792 studio
732 1754 915 1792 Thomae
945 1753 1112 1791 Linacri
1150 1754 1208 1791 sic
1246 1766 1379 1803 nuper
1417 1753 1597 1792 disertus
1635 1753 1768 1803 coepit
1806 1766 1895 1792 esse

295 1817 487 1867 Galenus,
518 1820 564 1856 vt
592 1819 638 1857 in
668 1832 741 1857 sua
768 1819 914 1868 lingua
941 1831 1090 1868 parum
1120 1818 1299 1858 disertus
1328 1818 1461 1856 videri
1490 1819 1633 1868 possit.
1692 1818 1893 1857 Eiusdem

237 1903 276 1925 20
295 1897 416 1933 opera
445 1884 513 1930 sic⁸
533 1884 683 1923 Latine
720 1884 906 1934 loquitur
933 1883 1181 1922 Aristoteles
1209 1886 1266 1933 vt,
1297 1884 1394 1922 licet
1423 1884 1603 1932 Atticus,
1636 1884 1708 1922 vix
1741 1884 1787 1922 in
1817 1897 1893 1923 suo

294 1962 483 1988 sermone
512 1963 653 1999 parem
682 1949 830 1988 habeat
858 1949 1065 1998 gratiam;
1104 1949 1201 1987 licet
1232 1950 1327 1987 ante
1360 1949 1472 1987 hunc
1503 1949 1610 1987 illud
1645 1951 1752 1987 certe
1782 1962 1896 1999 prae-

294 2014 477 2053 stiterint
513 2015 621 2065 apud
653 2015 783 2053 Italos
811 2013 1112 2064 Argyropylus,
1155 2014 1464 2064 Trapezontius,
1499 2014 1738 2053 Theodorus
1770 2015 1889 2062 Gaza,

294 2080 515 2128 Marsilius,
535 2080 672 2128 Picus,
693 2080 800 2130 apud
818 2080 959 2119 Gallos
975 2080 1107 2118 Faber
1127 2080 1398 2130 Stapulensis,
1422 2093 1473 2118 ne
1494 2079 1757 2130 philosophia
1775 2082 1895 2119 muta

293 2145 423 2183 videri
442 2146 583 2195 possit.
644 2146 774 2184 Porro
795 2145 956 2195 legibus
977 2145 1185 2183 Caesareis
1209 2145 1440 2195 pristinum
1466 2145 1692 2195 elegantiae
1713 2145 1893 2184 nitorem

235 2229 273 2260 25
293 2212 416 2261 atque
432 2211 558 2249 etiam
578 2211 767 2261 geminae
783 2211 1022 2249 literaturae
1041 2210 1219 2260 gloriam
1234 2211 1408 2249 feliciter
1423 2211 1610 2249 restituit
1625 2210 1733 2261 apud
1750 2210 1896 2249 Gallos

295 2276 530 2315 Gulielmus
549 2277 755 2325 Budaeus,
783 2276 894 2326 apud
914 2276 1143 2314 Germanos
1161 2276 1227 2314 vir
1252 2276 1449 2314 omnibus
1476 2276 1612 2314 modis
1640 2276 1897 2326 incompara-

293 2341 391 2380 bilis
410 2341 632 2380 Vdalricus
658 2342 818 2390 Zasius,
845 2343 961 2379 tanta
985 2341 1197 2379 Rhomani
1225 2342 1431 2380 sermonis
1449 2341 1637 2380 vbertate
1665 2343 1828 2380 scatens
1847 2343 1894 2380 vt

294 2406 523 2457 leianum
543 2408 780 2458 quempiam
801 2407 918 2457 loqui
936 2408 1067 2457 putes,
1092 2420 1177 2445 non
1196 2407 1322 2446 huius
1342 2407 1488 2446 aetatis
1507 2406 1850 2446 iureconsultum.

348 2473 408 2511 At
436 2472 575 2511 nescio
604 2486 685 2522 quo
713 2474 833 2523 pacto
862 2472 1052 2510 nondum
1081 2485 1127 2510 ea
1156 2485 1221 2511 res
1248 2472 1420 2522 perinde
1449 2472 1632 2511 succedit
1660 2471 1894 2523 theologis;

338 2561 402 2584 TIT.
427 2562 656 2584 AMORBAcmo
679 2556 716 2586 F.
885 2562 1082 2584 BASILOENSI
1101 2577 1108 2585 .
1128 2577 1135 2584 .
1154 2577 1160 2583 .
1178 2562 1329 2584 ERVDITO
1351 2563 1411 2584 om.
1436 2556 1469 2583 Η
1492 2552 1598 2593 (oum
1620 2555 1742 2592 scripsi,
1767 2553 1807 2590 cs.
1831 2554 1889 2590 Ep.

295 2605 369 2635 334.
387 2606 430 2635 92
447 2607 499 2628 m:
523 2606 662 2628 omnivm
679 2603 727 2636 a).
848 2607 878 2637 3.
905 2597 1123 2637 gratandum
1139 2608 1181 2628 a:
1204 2597 1461 2637 gratulandum
1476 2599 1518 2628 H.
1630 2606 1661 2636 5.
1686 2597 1713 2627 ii
1729 2607 1770 2626 a:
1793 2595 1834 2627 hi
1849 2598 1892 2627 N.

299 2649 346 2671 11.
373 2640 445 2670 Sub
461 2651 500 2670 a:
526 2640 609 2671 Post
624 2643 669 2672 H.
804 2650 855 2681 25.
883 2640 1006 2672 Gallos
1022 2643 1096 2671 add.
1112 2642 1150 2672 F.

340 2727 371 2748 2.
395 2727 460 2748 sua
476 2718 582 2758 bona]
601 2718 652 2749 Cf.
670 2718 773 2758 Verg.
793 2721 827 2749 G.
845 2728 875 2749 2.
893 2718 967 2756 458.
1129 2717 1204 2748 this
1220 2719 1386 2749 sentence
1402 2719 1432 2748 is
1452 2717 1607 2757 general,
1626 2715 1699 2747 and
1722 2716 1787 2746 not
1810 2724 1892 2746 con-

340 2761 372 2792 8.
393 2761 585 2802 Virgilius]
600 2765 681 2794 Aen.
698 2771 747 2793 12.
764 2771 840 2801 397.
1129 2760 1224 2791 fined
1241 2764 1277 2792 to
1293 2761 1468 2792 Aristotle
1486 2772 1495 2799 3
1517 2760 1572 2790 for
1596 2760 1659 2790 the
1682 2759 1892 2790 Florentino

343 2806 392 2836 16.
417 2804 627 2845 Leoniceni]
645 2805 696 2837 Cf.
715 2805 778 2845 Ep.
796 2815 871 2844 541.
888 2814 929 2845 55
942 2815 977 2837 n.
1127 2804 1296 2844 academy
1348 2805 1465 2836 under
1511 2803 1694 2835 Marsilius
1745 2802 1891 2833 Ficinus

343 2857 392 2886 19.
416 2847 590 2888 Galenus]
608 2848 659 2879 Cf.
673 2849 761 2888 Epp.
781 2858 857 2887 502.
873 2858 910 2888 15
922 2859 968 2888 n.‚
983 2849 1056 2888 785.
1129 2850 1187 2887 (19
1201 2848 1275 2880 Oct.
1297 2858 1379 2888 1433
1391 2866 1433 2871 —
1447 2858 1460 2878 1
1480 2848 1555 2879 Oct.
1576 2848 1674 2887 1499)
1692 2845 1764 2877 and
1788 2845 1892 2876 Picus

299 2899 382 2928 1711·
1128 2893 1329 2923 coneerned
1368 2892 1468 2922 itself
1512 2891 1605 2922 with
1653 2889 1765 2921 Plato.
1825 2888 1890 2919 See

340 2943 392 2964 20.
418 2935 644 2976 Aristoteles]
662 2935 712 2966 Cf.
730 2936 794 2975 Ep.
811 2936 885 2967 868.
905 2946 946 2975 70
956 2945 993 2966 n.
1127 2935 1322 2975 Creighton
1346 2936 1399 2966 iii.
1431 2945 1545 2974 141-4.
1593 2934 1660 2965 For
1685 2934 1748 2964 the
1775 2933 1889 2963 trans-

340 2985 391 3008 22.
416 2979 677 3019 Argyropylus]
695 2979 747 3010 Cf.
766 2980 830 3018 Ep.
846 2981 920 3018 456.
943 2979 1005 3010 106
1021 2988 1057 3010 n.
1126 2979 1258 3010 latiens
1289 2979 1382 3010 from
1422 2978 1594 3009 Aristotle
1633 2977 1675 3009 cf.
1719 2976 1782 3015 Ep.
1812 2976 1886 3014 456.

340 3029 392 3059 23.
416 3021 661 3062 philosophia]
684 3022 758 3053 The
783 3023 1000 3063 application
1023 3023 1062 3053 of
1128 3024 1188 3053 106
1203 3032 1237 3055 n.
