2034 3433
269 476 307 508 25

271 819 311 849 50

271 1146 310 1177 35

272 1475 315 1506 40

274 1800 313 1830 45

329 164 408 203 526
794 166 1046 205 LETTERS
1084 166 1154 205 OF
1190 166 1458 207 ERASMUS
1796 167 1835 220 [1
1845 179 1868 216 5
1878 181 1891 205 1
1902 182 1923 217 9

329 271 583 322 Apostolum
611 272 886 320 interpretum
915 271 1236 321 commentariis,
1259 273 1369 322 quod
1398 273 1497 311 haec
1525 272 1563 310 ei
1593 272 1694 311 satis
1719 285 1924 324 superque

330 351 404 388 per
432 352 474 376 se
504 337 676 376 obscuro
704 336 934 386 profundas
962 349 1088 387 quam
1117 337 1311 387 plurimis
1330 338 1375 376 in
1395 337 1499 377 locis
1518 337 1702 376 offudere
1720 338 1923 377 tenebras.

329 404 612 442 Vehementer
643 403 851 452 praeterea
883 405 925 441 et
957 402 1063 441 illud
1096 403 1235 453 probo,
1268 405 1377 454 quod
1411 404 1556 442 stilum
1596 406 1718 442 tuum
1756 405 1927 443 eatenus

331 468 544 516 demisisti,
578 470 626 508 vt
663 467 921 518 eloquentiae
958 467 1100 507 hostes
1140 469 1326 508 fucatum
1366 482 1601 508 sermonem
1638 469 1813 508 minime
1849 469 1927 507 tibi

331 534 504 572 obiicere
551 534 726 584 possint,
768 533 839 572 sed
891 533 1155 573 ecclesiastici
1214 535 1353 585 potius
1400 535 1553 586 eloquii
1613 534 1927 585 simplicitatem

330 601 566 650 agnoscant,
590 612 693 650 quae
731 599 832 638 adeo
870 599 1022 638 leniter
1058 600 1153 638 fluit
1171 603 1217 639 vt
1250 600 1399 639 illiciat
1431 601 1612 639 maxime
1646 601 1854 650 legentem
1886 602 1928 638 et

331 665 568 704 diutissime
602 667 810 704 recentem
839 679 1001 716 semper
1029 665 1217 704 retineat.
1277 666 1366 714 Quo
1396 666 1444 704 fit
1472 667 1519 704 vt
1547 666 1708 704 nullam
1735 665 1928 715 equidem

329 732 397 771 vel
425 732 470 770 in
499 733 577 770 hac
606 732 873 782 simplicitate
901 732 1163 782 eloquentiae
1191 734 1353 781 partem
1383 732 1638 783 desyderem.
1699 732 1744 770 Si
1771 731 1929 770 Paulus

329 799 417 848 ipse
446 799 571 837 hodie
605 800 846 847 resurgeret,
870 798 970 849 quid
1003 798 1116 837 aliud
1150 799 1282 837 facere
1311 799 1450 848 posset
1479 812 1603 849 quam
1636 812 1679 836 se
1707 797 1930 848 praeferret

330 864 442 904 sibi?

378 931 514 980 vPerge
537 930 678 980 igitur,
698 929 759 968 mi
782 929 968 977 Erasme,
982 941 1142 979 quaeso,
1161 929 1205 967 in
1226 929 1396 979 reliquis
1417 943 1580 980 quoque
1600 929 1722 968 Pauli
1741 927 1930 978 epistolis

331 997 374 1035 in
395 997 575 1036 eundem
602 995 775 1035 modum
800 995 1083 1046 explanandis.
1144 995 1258 1045 Opus
1282 997 1355 1034 tuo
1380 995 1557 1045 ingenio,
1588 998 1659 1034 tua
1684 993 1926 1041 eruditione,

330 1065 403 1101 tua
435 1063 615 1112 denique
647 1061 900 1112 professione
934 1064 996 1099 est
1031 1061 1351 1111 dignissimum;
1391 1063 1434 1100 et
1462 1075 1513 1100 ex
1538 1061 1655 1100 cuius
1675 1060 1931 1099 confectione

331 1142 415 1168 non
453 1131 540 1168 tam
584 1128 692 1178 apud
741 1127 936 1166 homines
973 1140 1098 1177 quam
1136 1128 1275 1177 ipsum
1324 1129 1462 1167 Deum
1508 1141 1706 1177 magnam
1753 1126 1930 1176 gloriam

334 1197 619 1246 reportaturus
652 1206 707 1233 es.
767 1193 834 1232 Me
866 1193 1032 1244 quidem
1054 1196 1099 1232 vt
1127 1194 1170 1232 id
1199 1196 1240 1232 te
1270 1194 1401 1233 facere
1429 1194 1582 1243 horter,
1613 1192 1795 1243 impellit
1823 1192 1929 1231 illud

333 1261 441 1311 quod
461 1260 631 1298 illorum
653 1272 756 1309 quae
776 1258 874 1305 vidi,
898 1261 984 1296 tam
1004 1259 1185 1297 iucunda
1199 1259 1327 1298 simul
1347 1260 1388 1297 et
1407 1259 1617 1298 fructifera
1635 1259 1716 1298 fuit
1734 1257 1867 1306 lectio,
1886 1259 1932 1296 vt

332 1339 417 1364 non
437 1326 596 1376 possim
616 1338 702 1363 non
722 1323 960 1363 auidissime
980 1325 1192 1373 expectare
1213 1324 1321 1374 quod
1341 1327 1538 1374 superest.

386 1391 439 1430 In
460 1392 646 1429 mentem
666 1403 779 1428 nunc
799 1389 915 1428 venit
943 1389 1052 1439 quod
1079 1389 1123 1427 in
1150 1389 1400 1439 quibusdam
1420 1389 1514 1429 aliis
1532 1390 1620 1429 tuis
1640 1390 1690 1428 ad
1710 1402 1778 1428 me
1797 1388 1931 1427 literis

332 1456 543 1506 scripsisti,
566 1458 727 1495 cert-um
760 1455 839 1494 tibi
873 1468 960 1493 esse
993 1455 1037 1492 in
1056 1455 1210 1504 Anglia
1243 1468 1539 1504 consenescere,
1561 1457 1714 1494 aestate
1743 1454 1932 1505 proxima

332 1523 566 1561 traiecturo.
626 1520 985 1560 Iucundissimum
1006 1520 1111 1559 mihi
1131 1522 1194 1559 est
1213 1520 1469 1560 intellexisse
1486 1523 1527 1560 te
1549 1522 1591 1560 id
1613 1520 1765 1574 habere
1784 1520 1927 1558 animi.

334 1587 631 1637 Optatissimus
649 1586 790 1625 venies
817 1586 1022 1635 omnibus,
1047 1586 1116 1624 sed
1138 1588 1256 1624 tuam
1275 1587 1559 1625 valetudinem
1582 1587 1659 1625 hac
1686 1586 1732 1624 in
1761 1598 1805 1623 re
1834 1598 1929 1624 cum

333 1653 481 1702 primis
509 1652 688 1698 consule,
709 1652 761 1703 μὴ
796 1653 875 1702 εἰκῇ
900 1650 1081 1701 Ἄβυδον.
1140 1651 1318 1690 Interim
1345 1652 1448 1691 scias
1477 1652 1601 1690 huius
1632 1651 1756 1702 Regis
1775 1664 1872 1700 erga
1891 1652 1930 1688 te

334 1718 669 1757 beneuolentiam
689 1717 733 1756 in
761 1717 848 1756 dies
876 1717 1028 1767 augeri,
1051 1730 1230 1767 eumque
1256 1731 1381 1768 quam
1412 1717 1654 1767 saepissime
1676 1717 1818 1755 laudes
1837 1718 1930 1755 tuas

332 1783 588 1835 praedicare;
618 1785 657 1821 et
678 1783 787 1833 apud
808 1796 851 1821 se
871 1782 996 1821 habet
1016 1783 1087 1833 qui
1107 1783 1169 1821 tui
1189 1796 1273 1821 non
1293 1785 1393 1822 sunt
1412 1782 1687 1821 immemores.

387 1848 500 1888 Vale.
526 1862 577 1887 ex
598 1848 860 1887 Richmonte.
883 1848 1006 1886 nonis
1023 1847 1196 1897 Aprilis.

593 2009 690 2048 938.
752 2006 883 2048 FROM
918 2005 1179 2049 WOLFGANG
1210 2007 1463 2050 FABRICIUS
1494 2007 1677 2050 CAPITO.

382 2105 541 2142 Sculteti
556 2104 721 2141 Annales
737 2116 775 2150 p.
795 2114 849 2150 45.
1664 2105 1681 2150 <
1689 2104 1836 2151 Basle.>

1619 2165 1640 2199 8
1658 2163 1766 2208 April
1788 2173 1886 2208 1519.

381 2250 547 2291 [Printed
563 2251 611 2290 by
626 2249 811 2281 Abraham
834 2248 1014 2280 Scultetus
1037 2249 1076 2279 in
1101 2249 1159 2280 his
1182 2252 1325 2280 Annales
1341 2252 1513 2288 Euanyeliz'
1527 2253 1682 2291 renouati,
1701 2250 1929 2291 Heidelberg,

341 2296 422 2325 1618
438 2306 445 2325 ε
468 2295 640 2334 probably
658 2294 727 2333 (see
744 2293 802 2324 his
818 2293 949 2324 second
965 2293 1117 2333 preface)
1135 2293 1226 2324 from
1243 2302 1264 2324 a
1279 2293 1470 2325 collection
1488 2294 1526 2325 of
1538 2293 1695 2335 Capito's
1712 2293 1837 2326 letters
1852 2294 1930 2325 lent

338 2340 384 2378 by
400 2339 462 2370 Dr.
480 2338 669 2377 Wolfgang
692 2337 804 2367 Meier
828 2337 866 2367 of
886 2337 1001 2375 Basle,
1027 2336 1118 2368 from
1142 2337 1263 2367 which
1287 2347 1383 2368 came
1407 2337 1480 2368 also
1503 2337 1588 2370 LE2.
1614 2348 1669 2378 92,
1699 2348 1770 2377 150.
1818 2338 1932 2369 Meier

340 2382 564 2423 (1577-1653)
582 2390 653 2412 was
670 2391 689 2412 a
705 2382 803 2420 great
826 2380 1005 2420 grandson
1029 2380 1068 2410 of
1089 2381 1198 2411 Jacob
1220 2381 1352 2421 Meyer,
1373 2381 1560 2412 Holbein's
1582 2383 1839 2422 burgomaster,
1858 2381 1930 2413 and

338 2435 359 2456 a
382 2436 445 2456 son
469 2425 507 2456 of
530 2426 669 2465 Agneta
693 2424 829 2464 Capito,
855 2424 1045 2464 Wolfgang
1067 2423 1260 2455 Fabricius'
1285 2425 1460 2464 daughter
1474 2436 1482 2464 ;
1518 2435 1575 2456 see
1598 2428 1738 2458 Athenae
1760 2427 1931 2464 Ramicae,

338 2479 397 2509 pp.
414 2470 509 2508 85-7.
559 2469 595 2499 It
611 2478 692 2507 may
708 2468 886 2499 therefore
907 2468 946 2498 be
962 2467 1151 2507 presumed
1168 2468 1247 2499 that
1263 2468 1310 2498 he
1332 2468 1403 2499 had
1420 2469 1602 2500 inherited
1619 2469 1774 2509 Capito’s
1789 2478 1929 2509 papers,

339 2513 410 2543 and
438 2513 518 2543 that
552 2510 741 2543 Scultetus'
763 2511 916 2551 original
939 2521 1013 2541 was
1042 2511 1105 2542 the
1139 2511 1252 2551 rough
1283 2511 1378 2542 draft
1409 2512 1595 2551 preserved
1627 2513 1672 2552 by
1702 2513 1764 2543 the
1794 2513 1930 2544 writer.

340 2557 518 2588 Scultetus
540 2556 658 2596 places
682 2555 744 2585 the
768 2555 875 2585 letter
899 2556 938 2585 in
966 2564 1047 2594 1519
1071 2555 1144 2586 and
1168 2555 1374 2586 introduces
1397 2555 1427 2586 it
1443 2556 1533 2586 with
1558 2556 1622 2586 the
1638 2556 1774 2588 words:
1802 2557 1810 2573 ‘
1825 2556 1929 2587 Idem

339 2600 465 2640 Capito
483 2609 530 2630 VI.
552 2599 632 2630 idus
647 2598 783 2639 Aprilis
801 2598 846 2629 ad
863 2598 1049 2629 Erasmum
1063 2599 1102 2629 in
1124 2599 1217 2629 hanc
1234 2599 1450 2629 sententiam
1467 2599 1616 2631 scribit?
1660 2599 1735 2630 The
1752 2600 1833 2630 date
1848 2609 1931 2639 may

339 2644 381 2673 be
398 2643 562 2683 accepted
578 2644 617 2673 in
634 2643 726 2673 view
743 2641 781 2672 of
792 2642 856 2673 the
872 2652 1022 2673 concern
1038 2642 1093 2672 for
1108 2643 1244 2673 Luther
1259 2642 1474 2673 manifested
1492 2644 1538 2682 by
1553 2643 1679 2682 Capito
1695 2643 1735 2673 in
1752 2642 1834 2674 LE2.
1855 2652 1927 2683 150,

340 2687 409 2717 and
427 2688 464 2718 of
478 2687 535 2718 his
551 2686 798 2717 intervention
816 2688 852 2717 to
873 2686 980 2725 bring
999 2685 1137 2716 Luther
1154 2685 1225 2716 and
1242 2685 1411 2717 Erasmus
1433 2687 1595 2726 together
1616 2689 1653 2717 at
1669 2687 1743 2717 this
1760 2687 1850 2717 time
1868 2687 1926 2728 (cf.

381 2818 433 2847 30.
460 2808 511 2849 se]
528 2809 567 2838 in
591 2808 772 2839 Erasmus'
786 2809 1012 2849 paraphrase.
1169 2809 1231 2839 the
1248 2809 1356 2840 Court
1366 2819 1437 2840 was
1452 2812 1489 2840 at
1505 2810 1580 2841 this
1590 2811 1677 2841 time
1692 2821 1699 2848 ;
1723 2809 1766 2841 cf.
1785 2810 1930 2841 Brewer

384 2862 435 2890 39.
464 2851 595 2892 literis]
621 2852 691 2883 Not
720 2854 869 2891 extant3
904 2853 1006 2884 there
1030 2852 1102 2883 had
1169 2853 1220 2883 iii.
1245 2855 1402 2893 165‚197.
1451 2853 1519 2884 For
1531 2854 1595 2885 the
1608 2854 1728 2893 palace
1746 2853 1785 2883 of
1797 2854 1927 2892 Sheen,

342 2894 431 2925 been
462 2895 538 2925 talk
566 2895 604 2925 of
631 2905 651 2925 a
678 2895 763 2927 visit
793 2897 829 2926 to
860 2895 1025 2935 England
1063 2897 1099 2926 in
1170 2896 1302 2927 rebuilt
1319 2897 1366 2936 by
1385 2897 1514 2936 Henry
1535 2906 1588 2928 vn
1611 2898 1649 2927 in
1674 2907 1755 2936 1497
1780 2897 1852 2928 and
1875 2906 1929 2927 re-

342 2937 428 2976 Epp.
449 2939 519 2976 867.
541 2940 636 2977 85—7,
653 2940 725 2978 887.
749 2939 820 2977 7-8.
868 2939 920 2971 Cf.
939 2950 972 2979 p.
991 2941 1066 2979 578.
1169 2940 1301 2970 named
1319 2940 1411 2971 after
1424 2940 1481 2971 his
1494 2940 1651 2971 earldom
1669 2941 1708 2971 in
1721 2940 1929 2978 Yorkshire,

386 2990 436 3019 43-
465 2981 507 3019 μὴ
525 2982 607 3022 εἰκῇ]
626 2983 688 3013 See
705 2985 807 3021 Aclags.
824 2983 900 3022 693.
1171 2993 1228 3013 see
1236 2983 1298 3014 the
1311 2984 1445 3015 Victoria
1454 2986 1537 3015 Hz'st.
1551 2984 1767 3021 osSurreyiii.
1780 2993 1844 3023 533
1856 2993 1925 3022 seq.

385 3024 435 3061 46.
461 3024 694 3066 Richmonte]
733 3027 780 3057 In
804 3026 945 3066 Sum-ey,
981 3027 1101 3057 where
1172 3027 1206 3057 It
1223 3026 1287 3057 has
1303 3037 1386 3058 now
1403 3027 1531 3058 almost
1548 3028 1704 3067 entirely
1721 3026 1897 3067 perished.
