2034 3433
295 185 376 225 370
758 185 1013 224 LETTERS
1051 184 1122 223 oF
1160 185 1428 225 ERASMUS
1767 186 1894 240 [1518

294 290 385 327 tum
402 290 447 327 in
463 303 507 328 se
522 290 802 328 transformat.
854 288 988 326 Multa
1001 287 1159 327 Paulus
1174 288 1362 338 indulget
1374 289 1614 337 Corinthiis,
1632 290 1894 341 distinguens

296 354 466 393 interim
504 368 604 404 quae
639 353 812 392 Domini
858 353 1028 391 nomine
1065 356 1313 402 proponeret
1351 353 1547 403 perfectis
1587 357 1629 393 et
1673 368 1777 405 quae
1818 370 1894 395 suo

215 431 278 462 310
295 421 463 458 nomine
484 420 716 469 indulgeret
734 418 916 457 infirmis
935 433 944 467 3
972 419 1048 457 hac
1068 432 1140 468 spe
1159 420 1314 467 tamen,
1336 421 1385 457 vt
1408 419 1667 468 proficerent.
1729 421 1894 460 Galatas

293 484 443 522 iterum
461 484 651 534 parturit,
676 483 805 521 donec
825 484 870 521 in
891 483 952 521 eis
973 483 1177 522 formetur
1192 483 1396 523 Christus.

348 549 440 587 Iam
475 549 547 597 qui
578 548 741 598 putabit
771 548 883 586 hunc
917 548 1121 587 circulum
1155 548 1414 598 principibus
1444 549 1578 598 magis
1612 549 1891 597 tribuendum,

293 628 386 652 cum
408 614 485 652 hoc
506 627 589 652 non
604 614 731 652 fuerit
751 627 904 664 magna
923 614 1151 653 contentio.
1210 614 1379 653 Etenim
1400 614 1435 652 si
1454 627 1593 652 mores
1612 615 1890 664 aestimemus,

292 680 360 717 vix
394 679 498 718 alios
526 680 667 718 videas
696 679 873 717 crassius
902 679 1186 718 Christianos:
1229 680 1276 718 de
1310 679 1518 730 plerisque
1547 680 1704 729 loquor,
1729 694 1815 719 non
1843 681 1893 719 de

211 758 271 789 315
292 745 497 783 omnibus.
558 745 761 795 Quicquid
791 746 932 783 autem
961 746 1078 783 extra
1106 745 1279 783 tertium
1308 745 1513 783 circulum
1542 745 1632 790 erit,
1660 746 1703 784 id
1732 759 1894 797 semper

290 813 331 848 et
364 811 408 848 in
442 810 638 849 omnibus
673 811 974 849 detestandum.
1038 810 1156 859 Quod
1196 824 1326 861 genus
1361 813 1460 849 sunt
1493 811 1679 859 ambitio,
1703 811 1892 851 studium

289 876 498 925 pecuniae,
551 875 698 924 libido,
742 876 815 925 ira,
862 876 1058 925 vindicta,
1107 877 1276 925 inuidia,
1321 876 1585 923 obtrectatio,
1631 876 1893 927 reliquaeque

289 943 447 991 pestes:
490 942 562 980 sed
596 955 699 991 quae
727 943 819 980 tum
846 942 1017 981 demum
1043 943 1152 981 fiunt
1179 942 1519 990 immedicabiles,
1544 955 1639 980 cum
1665 943 1832 993 pietatis
1850 946 1892 981 et

289 1008 410 1045 officii
444 1020 619 1057 persona
655 1007 967 1046 commendatae
1001 1008 1046 1046 in
1082 1008 1313 1058 superiores
1347 1008 1524 1046 circulos
1557 1008 1771 1058 irrepunt;
1814 1009 1892 1047 hoc

209 1087 271 1117 320
289 1074 353 1111 est
372 1086 467 1111 cum
488 1073 673 1111 iusticiae
694 1073 877 1123 iurisque
896 1076 1112 1123 praetextu
1133 1076 1321 1113 nostram
1343 1086 1583 1112 exercemus
1608 1074 1888 1123 tyrannidem,

288 1152 382 1176 cum
412 1152 484 1188 per
517 1138 733 1188 religionis
761 1139 1019 1177 occasionem
1050 1138 1308 1177 consulimus
1338 1139 1538 1188 quaestui,
1563 1152 1660 1177 cum
1686 1139 1892 1178 Ecclesiae

288 1204 569 1242 defendendae
583 1204 710 1242 titulo
723 1204 987 1242 mundanum
1000 1218 1203 1243 venamur
1218 1205 1453 1253 imperium,
1470 1218 1565 1242 cum
1580 1204 1891 1254 praecipiuntur

287 1269 404 1307 velut
436 1269 487 1307 ad
522 1269 678 1308 Christi
713 1282 801 1307 rem
835 1269 1029 1308 facientia
1067 1283 1171 1320 quae
1207 1269 1452 1320 longissime
1490 1269 1644 1308 absunt
1677 1283 1701 1308 a
1735 1270 1891 1309 Christi

286 1335 483 1375 doctrina.
544 1334 728 1373 Proinde
762 1348 909 1384 scopus
942 1335 1139 1374 omnibus
1172 1338 1235 1374 est
1269 1336 1534 1385 ingerendus,
1556 1336 1607 1374 ad
1642 1349 1766 1385 quem
1800 1336 1890 1374 eni-

205 1416 266 1447 325
285 1402 440 1439 tantur.
498 1401 654 1450 Scopus
691 1403 833 1439 autem
873 1401 1022 1439 vnicus
1070 1403 1142 1448 est,
1184 1401 1380 1439 videlicet
1428 1401 1638 1449 Christus,
1676 1403 1719 1439 et
1761 1401 1888 1440 huius

284 1466 471 1504 doctrina
496 1465 734 1515 purissima.
795 1466 913 1514 Quod
940 1467 975 1504 si
1001 1479 1073 1515 pro
1100 1466 1268 1504 coelesti
1289 1480 1411 1517 scopo
1431 1469 1648 1505 terrenum
1667 1479 1885 1516 proponas,

285 1546 369 1570 non
405 1532 485 1571 erit
522 1532 573 1570 ad
613 1532 722 1581 quod
757 1533 865 1570 recte
906 1532 1088 1571 enitatur
1126 1533 1197 1582 qui
1242 1531 1460 1570 contendit
1498 1532 1708 1581 proficere.
1768 1531 1887 1580 Quod

284 1611 500 1636 summum
531 1599 604 1644 est,
626 1598 667 1635 id
702 1597 898 1636 omnibus
928 1599 991 1636 est
1023 1597 1333 1645 destinandum,
1354 1599 1400 1635 vt
1433 1598 1582 1636 saltem
1617 1610 1888 1647 assequamur

284 1663 519 1702 mediocria.
766 1657 769 1659 μ

204 1743 267 1774 330
340 1729 425 1767 Nec
445 1730 507 1767 est
538 1728 645 1778 quod
668 1728 802 1766 vllum
817 1728 928 1766 vitae
954 1741 1087 1778 genus
1113 1728 1164 1765 ab
1192 1728 1269 1766 hoc
1293 1742 1415 1778 scopo
1441 1727 1773 1767 submoueamus.
1833 1729 1886 1766 In

284 1794 498 1832 affectibus
530 1795 594 1831 est
622 1793 778 1832 Christi
807 1793 1018 1843 perfectio,
1039 1807 1124 1831 non
1155 1794 1199 1830 in
1219 1793 1331 1831 vitae
1356 1806 1532 1843 genere3
1562 1794 1605 1831 in
1633 1793 1786 1832 animis
1810 1796 1883 1840 est,

286 1873 369 1898 non
406 1860 450 1898 in
488 1858 627 1909 palliis
661 1860 733 1897 aut
767 1859 882 1898 cibis.
945 1859 1053 1897 Sunt
1090 1858 1200 1896 inter
1238 1859 1462 1897 monachos
1496 1872 1599 1908 quos
1634 1859 1706 1897 vix
1740 1859 1885 1909 recipit

283 1927 495 1963 extremus
522 1923 726 1971 circulus3
757 1927 798 1962 et
828 1926 969 1962 tamen
1000 1923 1049 1962 de
1078 1923 1198 1962 bonis
1234 1924 1391 1974 loquor,
1414 1924 1485 1962 sed
1517 1923 1711 1962 infirmis.
1775 1924 1885 1963 Sunt

282 1991 391 2028 inter
410 1990 599 2040 digamos
620 2003 723 2039 quos
743 1989 935 2028 Christus
956 1990 1091 2039 primo
1111 1990 1308 2039 dignatur
1328 1989 1492 2028 circulo.
1553 1989 1698 2039 Neque
1717 2003 1815 2029 vero
1835 1990 1886 2030 fit

202 2062 263 2093 335
282 2056 451 2094 interim
490 2055 567 2093 vlli
603 2055 713 2094 vitae
751 2055 1000 2104 professioni
1045 2055 1206 2101 iniuria,
1244 2055 1281 2092 si
1320 2055 1429 2104 quod
1478 2057 1542 2093 est
1589 2054 1797 2104 optimum
1839 2068 1884 2094 ac

282 2121 633 2172 perfectissimum
657 2121 850 2159 omnibus
868 2121 1128 2170 proponitur.
1179 2120 1272 2158 Nisi
1291 2120 1396 2159 forte
1416 2121 1538 2158 Plato
1559 2120 1885 2160 contumeliosus

282 2187 409 2225 fuisse
442 2189 613 2236 putatur
635 2186 680 2224 in
701 2186 860 2225 omneis
884 2186 1089 2234 ciuitates,
1106 2186 1302 2235 quoniam
1332 2186 1376 2224 in
1401 2185 1555 2224 Politia
1581 2199 1655 2224 sua
1680 2185 1885 2225 eiusmodi

281 2253 533 2303 reipublicae
568 2253 782 2302 proposuit
817 2251 1027 2301 exemplar
1061 2252 1182 2301 quale
1222 2251 1421 2290 hactenus
1447 2251 1585 2289 videre
1623 2264 1709 2289 non
1741 2251 1883 2299 licuit;

281 2321 352 2357 aut
371 2318 656 2366 Quintilianus
677 2318 919 2356 vniuersum
941 2319 1153 2355 oratorum
1177 2317 1368 2355 ordinem
1396 2316 1500 2363 lesit,
1521 2316 1592 2366 qui
1608 2316 1690 2355 tale
1715 2317 1884 2355 finxerit

201 2403 264 2434 340
281 2383 453 2422 oratoris
486 2384 696 2434 exemplar
734 2383 870 2433 qualis
910 2383 1046 2421 adhuc
1085 2383 1228 2421 nullus
1275 2382 1425 2420 extitit.
1485 2381 1638 2420 Procul
1685 2382 1784 2421 abes
1830 2383 1882 2422 ab

281 2450 503 2499 archetypo
517 2451 537 2488 ⁶?
566 2463 650 2487 non
671 2448 862 2496 reficeris,
880 2449 952 2487 sed
972 2448 1230 2486 extimularis
1250 2450 1295 2486 vt
1322 2448 1522 2498 proficias.
1584 2447 1678 2486 Non
1698 2448 1881 2487 multum

281 2515 405 2554 abes?
436 2515 677 2554 admoneris
696 2517 743 2553 vt
772 2514 939 2553 accedas
966 2514 1148 2564 propius.
1210 2513 1352 2563 Neque
1379 2514 1492 2551 enim
1514 2515 1734 2564 quisquam
1754 2527 1882 2565 vsque

282 2581 382 2618 adeo
402 2581 600 2630 processit
620 2583 667 2619 vt
687 2594 771 2618 non
793 2581 942 2618 habeat
961 2593 1042 2630 quo
1063 2579 1265 2629 proficiat.

335 2646 476 2684 Habet
496 2648 635 2684 autem
656 2645 981 2695 vnumquodque
1001 2645 1112 2683 vitae
1135 2658 1268 2694 genus
1288 2647 1463 2693 cognata
1483 2645 1684 2695 quaedam
1711 2644 1881 2694 degene-

202 2721 261 2752 345
281 2712 399 2749 randi
432 2712 625 2760 pericula.
687 2712 747 2749 Ea
774 2711 846 2760 qui
873 2711 1172 2749 commonstrat
1206 2724 1289 2748 non
1323 2711 1493 2760 derogat
1528 2710 1675 2757 ordini,
1694 2711 1763 2749 sed
1793 2724 1880 2748 rem

281 2777 438 2815 ordinis
482 2777 577 2827 agit.
638 2777 778 2815 Veluti
818 2776 1056 2826 principum
1096 2775 1276 2814 felicitas
1323 2776 1501 2814 obnoxia
1548 2778 1611 2814 est
1649 2775 1876 2824 tyrannidi,

281 2843 456 2881 obnoxia
488 2845 551 2881 est
588 2842 799 2889 stultitiae,
822 2842 1000 2880 obnoxia
1037 2841 1277 2889 adulationi,
1320 2842 1496 2880 obnoxia
1534 2841 1703 2880 deliciis.
1764 2841 1880 2880 Haec

282 2908 353 2956 qui
384 2909 682 2946 commonstrat
709 2907 892 2956 vitanda,
923 2907 1210 2945 benemeretur
1236 2907 1286 2945 de
1313 2907 1550 2957 principum
1579 2907 1734 2946 ordine.
1795 2906 1878 2945 Nec

327 3013 398 3042 313.
428 3006 571 3035 Etenim
591 3029 599 3036 .
616 3030 623 3036 .
645 3030 650 3036 .
669 3015 744 3045 315.
763 3006 929 3036 omnibus
946 3008 1017 3037 add.
1036 3007 1078 3036 II.
1207 3015 1280 3043 317.
1308 3006 1358 3036 ira
1378 3008 1460 3037 aH:
1487 3015 1544 3036 om.
1561 3006 1596 3039 β.
1721 3013 1795 3043 347.
1820 3004 1876 3033 ob-

284 3049 391 3078 noxia
408 3048 548 3079 deliciis
564 3052 638 3079 αιῑιῑ.
656 3052 698 3079 H.
