2034 3433
141 161 241 217 858]
718 164 789 203 'ro
829 164 984 203 PAUL
1022 164 1168 204 VOLZ
1659 166 1738 203 367

140 268 430 307 obsecundare.
491 268 609 316 Quod
630 268 665 306 si
685 267 778 318 quis
799 267 913 306 Isaac
932 271 1005 308 aut
1025 269 1062 306 si
1081 269 1176 319 quis
1195 282 1243 307 ex
1263 269 1391 307 huius
1409 268 1570 307 familia
1589 269 1738 308 foderit

139 334 420 384 repereritque
450 346 599 372 venam
633 332 817 383 aliquam
852 347 1011 382 puram,
1042 334 1233 384 protinus
1265 334 1511 384 obstrepunt
1539 348 1585 373 ac
1614 334 1737 374 recla-

139 401 270 449 mant,
296 399 579 450 intelligentes
607 411 699 437 eam
728 412 880 437 venam
909 399 1150 438 effecturam
1178 400 1315 447 lucris,
1341 399 1583 438 effecturam
1612 400 1738 438 ambi-

139 465 258 514 tioni,
281 465 446 504 etiamsi
473 477 549 514 pro
579 464 738 504 Christi
767 464 897 514 gloria
930 464 1063 503 faciat.
1124 465 1220 504 Mox
1258 467 1413 504 terram
1450 465 1659 513 iniiciunt,
1696 468 1737 504 et

139 532 334 580 corrupta
364 529 706 580 interpretatione
743 542 893 568 venam
928 529 1136 578 obturant,
1172 530 1370 569 fossorem
1406 531 1631 581 depellunt,
1666 532 1737 569 aut

139 596 200 635 ita
229 598 337 635 certe
366 595 456 634 luto
483 594 753 645 sordibusque
788 597 1063 644 conspurcant
1090 608 1239 644 aquam
1268 598 1316 634 vt
1345 596 1416 645 qui
1444 596 1541 635 inde
1569 595 1734 643 biberit,

138 661 236 711 plus
272 661 438 699 hauriat
475 660 570 698 limi
613 660 883 711 sordiumque
920 673 1044 710 quam
1083 660 1267 710 liquoris.
1348 661 1509 700 Nolunt
1546 662 1736 700 sitientes

139 726 346 765 iustitiam
374 727 423 765 de
451 739 555 776 puro
583 725 703 764 latice
732 726 885 770 bibere,
906 726 976 764 sed
1006 725 1217 764 adducunt
1246 740 1315 765 eos
1341 727 1392 764 ad
1418 740 1511 765 suas
1537 726 1735 766 cisternas

139 792 352 839 contritas,
375 804 478 841 quae
505 791 654 829 rudera
681 791 848 837 habent,
871 804 1022 840 aquam
1053 804 1135 829 non
1165 791 1333 830 habent.
1376 792 1456 830 Sed
1485 795 1624 830 tamen
1653 805 1737 831 non

140 859 302 906 oportet
319 869 537 906 germanos
557 870 706 906 pueros
730 856 856 904 Isaac,
880 857 956 894 hoc
975 859 1038 895 est
1058 870 1176 895 veros
1196 857 1353 896 Christi
1378 858 1569 904 cultoreS,
1590 858 1640 896 ab
1660 858 1736 896 hoc

140 922 277 961 labore
305 922 533 972 defatigari.
595 921 703 960 Nam
732 922 844 960 inter
868 921 944 960 hos
969 935 1128 972 quoque
1148 922 1294 961 volunt
1319 923 1463 962 haberi
1486 924 1557 973 qui
1583 926 1735 963 terram

139 987 335 1038 ingerunt
355 987 620 1038 Euangelicis
639 987 837 1036 fontibus,
860 988 961 1026 adeo
981 990 1027 1027 vt
1045 988 1157 1026 inter
1176 988 1435 1027 Christianos
1455 989 1540 1027 iam
1560 989 1735 1027 minime

139 1055 281 1092 tutum
314 1053 370 1092 sit
404 1053 620 1092 Christum
653 1067 753 1103 pure
792 1053 944 1091 docere.
1004 1054 1187 1092 Tantum
1221 1054 1489 1093 inualuerunt
1522 1054 1731 1103 Philistei,

140 1132 213 1168 pro
239 1121 350 1157 terra
377 1118 678 1169 belligerantes,
700 1132 776 1169 pro
802 1119 1048 1157 coelestibus
1075 1120 1247 1168 terrena,
1270 1133 1345 1170 pro
1372 1120 1530 1158 diuinis
1553 1120 1737 1159 humana

140 1184 450 1234 praedicantes3
479 1184 556 1223 hoc
589 1186 650 1222 est
680 1197 765 1222 non
794 1197 841 1222 ea
870 1197 972 1234 quae
1001 1185 1157 1223 faciunt
1186 1185 1235 1223 ad
1265 1185 1422 1223 Christi
1450 1185 1639 1235 gloriam,
1665 1185 1735 1223 sed

141 1263 243 1299 quae
276 1250 326 1288 ad
362 1250 531 1288 illorum
565 1252 785 1299 quaestum
820 1250 892 1299 qui
927 1250 1260 1299 condonationes,
1300 1251 1371 1300 qui
1405 1251 1734 1300 compositiones,

142 1315 212 1364 qui
224 1315 555 1364 dispensationes
569 1314 814 1365 similesque
826 1316 1149 1365 cauponationes
1164 1316 1388 1354 redimunt.
1434 1316 1565 1365 quue
1578 1316 1737 1354 faciunt
1757 1332 1770 1351 2
1802 1332 1812 1338 -

142 1380 219 1418 hoc
262 1380 534 1430 periculosius
572 1381 678 1431 quod
716 1381 804 1418 suis
846 1380 1144 1430 cupiditatibus
1189 1394 1439 1430 magnorum
1484 1381 1733 1431 principum,

142 1445 298 1483 summi
336 1445 565 1493 Pontificis,
600 1443 724 1495 atque
762 1446 895 1496 ipsius
932 1446 1058 1484 etiam
1097 1446 1254 1484 Christi
1294 1446 1440 1485 titulos
1477 1448 1733 1497 praetexunt.

141 1510 275 1560 Atqui
312 1524 437 1549 nemo
473 1511 614 1550 verius
650 1511 807 1550 summi
844 1511 1066 1549 Pontificis
1107 1512 1193 1561 agit
1240 1512 1459 1561 negocium
1503 1525 1628 1562 quam
1667 1513 1736 1562 qui

142 1575 361 1614 coelestem
395 1576 553 1615 Christi
585 1576 897 1626 philosophiam
930 1590 1033 1626 pure
1064 1577 1203 1625 tradit,
1238 1577 1355 1615 cuius
1385 1577 1456 1616 ille
1486 1578 1648 1627 primus
1675 1580 1738 1616 est

142 1641 292 1680 doctor.
351 1642 484 1680 Nemo
505 1642 554 1680 de
573 1641 829 1692 principibus
849 1642 1001 1680 melius
1026 1645 1211 1680 meretur
1229 1655 1353 1693 quam
1373 1644 1446 1693 qui
1473 1643 1544 1682 dat
1570 1656 1737 1694 operam

142 1708 188 1745 vt·
220 1707 364 1757 populi
400 1721 465 1746 res
495 1721 619 1758 quam
652 1707 833 1746 maxime
866 1708 1039 1746 floreant
1072 1710 1114 1746 et
1147 1721 1271 1757 quam
1305 1708 1483 1747 minima
1516 1708 1737 1758 tyrannide

142 1774 397 1822 premantur.

197 1837 278 1876 Sed
305 1838 545 1877 reclamabit
573 1838 640 1877 hic
672 1838 826 1889 aliquis
852 1852 873 1876 e
907 1838 1142 1877 scholarum
1176 1839 1440 1888 agminibus:
1481 1838 1642 1877 ‘Facile
1675 1840 1736 1878 est

143 1902 277 1940 cuiuis
305 1903 353 1941 in
381 1916 528 1952 genere
555 1903 786 1953 praecipere
815 1903 913 1954 quid
947 1904 1217 1953 sequendum,
1249 1905 1350 1955 quid
1383 1904 1656 1955 fugiendum3
1694 1906 1736 1941 at

144 1967 243 2022 quid
271 1967 443 2007 interim
480 1969 795 2019 respondebitur
828 1969 880 2008 iis
909 1970 980 2018 qui
1009 1969 1060 2008 de
1088 1972 1150 2008 tot
1179 1970 1351 2017 euentis‚
1387 1970 1438 2009 de
1476 1971 1537 2008 tot
1576 1969 1738 2008 casibus

145 2033 421 2072 consulunt?'
449 2034 654 2083 Primum,
676 2034 818 2085 plures
843 2037 944 2073 sunt
967 2048 1108 2073 rerum
1133 2036 1412 2075 humanarum
1434 2035 1591 2085 species
1612 2047 1738 2085 quam

145 2100 190 2135 vt
224 2098 276 2135 ad
307 2098 492 2148 singulas
523 2088 685 2148 possint
717 2099 859 2138 haberi
893 2102 1003 2138 certa
1036 2114 1242 2150 responsa.
1314 2101 1485 2147 Deinde,
1523 2101 1642 2139 tanta
1675 2101 1737 2138 est

144 2163 551 2202 circumstantiarum
584 2165 760 2203 varietas
793 2166 840 2202 vt
872 2165 957 2203 nisi
989 2165 1059 2203 his
1093 2166 1272 2215 cognitis
1310 2179 1362 2204 ne
1399 2166 1532 2216 possit
1570 2165 1736 2215 quidem

145 2230 305 2266 certum
339 2229 586 2278 responderi.
646 2229 874 2277 Postremo,
910 2230 1020 2268 haud
1055 2230 1139 2268 scio
1172 2244 1226 2268 an
1258 2231 1331 2269 isti
1363 2233 1525 2269 certum
1557 2230 1739 2269 habeant

146 2293 255 2343 quod
284 2293 571 2342 respondeant,
593 2295 837 2343 praesertim
856 2308 952 2332 cum
975 2295 1026 2332 de
1046 2295 1252 2345 plerisque
1270 2296 1381 2334 inter
1404 2310 1449 2334 se
1473 2295 1734 2334 dissentiant.

146 2359 202 2397 Et
233 2359 305 2408 qui
334 2358 378 2396 in
406 2358 484 2397 hoc
511 2372 660 2408 genere
688 2360 939 2398 cordatiores
969 2362 1079 2407 sunt,
1113 2373 1196 2398 non
1224 2361 1283 2399 ita
1311 2361 1558 2410 respondere
1587 2359 1735 2407 solent,

149 2424 264 2462 ‘Hoc
297 2423 430 2468 facies,
461 2424 538 2462 hoc
567 2425 727 2474 fugies,’
757 2424 829 2463 sed
864 2424 980 2463 ‘Hoc
1018 2424 1151 2462 tutius
1180 2427 1245 2463 est
1272 2439 1364 2464 mea
1392 2425 1611 2472 sententia,
1644 2424 1737 2463 Hoc

145 2489 327 2527 arbitror
358 2488 571 2527 tolerabile
584 2490 606 2527 ³.
667 2490 783 2538 Quod
815 2489 853 2527 si
886 2489 1007 2528 nobis
1041 2489 1151 2528 adsit
1181 2490 1359 2540 simplex
1391 2503 1437 2529 ac
1470 2490 1633 2528 lucidus
1666 2489 1737 2528 ille

147 2553 292 2593 oculus
322 2568 373 2592 ex
401 2554 639 2604 Euangeli0‚
670 2555 708 2593 si
736 2556 885 2594 domus
916 2556 1049 2593 animi
1076 2568 1200 2605 purae
1228 2556 1324 2594 fidei
1353 2556 1562 2594 lucernam
1591 2555 1738 2594 habeat

148 2620 392 2658 candelabro
419 2620 671 2670 impositam,
693 2620 813 2659 facile
841 2621 1006 2659 minuta
1034 2620 1113 2659 ista
1143 2634 1216 2659 ceu
1246 2621 1419 2659 nebulae
1448 2620 1734 2659 discutientur.

148 2684 193 2723 Si
212 2684 324 2722 adsit
342 2684 603 2724 Christianae
626 2685 839 2724 charitatis
863 2686 1015 2735 regula,
1037 2686 1086 2724 ad
1111 2686 1218 2724 hanc
1242 2686 1383 2725 omnia
1408 2686 1528 2724 facile
1548 2697 1738 2735 exaequa-

147 2749 317 2787 buntur.
377 2751 438 2787 At
466 2750 564 2800 quid
593 2751 718 2789 facias
747 2764 842 2789 cum
871 2751 971 2790 haec
999 2751 1140 2800 regula
1173 2751 1376 2801 pugnabit
1410 2764 1504 2789 cum
1538 2751 1603 2789 his
1636 2763 1739 2800 quae

149 2816 250 2852 sunt
286 2814 450 2864 publico
491 2815 723 2854 seculorum
767 2829 845 2855 vsu
885 2819 1056 2866 recepta,
1100 2830 1261 2866 queque
1302 2816 1538 2866 principum
1577 2815 1738 2865 legibus

171 2913 276 2986 (1292
293 2921 351 2943 eos
367 2914 438 2943 add.
455 2914 498 2943 H.
622 2922 694 2952 205.
720 2914 782 2952 qui
799 2913 1084 2954 dispensationes
1101 2916 1176 2944 add.
1198 2916 1235 2943 II.
1358 2923 1431 2953 215.
1459 2913 1501 2944 de
1514 2918 1582 2950 post
1596 2913 1739 2945 euentis

149 2965 169 2985 α
216 2980 223 2986 .
276 2979 283 2986 .

694 3035 765 3073 196.
790 3033 978 3074 cisternas]
1003 3034 1074 3064 Jer.
1096 3044 1126 3065 2.
1149 3043 1196 3072 13.

1760 345 1819 377 190

1760 673 1817 705 195

1757 1005 1818 1026 200

1759 1657 1820 1679 210

1760 1981 1819 2012 215

1759 2306 1826 2327 220

1759 2632 1818 2664 ²25
