2034 3433
108 174 208 228 860]
629 175 699 214 ΤΟ
737 175 974 215 ΑΝΤΟΝῩ
1013 176 1184 216 PUCCI
1619 179 1696 216 381

105 292 151 318 os
189 278 460 318 obturabitur.
534 277 851 328 Responderant
889 278 970 318 duo
1008 279 1246 319 Cardinales
1284 293 1357 330 per
1398 293 1500 330 quos
1543 281 1702 330 primae

104 343 325 384 aeditionis
339 344 536 383 volumen
556 342 785 382 obtuleram
800 343 1061 383 sanctissimo
1077 345 1126 383 D.
1143 343 1192 382 N.
1241 344 1434 383 Andreas
1448 346 1700 384 Ammonius

106 408 280 448 alteram
299 409 522 460 epistolam
544 408 626 447 huc
652 407 780 456 misit,
803 421 850 447 ea
870 409 1017 458 periit:
1056 409 1231 448 alteram
1251 409 1443 458 seruauit,
1466 423 1568 460 quae
1589 424 1701 449 nunc

106 487 190 514 vna
223 487 319 513 cum
351 474 443 524 ipso
477 474 611 524 periit.
671 473 927 523 Scripsimus
964 474 1040 512 hac
1079 475 1129 513 de
1167 488 1210 513 re
1249 477 1346 513 ante
1383 475 1579 525 pauculos
1615 475 1703 514 dies

108 540 156 579 R.
180 540 298 580 Card.
323 539 522 578 Grimano
542 540 584 577 et
602 538 734 577 Paulo
755 538 990 578 Bombasio.
1723 555 1763 585 30

162 604 291 644 Porro
311 618 363 643 ne
378 604 472 654 quis
490 603 710 654 scrupulus
723 603 872 642 habeat
886 604 1076 642 animum
1097 607 1228 652 tuum,
1246 605 1376 644 studii
1395 606 1477 644 mei
1497 606 1701 645 rationem

106 671 249 721 paucis
284 682 499 720 exponam.
557 668 728 709 Collatis
765 669 914 707 multis
954 670 1206 708 Graecorum
1239 671 1556 721 exemplaribus,
1594 673 1702 722 quod

107 735 451 786 syncerissimum
470 734 689 774 videbatur
707 734 849 782 secuti,
873 734 1077 773 vertimus
1097 735 1255 783 Latine,
1280 738 1547 787 nostramque
1566 737 1703 776 tradu-

108 801 289 840 ctionem
313 800 480 839 Graecis
502 800 782 847 adiunximus,
809 813 889 850 quo
914 799 1056 838 lectori
1079 803 1322 850 promptum
1347 802 1401 839 sit
1425 802 1632 850 conferre3
1662 805 1703 841 et

107 866 168 904 ita
208 865 414 905 vertimus
457 867 503 903 vt
546 864 731 914 primum
778 865 1075 913 studuerimus,
1117 865 1250 915 quoad
1297 865 1427 913 licuit,
1470 867 1701 917 integritati
1723 881 1762 912 35

108 931 313 970 sermonis
341 930 532 987 Romani,
561 929 633 968 sed
656 929 859 968 incolumi
888 933 1028 969 tamen
1058 931 1290 981 Apostolici
1316 932 1520 971 sermonis
1548 932 1704 983 simpli-

108 995 244 1035 citate.
303 995 462 1034 Deinde
489 995 680 1033 dedimus
705 1008 873 1044 operam
896 997 943 1034 vt
967 1009 1071 1046 quae
1099 996 1214 1045 prius
1237 996 1434 1035 lectorem
1456 998 1703 1047 torquebant

108 1061 174 1100 vel
203 1059 510 1111 amphibologia
537 1060 604 1099 vel
634 1059 882 1099 obscuritate
912 1061 1118 1099 sermonis
1152 1061 1218 1099 vel
1250 1062 1451 1101 orationis
1484 1062 1600 1102 vitiis
1632 1067 1703 1102 aut

108 1125 394 1174 incommodis,
434 1126 518 1163 iam
557 1126 776 1175 explanata
810 1126 896 1164 sint
929 1138 975 1164 ac
1014 1125 1219 1173 dilucida3
1259 1126 1496 1176 parcissime
1535 1128 1704 1167 interim

109 1192 344 1230 recedentes
363 1205 386 1230 a
399 1191 548 1239 verbis,
563 1204 586 1229 a
601 1204 728 1229 sensu
748 1203 976 1241 nusquam:
1008 1204 1132 1240 quem
1152 1194 1293 1230 tamen
1313 1205 1396 1230 non
1413 1206 1463 1230 ex
1482 1193 1706 1243 nobisipsis
1723 1208 1766 1239 40

108 1257 377 1303 somniamus,
391 1256 462 1295 sed
476 1269 526 1294 ex
539 1255 727 1307 Origene,
744 1256 910 1304 Basilio,
922 1256 1230 1307 Chrysostomo,
1246 1257 1414 1307 Cyrillo,
1430 1258 1701 1309 Hieronymo,

109 1322 332 1373 Cypriane,
369 1321 608 1369 Ambrosio,
649 1321 889 1371 Augustino
930 1321 1123 1371 petimus.
1193 1322 1480 1361 Adiunximus
1520 1324 1704 1363 Annota-

109 1387 247 1426 tiones
267 1388 351 1426 iam
370 1386 652 1437 locupletatas,
672 1387 717 1425 in
732 1386 881 1437 quibus
897 1387 1092 1426 docemus
1111 1387 1307 1426 lectorem
1324 1389 1422 1438 quid
1437 1403 1517 1439 quo
1536 1389 1705 1428 consilio

109 1453 242 1492 secuti
270 1453 415 1500 simus,
446 1465 608 1502 semper
637 1455 826 1491 veterum
859 1454 1053 1492 autorum
1082 1453 1172 1491 nixi
1200 1455 1421 1493 sententia.
1479 1455 1704 1505 Vulgatam

109 1519 216 1557 hanc
231 1517 483 1556 aeditionem
498 1530 582 1556 non
596 1517 1030 1568 conuellimus—-quae
1044 1521 1185 1557 tamen
1200 1519 1317 1558 cuius
1332 1520 1386 1559 sit
1401 1521 1610 1559 incertum
1622 1522 1705 1567 est;
1725 1535 1764 1567 45

109 1583 273 1622 etiamsi
297 1585 558 1633 compertum
581 1585 643 1621 est
668 1596 744 1622 nec
769 1583 967 1633 Cypriani
991 1596 1080 1622 esse
1105 1597 1178 1622 nec
1203 1585 1419 1624 Ambrosii
1448 1598 1523 1624 nec
1552 1585 1707 1624 Hilarii

109 1662 185 1688 nec
217 1648 447 1699 Augustini
478 1661 553 1687 nec
586 1647 963 1698 Hieronymi—sed
995 1649 1229 1688 indicamus
1264 1650 1335 1689 vbi
1369 1651 1425 1689 sit
1459 1651 1706 1700 deprauata;

109 1715 408 1754 submonentes
442 1714 573 1753 sicubi
603 1714 825 1765 insigniter
857 1715 1101 1754 dormitauit
1133 1715 1346 1766 interpres,
1385 1717 1638 1766 explicantes
1671 1719 1705 1755 si

109 1780 211 1831 quid
239 1780 481 1819 inuolutum
510 1793 557 1818 ac
584 1780 812 1830 spinosum.

165 1845 210 1884 Si
230 1846 456 1895 optandum
477 1847 539 1884 est
551 1846 597 1883 vt
613 1844 776 1884 diuinos
794 1844 924 1884 libros
944 1845 1168 1884 habeamus
1185 1859 1310 1896 quam
1331 1848 1702 1895 emendatissimos,
1726 1862 1766 1892 50

110 1910 179 1949 hic
206 1923 324 1949 meus
351 1910 467 1949 labor
495 1923 581 1949 non
608 1909 746 1949 solum
773 1910 969 1949 amolitur
996 1911 1168 1950 mendas
1191 1925 1404 1951 sacrorum
1427 1912 1703 1959 voluminum,

110 1975 385 2014 verumetiam
414 1975 548 2014 obstat
577 1988 628 2013 ne
661 1975 830 2024 posthac
860 1978 1011 2025 queant
1041 1976 1268 2026 deprauari.
1329 1978 1372 2016 Si
1403 1977 1632 2027 optandum
1660 1981 1705 2016 vt

111 2042 220 2079 recte
239 2040 538 2089 intelligantur,
562 2040 784 2090 plusquam
807 2044 1020 2080 sexcentos
1040 2042 1151 2080 locos
1176 2042 1416 2092 aperuimus
1439 2043 1611 2081 antehac
1632 2056 1704 2081 nec

111 2119 135 2144 a
162 2105 323 2155 magnis
349 2105 582 2143 intellectos
610 2105 825 2154 theologis.
881 2106 1081 2145 Fatentur
1109 2106 1198 2155 ipsi,
1233 2120 1381 2157 negare
1408 2121 1492 2146 non
1520 2111 1704 2158 possunt.

113 2170 158 2209 Si
186 2170 416 2219 optandum
444 2172 491 2208 vt
519 2170 617 2208 huic
646 2170 907 2219 disputati-ici
937 2171 1178 2221 theologiae,
1212 2185 1314 2222 quae
1343 2171 1449 2222 pene
1482 2173 1577 2223 plus
1607 2174 1708 2212 satis
1727 2186 1765 2219 55

112 2234 242 2285 pollet
261 2235 305 2272 in
325 2234 490 2281 scholis,
513 2234 678 2273 accedat
696 2235 878 2273 fontium
899 2236 1092 2286 cognitio,
1115 2236 1195 2274 huc
1222 2237 1483 2286 peculiariter
1507 2237 1583 2276 hoc
1604 2251 1706 2288 opus

113 2299 318 2339 conducit.
379 2299 554 2338 Nullum
580 2299 707 2349 igitur
728 2299 859 2338 studii
884 2313 1014 2350 genus
1042 2300 1220 2339 laeditur
1245 2301 1324 2339 hoc
1347 2315 1438 2340 meo
1463 2302 1614 2352 labore,
1637 2305 1707 2342 sed

111 2364 364 2404 adiuuantur
388 2364 540 2403 omnia.
599 2365 849 2403 Graecorum
882 2365 1102 2404 lectionem
1134 2366 1229 2404 licet
1259 2366 1412 2416 vbique
1444 2368 1704 2416 verterimus,

113 2443 198 2468 non
228 2432 368 2468 tamen
401 2428 554 2479 vbique
583 2429 829 2479 probamus:
868 2430 970 2480 quin
1004 2433 1190 2469 nostram
1229 2431 1383 2470 alicubi
1420 2433 1704 2482 praeferimus,

114 2507 277 2544 semper
299 2494 529 2533 indicantes
555 2494 627 2533 vbi
652 2494 870 2544 scriptores
894 2495 1110 2534 orthodoxi
1138 2496 1279 2535 Latini
1303 2510 1399 2535 cum
1424 2498 1591 2536 Graecis
1616 2511 1707 2537 con·
1725 2501 1767 2533 60

114 2560 296 2599 sentiant
325 2561 396 2598 aut
423 2558 682 2598 dissentiant.
742 2561 874 2599 Porro
904 2560 1096 2600 lectionis
1125 2561 1301 2600 varietas
1334 2575 1419 2601 non
1451 2562 1588 2601 solum
1622 2576 1706 2602 non

158 2672 211 2701 27.
235 2661 460 2694 sanctiSsimo
477 2662 518 2694 D.
538 2662 579 2695 N.
596 2666 645 2694 E:
669 2662 777 2694 Leoni
794 2662 956 2703 pontifici
972 2665 1014 2694 Η.
1161 2673 1213 2702 3ο.
1239 2663 1279 2694 R.
1297 2674 1354 2694 om.
1373 2666 1415 2694 H.
1559 2674 1611 2704 33.
1636 2666 1706 2695 tra-

115 2706 324 2737 ductionem
339 2708 388 2736 E:
412 2706 689 2737 translationem
704 2709 750 2738 H.
881 2708 934 2739 61.
962 2716 1033 2737 non
1049 2710 1115 2743 pos?
1135 2707 1253 2738 solum
1270 2710 1344 2738 add.
1362 2710 1390 2738 F
1404 2710 1516 2745 Corriy.

159 2806 211 2836 26.
235 2805 460 2845 Cardinales]
479 2804 530 2837 Cf.
547 2805 610 2846 Ep.
624 2805 698 2845 835.
718 2815 756 2846 13
773 2816 807 2837 n.
944 2806 974 2836 is
991 2805 1156 2845 repeated
1173 2805 1266 2836 from
1284 2805 1372 2846 Epp.
1389 2815 1464 2846 373,
1483 2807 1559 2845 384.

159 2849 211 2881 28.
236 2847 402 2888 alteram]
419 2848 481 2888 Ep.
498 2858 574 2888 340.
986 2857 1039 2887 35.
1062 2848 1113 2879 ita
1143 2849 1332 2890 vertimus]
1362 2850 1409 2880 In
1438 2852 1512 2881 Luc.
1543 2852 1616 2881 Iml.
1646 2850 1706 2881 the

203 2891 369 2932 alteram]
387 2892 438 2923 Of.
456 2892 519 2931 Ep.
537 2901 600 2931 334
622 2892 755 2925 introd.
943 2891 1075 2923 second
1090 2891 1228 2923 edition
1245 2892 1275 2923 is
1290 2893 1472 2923 described
1484 2902 1522 2924 as
1541 2893 1708 2923 ‘liberius

159 2945 211 2975 30.
236 2934 440 2975 Bombasio]
471 2935 546 2966 The
576 2936 684 2967 letter
720 2936 752 2967 is
781 2935 851 2968 lost
868 2946 875 2973 ;
945 2945 1098 2974 versum,
1133 2936 1183 2966 ita
1211 2938 1250 2966 vt
1280 2945 1396 2967 sermo
1422 2937 1520 2967 totus
1556 2936 1707 2967 Latinae

116 2979 182 3010 but
198 2980 246 3010 its
262 2980 342 3010 date
359 2980 390 3009 is
405 2979 512 3018 given
528 2979 577 3019 by
598 2979 662 3020 Ep.
677 2980 751 3018 865.
772 2990 800 3012 1.
945 2979 1143 3009 mundiciei
1160 2979 1204 3010 sit
1221 2979 1394 3018 redditus,
1413 2979 1512 3010 salua
1535 2979 1706 3021 simplici-

159 3031 213 3062 31.
228 3021 422 3063 rationem]
435 3022 541 3054 Much
552 3023 590 3053 of
598 3023 671 3055 this
681 3023 877 3064 paragraph
947 3024 1020 3053 tate
1036 3022 1205 3054 dictionis
1221 3023 1444 3062 Apostolicae
1457 3023 1476 3054 ’.
