2034 3433
132 164 230 219 844]
716 164 786 202 'ro
823 165 973 205 JOHN
1012 164 1126 204 ΕΟΚ
1638 165 1717 204 337

133 282 218 307 non
238 269 450 316 σολοικίζει,
466 280 550 306 11011
569 267 720 317 ineptit
738 267 962 317 pueriliter.
1024 265 1078 304 Et
1092 270 1232 306 tamen
1248 269 1511 317 Augustinus
1532 269 1718 308 Tullium

130 334 513 384 philosophastrum
527 334 656 381 vocat,
671 332 760 382 ipse
774 333 967 371 videlicet
982 332 1255 382 philosophus
1272 347 1282 380 3
1310 346 1407 372 cum
1421 333 1503 382 ille,
1520 335 1565 372 ni
1584 333 1715 381 fallor,

131 399 343 449 aliquanto
374 399 470 449 plus
500 398 647 448 legerit
676 398 720 435 in
750 397 905 436 Graeca
934 397 1197 448 philosophia
1226 411 1351 448 quam
1379 399 1645 449 Augustinus
1674 400 1719 437 in

132 464 251 503 libris
272 464 410 503 sacris.

185 530 360 568 Possem
395 529 440 566 in
476 528 584 566 hanc
616 529 776 577 partem
809 526 958 566 multis
995 527 1098 565 locis
1141 527 1390 567 nominatim
1428 543 1477 568 ex
1506 528 1720 579 vtriusque

133 592 251 632 libris
282 593 328 631 in
359 592 548 631 medium
585 591 773 630 adductis
811 593 948 630 tecum
980 604 1110 640 agere.
1168 591 1247 630 Sed
1281 606 1414 642 neque
1449 593 1609 644 patitur
1644 593 1720 632 hoc

133 657 329 709 epistolae
365 657 527 704 modus,
549 658 591 695 et
628 655 859 706 periculum
892 656 948 694 sit
981 670 1033 695 ne
1061 656 1130 695 cui
1149 657 1289 695 videar
1321 658 1363 696 id
1397 659 1543 709 cupide
1575 659 1717 705 facere,

135 724 184 762 iis
204 722 276 773 qui
294 722 532 772 Augustino
557 721 770 770 impendio
795 721 965 759 fauent:
995 722 1062 759 cui
1087 734 1162 770 ego
1188 735 1272 760 non
1299 723 1438 762 minus
1457 724 1576 762 faueo
1597 737 1721 773 quam

135 788 196 827 illi
215 788 303 838 (qui
329 787 514 826 fortassis
543 788 584 824 et
612 785 855 835 diligentius
882 785 1005 824 illum
1033 786 1115 836 legi
1143 789 1184 825 et
1199 787 1278 825 viri
1309 788 1425 827 dotes
1449 789 1571 838 paulo
1596 789 1722 826 altius

136 852 319 904 perspexi
338 865 461 903 quam
480 852 559 901 illi)
578 851 651 901 qui
677 851 806 889 nullis
830 850 951 889 bonis
978 851 1111 891 literis
1129 853 1323 892 instructi
1341 855 1508 892 tantum
1528 854 1723 892 veritates

133 918 305 968 aliquot,
326 919 373 955 vt
391 916 456 954 illi
474 918 633 964 vocant,
655 915 929 954 tumultuario
955 916 1092 954 studio
1112 917 1348 966 decerpunt.
1407 918 1515 966 Quid
1535 917 1627 956 aliis
1645 930 1723 956 vsu

134 982 276 1022 veniat
305 981 467 1029 nescio3
509 980 555 1019 in
583 993 650 1018 me
679 984 787 1018 certe
817 980 1022 1030 comperio
1055 982 1165 1030 quod
1192 982 1336 1030 dicam,
1363 982 1488 1021 ‘Plus
1512 996 1580 1021 me
1609 983 1723 1021 docet

135 1047 393 1086 Christianae
448 1045 732 1096 philosophiae
778 1044 899 1083 vnica
956 1044 1147 1094 Origenis
1204 1048 1353 1097 pagina
1410 1060 1532 1098 quam
1584 1048 1723 1086 decem

134 1111 388 1162 Augustini.'
444 1110 500 1148 Et
532 1111 691 1159 praeter
728 1108 949 1158 Origenem
985 1111 1072 1148 tam
1105 1111 1261 1149 multos
1289 1114 1570 1162 praeceptores
1601 1111 1725 1150 habet

135 1176 432 1226 Hieronymus.
490 1175 546 1212 Et
570 1176 711 1213 tamen
736 1174 1024 1223 Augustinum
1051 1175 1111 1213 sic
1133 1188 1226 1214 amo
1252 1178 1299 1215 vt
1322 1177 1367 1214 in
1386 1177 1582 1216 aedendis
1600 1176 1725 1215 huius

136 1240 423 1279 voluminibus
442 1238 640 1277 tentarim
660 1238 769 1288 quod
790 1238 834 1276 in
853 1238 1116 1288 Hieronymo
1133 1241 1426 1290 praestitimus

188 1304 369 1344 Proinde
387 1306 434 1343 vt
458 1304 613 1352 finiam,
638 1302 913 1341 eruditissime
942 1303 1056 1351 Ecki,
1079 1306 1430 1354 quemadmodum
1456 1319 1524 1344 me
1549 1305 1727 1344 hortaris

136 1384 188 1409 ne
225 1370 438 1409 obscurem
471 1368 700 1418 Augustini
737 1368 1078 1418 gloriam—quod
1116 1370 1216 1409 adeo
1252 1384 1337 1409 non
1376 1371 1479 1409 facio
1517 1371 1563 1408 vt
1601 1370 1726 1409 etiam

135 1435 386 1474 illustratam
415 1433 644 1482 cupiam—,
674 1433 733 1470 ita
752 1432 934 1471 vicissim
964 1436 1004 1471 te
1034 1433 1177 1473 hortor
1196 1448 1248 1473 ne
1270 1435 1461 1473 obscures
1479 1434 1727 1485 Hieronymi

135 1499 321 1549 gloriam,
362 1498 434 1548 qui
481 1498 622 1547 ipsum
668 1498 954 1547 Augustinum
1007 1498 1264 1548 illustrauit;
1320 1500 1471 1550 quippe
1518 1499 1590 1549 qui
1635 1500 1727 1538 tum

135 1564 401 1603 vehementer
419 1563 616 1612 proficere
636 1563 822 1612 coeperit,
845 1565 1114 1613 posteaquam
1134 1577 1228 1603 cum
1248 1564 1508 1614 Hieronymo
1526 1563 1723 1603 conflixit.

137 1630 231 1669 Imo
250 1628 340 1679 pari
364 1628 504 1667 studio
530 1628 676 1666 demus
703 1641 868 1678 operam
887 1630 934 1667 vt
953 1629 1100 1667 ambos
1126 1642 1251 1680 quam
1269 1630 1451 1669 maxime
1470 1630 1728 1668 illustremus

137 1695 204 1734 vel
222 1694 438 1733 imitemur
455 1693 606 1743 potius.
665 1691 762 1743 Ipse
783 1693 884 1731 olim
903 1693 1143 1733 adolescens
1160 1695 1206 1733 in
1221 1708 1267 1735 ea
1281 1695 1343 1733 fui
1362 1694 1567 1734 sententia
1585 1694 1631 1732 in
1650 1707 1729 1744 qua

137 1763 183 1799 tu
225 1773 335 1798 nunc
381 1772 435 1798 es.
496 1758 653 1809 Opinor
696 1759 926 1797 accessione
971 1760 1116 1799 aetatis
1161 1774 1206 1799 ac
1258 1760 1490 1799 studiorum
1536 1759 1729 1798 nonnihil

137 1825 352 1864 accessisse
385 1823 541 1863 iudicii.
601 1823 763 1862 Mutaui
799 1825 1060 1874 sententiam,
1081 1839 1166 1864 non
1205 1826 1313 1876 quod
1352 1825 1494 1864 minus
1526 1824 1730 1874 praeclare

139 1889 316 1928 sentiam
336 1889 386 1927 de
404 1889 656 1939 Augustino,
682 1889 733 1927 de
753 1901 834 1937 quo
859 1889 1011 1928 melius
1037 1891 1173 1929 sentio
1200 1903 1325 1929 senex
1349 1903 1472 1940 quam
1491 1889 1731 1928 adolescens

139 1955 262 2002 sensi,
283 1954 354 1993 sed
381 1954 491 2003 quod
518 1954 689 2004 propius
712 1954 1015 2004 contemplatus
1040 1955 1122 1993 sim
1148 1954 1467 2004 Hieronymum.
1527 1953 1730 1992 Fortassis

139 2020 251 2058 idem
275 2019 354 2057 tibi
381 2019 522 2057 veniet
540 2032 629 2057 vsu.
691 2018 809 2066 Quod
838 2019 874 2056 si
903 2031 988 2057 non
1016 2020 1214 2066 euenerit,
1235 2021 1375 2058 tamen
1403 2019 1510 2056 mihi
1537 2018 1732 2057 concedes

141 2086 185 2122 vt
205 2083 406 2121 incolumi
426 2085 569 2121 nostra
587 2083 773 2121 amicitia
799 2083 921 2122 liceat
946 2083 1098 2122 alicubi
1126 2083 1200 2123 abs
1219 2086 1260 2122 te
1281 2084 1524 2122 dissentire:
1553 2082 1731 2131 quando·

141 2148 308 2198 quidem
336 2148 448 2185 inter
467 2147 756 2196 Augustinum
785 2150 825 2186 et
856 2147 1167 2197 Hieronymum
1195 2161 1279 2187 non
1309 2149 1478 2187 diremit
1505 2147 1732 2186 amicitiam

143 2213 306 2261 diuersa
325 2212 375 2251 de
394 2212 517 2250 rebus
535 2211 692 2261 aliquot
711 2211 862 2260 opinio.

195 2278 327 2317 Porro
365 2278 472 2328 quod
511 2277 719 2327 polliceris
756 2280 797 2315 te
836 2277 1027 2316 sedulum
1065 2280 1105 2317 et
1142 2278 1245 2317 alias
1281 2278 1529 2316 monitorem
1566 2277 1663 2325 fore,
1696 2277 1732 2315 si

142 2345 321 2384 senseris
339 2344 418 2381 hoc
445 2342 578 2381 officio
605 2343 714 2392 apud
743 2355 811 2380 1110
838 2343 966 2381 inisse
994 2343 1181 2392 gratiam,
1205 2356 1280 2381 nec
1299 2342 1406 2381 mihi
1425 2343 1552 2390 vacat,
1577 2341 1732 2391 optime

142 2410 251 2458 Ecci,
276 2408 531 2459 quibuslibet
558 2407 841 2457 sycophantiis
868 2407 1263 2458 respondere—quis
1287 2407 1401 2445 enim
1427 2409 1514 2445 tam
1542 2406 1732 2445 indoctus

143 2475 214 2525 qui
244 2487 329 2514 non
356 2473 487 2523 possit
519 2471 672 2511 alicubi
701 2472 947 2511 calumniari
974 2472 1132 2511 librum
1161 2472 1344 2511 alienum
1356 2473 1507 2510 ’.Ρ-1100
1535 2471 1613 2509 tibi
1645 2473 1733 2510 tam

607 2583 680 2613 259.
706 2576 742 2604 te
758 2575 830 2605 add.
847 2575 883 2604 F.
1019 2582 1092 2611 274.
1117 2572 1203 2604 Ecki
1219 2571 1272 2604 D2.

188 2674 261 2703 241.
283 2661 523 2703 Augustinus]
545 2664 610 2694 Ciu.
628 2664 685 2691 Dei
699 2670 729 2693 2.
747 2671 798 2700 27.
978 2661 1134 2701 engaged
1147 2663 1183 2692 to
1194 2661 1306 2692 revise
1319 2661 1348 2691 it
1361 2660 1516 2691 himself.
1549 2660 1625 2690 The
1638 2660 1736 2691 work

188 2717 262 2747 255.
281 2706 466 2747 aedendis]
479 2705 566 2736 This
578 2705 677 2736 work
690 2706 728 2736 of
738 2705 906 2736 Erasmus
976 2704 1169 2744 proeeeded
1183 2704 1308 2743 slowly
1320 2704 1377 2742 gcf.
1390 2704 1452 2743 Ep.
1465 2713 1540 2743 922.
1553 2703 1657 2743 36,7).
1690 2703 1735 2734 In

146 2751 219 2782 had
236 2752 284 2782 its
299 2750 417 2789 origin
434 2750 473 2780 111
490 2759 511 2779 a
526 2747 687 2788 proposal
710 2748 748 2778 of
768 2749 906 2779 Froben
979 2757 1062 2787 1520
1076 2748 1184 2779 Vives
1207 2747 1408 2778 undertook
1431 2747 1492 2777 the
1515 2749 1558 2777 De
1582 2749 1648 2777 Ciu.
1666 2748 1733 2787 Dei,

146 2795 206 2835 (cf.
220 2795 284 2834 Ep.
299 2794 373 2833 581.
387 2794 453 2833 19),
467 2793 559 2824 after
571 2793 632 2822 the
645 2792 859 2832 completion
871 2791 910 2821 of
976 2791 1097 2822 which
1111 2791 1250 2822 Froben
1262 2790 1454 2830 published
1467 2791 1506 2820 in
1523 2790 1618 2829 Sept.
1632 2799 1713 2830 1522
1727 2801 1735 2828 3

144 2838 165 2868 J
169 2847 286 2869 erome
304 2837 381 2878 (Ep.
395 2837 486 2877 396),
499 2837 534 2866 to
550 2835 688 2875 reprint
704 2835 765 2866 the
781 2837 909 2866 Amor·
976 2835 1109 2865 butthe
1117 2835 1232 2865 entire
1240 2834 1389 2874 edition,
1400 2834 1438 2864 in
1450 2833 1735 2872 10vols.‚didnot

146 2882 237 2913 bach
263 2881 467 2920 Augustino
494 2879 532 2910 of
561 2879 654 2918 1506,
684 2879 805 2909 which
836 2878 906 2909 evi·
976 2887 1105 2917 appear
1115 2877 1212 2908 until
1230 2879 1365 2917 1528-9.
1398 2877 1449 2908 Cf.
1461 2886 1484 2907 1.
1495 2887 1529 2917 p.
1541 2877 1592 2915 36.
1609 2877 1710 2915 18-41
1726 2889 1736 2908 z

147 2925 272 2964 dently
284 2924 356 2955 had
371 2923 449 2954 sold
464 2922 558 2954 well.
605 2923 796 2954 Conseious
811 2921 848 2953 of
860 2923 908 2952 its
976 2921 1087 2952 Lond.
1101 2919 1224 2952 xxviii.
1244 2930 1295 2960 1,2
1310 2933 1318 2960 ;
1346 2921 1415 2952 LB.
1436 2920 1529 2960 1084,
1543 2920 1636 2960 App.
1650 2921 1714 2959 456
1731 2932 1737 2950 .-

145 2969 289 3008 defects,
309 2968 479 2998 Erasmus
498 2965 635 2997 wished
650 2967 687 2996 to
711 2975 768 2997 see
790 2966 819 2996 it
835 2975 908 2996 cor·
977 2965 1048 2995 and
1062 2964 1117 2995 for
1129 2964 1321 2996 assistance
1337 2964 1511 2995 rendered
1523 2964 1569 3003 by
1583 2964 1738 3003 Lypsius

146 3012 266 3043 rected
280 3021 289 3050 ;
309 3010 381 3042 and
398 3011 437 3041 in
453 3009 589 3040 default
606 3009 645 3040 of
658 3009 761 3040 other
775 3008 908 3040 editors
977 3018 1034 3039 see
1051 3017 1083 3048 p.
1104 3008 1174 3047 185.
1224 3008 1288 3039 See
1305 3007 1378 3039 also
1395 3007 1598 3047 Heumann,
1612 3017 1645 3047 p.
1664 3016 1736 3046 ¹93·

211 3077 317 3098 Amant
335 3076 377 3096 111
927 3077 948 3101 Z

1741 541 1803 573 24⁵

1743 867 1808 900 250

1745 1191 1807 1222 255.

1748 1506 1814 1537 260

1750 1828 1810 1871 265

1750 2162 1816 2195 270

1754 2483 1816 2517 275
