2034 3433
143 141 241 196 843]
634 143 704 181 To
742 143 965 182 MARTIN
1005 141 1248 181 LYPans
1655 136 1736 175 313

201 261 232 287 1.
265 248 472 296 Primum,
496 248 674 286 testatus
694 261 737 286 se
755 247 930 286 antehac
956 247 1099 285 decem
1123 245 1253 285 acutis
1282 241 1620 284 conclusionibus
1649 253 1736 290 per-

143 312 363 352 strinxisse
382 326 506 352 suum
527 313 827 351 sentimentum
848 313 959 360 (nam
979 312 1047 351 his
1067 310 1251 350 flosculis
1271 310 1418 348 vernat
1435 309 1550 346 totus
1570 305 1733 354 sermo),

144 391 217 416 ceu
236 379 470 418 confessum
490 378 667 417 assumit
686 378 791 416 hanc
815 377 924 416 Noui
947 377 1202 416 Testamenti
1226 374 1624 425 interpretationem,
1655 383 1737 421 qua

141 444 267 494 vulgo
279 445 449 492 vtimur,
464 457 554 483 esse
569 443 829 493 Hieronymi,
848 456 943 481 cum
957 456 1049 482 eam
1065 443 1225 481 constet
1240 454 1313 479 nec
1328 453 1418 479 esse
1435 438 1644 489 Cypriani,
1662 449 1737 474 nec
1756 446 1795 468 20

142 508 308 558 Hilarii,
328 523 402 548 nec
421 509 648 556 Ambrosii,
667 522 742 548 nec
758 509 996 559 Augustini,
1021 521 1094 547 nec
1114 506 1376 557 Hieronymi,
1401 519 1496 544 cum
1515 506 1552 543 is
1572 503 1736 542 diuersa

140 573 276 624 legat:
306 575 440 614 multo
470 575 611 613 minus
636 588 727 613 eam
756 588 881 625 quam
912 574 1149 613 emendasse
1180 586 1224 612 se
1249 573 1438 620 testatur,
1468 583 1563 609 cum
1588 569 1633 607 in
1658 567 1736 606 hac

140 639 502 688 deprehendantur
516 653 618 690 quae
632 640 703 678 ille
717 639 901 688 damnat,
916 652 1000 678 non
1015 638 1154 677 solum
1169 652 1251 688 quo
1263 638 1313 676 ad
1327 636 1450 676 verba
1461 633 1735 674 verumetiam

143 718 224 754 quo
244 706 295 744 ad
315 719 474 745 sensus.
531 707 670 755 Atque
689 705 788 744 haec
809 707 871 744 est
885 705 1011 744 huius
1026 703 1278 754 theologicae
1295 699 1588 752 disputationis
1608 698 1731 738 basis.

200 783 233 808 2.
268 771 530 821 Imaginatur
557 773 598 809 et
627 784 700 809 ceu
728 771 948 821 probatum
976 770 1154 809 assumit
1182 782 1248 807 me
1273 767 1436 818 publice
1464 766 1664 815 corrigere
1689 777 1734 803 ac
1756 774 1793 806 25

141 838 303 875 mutare
328 837 545 886 vulgatam
571 836 831 884 aeditionem,
860 849 955 874 cum
982 849 1057 885 ego
1083 848 1130 873 ea
1155 834 1298 873 relicta
1324 833 1485 883 integra
1507 834 1547 870 et
1568 832 1735 877 intacta,

140 901 246 950 quod
267 904 332 940 est
352 902 396 940 in
417 903 667 940 Graecorum
687 891 972 940 voluminibus
994 901 1141 939 Latine
1161 899 1367 946 verterim,
1390 898 1522 936 obiter
1548 897 1736 935 indicans

139 966 212 1004 vbi
232 969 374 1005 nostra
395 980 490 1005 cum
509 967 595 1005 illis
615 966 846 1005 consentiat
865 967 937 1005 aut
955 965 1178 1005 dissentiat
1193 980 1202 1013 3
1231 977 1365 1014 neque
1384 976 1475 1001 raro
1501 962 1735 1012 praeferens

140 1032 181 1070 id
212 1032 321 1082 quod
351 1035 415 1071 est
445 1032 490 1070 in
523 1032 679 1071 nostris
720 1032 938 1079 codicibus,
980 1031 1207 1070 emendans
1240 1030 1277 1068 si
1317 1028 1414 1079 quid
1449 1028 1732 1078 deprauatum,

139 1097 366 1148 explanans
399 1097 436 1136 si
470 1098 570 1148 quid
604 1097 807 1148 ambigue,
843 1110 1040 1136 enarrans
1070 1097 1106 1136 si
1141 1096 1242 1146 quid
1275 1095 1462 1142 obscure,
1496 1096 1665 1132 mutans
1699 1092 1736 1131 si
1754 1101 1795 1133 30

138 1163 238 1213 quid
259 1163 481 1214 insigniter
500 1162 672 1202 barbare
691 1163 847 1202 (110111111
864 1178 873 1203 :
907 1163 1014 1213 quod
1034 1162 1270 1211 intelligam
1293 1160 1534 1211 permultos,
1558 1159 1735 1198 offensos

137 1228 384 1278 prodigiosis
405 1228 674 1277 soloecismis,
696 1229 767 1278 qui
780 1231 921 1267 tamen
941 1228 1022 1266 fere
1038 1230 1138 1266 sunt
1156 1225 1406 1276 interpretis,
1420 1238 1504 1263 non
1525 1226 1730 1272 autorum,

137 1293 357 1332 abhorrere
391 1307 414 1332 a
453 1307 662 1332 sacrorum
701 1294 966 1332 voluminum
1001 1294 1189 1332 lectione.
1262 1292 1405 1341 Neque
1437 1290 1552 1329 enim
1587 1303 1734 1328 omnes

138 1359 334 1397 mortales
354 1360 442 1397 tam
462 1359 646 1409 patiente
667 1361 768 1398 sunt
785 1359 1001 1398 stomacho
1020 1361 1067 1397 vt
1093 1358 1216 1396 istius
1246 1357 1393 1396 stilum
1422 1356 1528 1394 ferre
1556 1355 1731 1405 possint.

138 1423 256 1472 Quod
289 1424 325 1462 si
356 1424 563 1474 imperitis
594 1438 640 1463 ac
669 1424 928 1474 simplicibus
957 1423 1188 1463 consulitur
1215 1421 1483 1472 simplicitate
1517 1421 1735 1465 sermonis,
1754 1429 1794 1461 35

136 1502 210 1527 cur
254 1502 339 1527 non
384 1489 652 1528 consulamus
695 1491 737 1528 et
783 1489 957 1528 eruditis
1000 1488 1209 1527 mundicie
1248 1486 1485 1526 sermonis?
1542 1486 1660 1534 Quod
1698 1486 1735 1525 si

138 1556 278 1593 noster
306 1554 373 1592 hic
399 1568 542 1593 censor
570 1555 679 1593 nihil
707 1554 878 1593 omnino
906 1553 1001 1593 vult
1030 1554 1122 1593 aedi
1151 1553 1259 1604 quod
1292 1553 1478 1591 dissonet
1511 1564 1535 1589 a
1565 1551 1736 1602 vulgata

135 1619 322 1667 lectione,
356 1633 441 1658 non
476 1620 553 1658 erit
584 1620 646 1658 fas
682 1620 849 1659 Nouum
882 1620 1200 1658 Testamentum
1230 1619 1394 1666 Graece,
1429 1619 1475 1657 vt
1509 1633 1533 1658 a
1567 1618 1735 1657 Graecis

136 1685 299 1735 legitur,
330 1685 484 1733 aedere,
514 1685 598 1724 nisi
622 1686 739 1736 prius
766 1686 817 1724 ad
847 1686 951 1724 hanc
981 1685 1233 1723 aeditionem
1262 1684 1520 1734 castigatum,
1554 1698 1607 1723 ne
1641 1683 1735 1733 quis

136 1751 240 1789 forte
267 1751 546 1800 deprehendat
573 1751 765 1789 lectionis
792 1750 1107 1789 dissonantiam.
1156 1749 1259 1798 Quis
1278 1751 1417 1788 autem
1437 1751 1537 1788 adeo
1564 1749 1736 1788 demens
1753 1758 1795 1789 40

136 1817 193 1855 sit
223 1819 270 1856 vt
309 1817 449 1855 isthuc
488 1817 632 1855 dicat?
688 1816 782 1855 Iam
820 1829 918 1856 vero
957 1816 1158 1854 abolenda
1195 1817 1259 1854 est
1293 1815 1380 1853 diui
1417 1815 1632 1854 Ambrosii
1667 1813 1736 1854 vel

135 1882 353 1920 translatio
390 1881 459 1920 vel
496 1881 617 1920 lectio
658 1881 704 1920 in
742 1881 929 1931 epistolis
967 1881 1106 1929 Pauli,
1148 1894 1250 1930 quae
1294 1880 1525 1930 plurimum
1567 1880 1618 1919 ab
1659 1880 1735 1917 hac

137 1949 279 1985 nostra
308 1946 518 1995 dissonat;
551 1946 754 1985 abolenda
778 1950 819 1985 et
848 1946 1111 1996 Hieronymi,
1142 1959 1244 1996 quae
1270 1959 1353 1983 non
1384 1945 1526 1996 paucis
1555 1945 1655 1983 locis
1683 1944 1735 1982 ab

137 2012 213 2050 hac
240 2011 447 2050 dissentit.
491 2011 679 2061 Denique
706 2013 943 2050 nostrorum
973 2011 1160 2049 codicum
1190 2010 1374 2060 plerique
1404 2013 1502 2049 sunt
1528 2010 1733 2057 abolendi,

137 2076 248 2126 quod
283 2076 394 2114 inter
431 2089 474 2114 se
508 2076 592 2114 sere
629 2076 890 2115 dissentiant.
952 2075 1009 2113 Et
1042 2076 1136 2114 vide
1170 2089 1294 2125 quam
1324 2076 1376 2114 ab
1404 2076 1485 2114 isto
1516 2075 1737 2115 dissentiat
1751 2085 1792 2117 45

137 2141 413 2191 Augustinus,
438 2154 561 2190 quem
591 2141 627 2180 is
656 2142 738 2179 sibi
760 2141 927 2179 videtur
954 2140 1068 2179 solus
1095 2140 1257 2190 legisse.
1318 2141 1426 2179 Nam
1456 2140 1527 2178 ille
1558 2142 1736 2180 testatur

137 2221 181 2246 se
206 2206 397 2245 adiutum
414 2206 540 2244 etiam
555 2206 905 2256 exemplariorum
925 2205 1133 2253 varietate,
1151 2206 1253 2244 dum
1273 2206 1380 2255 quod
1401 2205 1507 2244 alius
1522 2205 1736 2246 obscurius

137 2272 274 2319 vertit,
303 2271 411 2310 alius
438 2271 655 2310 transtulit
680 2271 953 2321 explanatius,
981 2273 1027 2309 vt
1052 2284 1136 2309 non
1162 2270 1302 2309 omnia
1327 2284 1552 2320 possumus
1576 2284 1731 2311 omnes.

138 2337 221 2376 Hic
241 2338 379 2376 actum
399 2338 518 2385 putat
538 2336 587 2374 de
612 2336 693 2374 fide
723 2349 934 2375 sacrorum
963 2335 1243 2382 voluminum,
1262 2335 1299 2374 si
1323 2335 1438 2374 varia
1463 2335 1583 2374 lectio
1606 2337 1736 2386 profe-

138 2406 280 2450 1·atu1·;
311 2404 352 2440 et
371 2401 533 2439 mauult
552 2401 620 2440 vel
641 2401 948 2440 manifestarias
974 2400 1146 2439 mendas
1173 2400 1218 2438 in
1243 2400 1364 2438 libris
1391 2392 1516 2440 sacris
1541 2401 1731 2452 relinqui,
1753 2413 1794 2444 50

142 2481 266 2518 quam
287 2467 443 2505 offendi
463 2467 566 2505 duos
592 2469 665 2505 aut
684 2467 787 2505 treis
812 2466 976 2515 ineptos
999 2479 1044 2504 ac
1064 2478 1249 2504 morosos
1270 2465 1489 2504 seniculos.
1547 2467 1606 2505 At
1627 2467 1735 2506 nihil

139 2532 341 2572 deterruit
360 2532 412 2570 ab
431 2532 509 2570 hoc
529 2532 667 2571 studio
686 2532 835 2570 diuum
854 2531 1173 2581 Hieronymum,
1196 2531 1304 2581 quod
1325 2530 1376 2569 ob
1391 2531 1581 2570 voculam
1597 2533 1735 2572 nescio

140 2611 266 2648 quam
285 2599 493 2635 mutatam
512 2597 557 2635 in
576 2597 776 2647 propheta
796 2597 901 2635 Iona
919 2598 1035 2635 totus
1053 2596 1184 2634 ferme
1197 2595 1377 2646 populus
1392 2596 1610 2635 desciuerit
1622 2610 1646 2636 a
1661 2610 1734 2637 suo

137 2664 355 2714 episcop03
395 2662 586 2713 ridetque
616 2662 915 2702 cucurbitarios
947 2661 1043 2700 illos
1073 2662 1171 2700 deos
1204 2674 1305 2712 quos
1337 2662 1502 2701 tantula
1536 2676 1600 2701 res
1630 2676 1736 2702 com·

139 2728 339 2767 mouerit:
378 2727 543 2766 etiamsi
579 2728 846 2777 Augustinus
874 2727 980 2765 hanc
1014 2726 1197 2765 fabulam
1228 2739 1302 2764 ceu
1332 2727 1480 2764 seriam
1515 2727 1736 2777 scripserat
1754 2737 1793 2768 55

185 2834 234 2863 17.
260 2834 295 2854 se
311 2825 385 2854 add.
403 2826 447 2854 H.
633 2833 687 2853 20.
713 2824 852 2854 constat
868 2825 964 2854 Loml.
1137 2831 1189 2861 23,
1209 2833 1251 2860 4.,
1265 2831 1334 2860 quo
1351 2824 1401 2852 D:
1425 2825 1605 2861 quantum
1619 2826 1657 2864 F,
1676 2827 1733 2856 bis.

138 2877 191 2906 30.
216 2876 387 2898 enarrans
403 2867 433 2896 si
450 2866 537 2906 quid
555 2869 628 2897 add.
646 2869 688 2897 Η.
820 2876 873 2906 41.
899 2868 953 2897 est
969 2868 1044 2897 add.
1063 2868 1105 2897 H.
1240 2875 1293 2904 51.
1319 2865 1497 2897 seniculos
1513 2869 1587 2897 add.
1606 2871 1642 2898 F.

182 2955 234 2993 48.
259 2963 333 2984 non
350 2952 488 2993 omnia]
502 2952 606 2992 Verg.
625 2955 689 2985 Ecz.
709 2953 740 2985 8.
757 2954 810 2992 63.
973 2961 1033 2991 115
1048 2963 1056 2991 ;
1080 2952 1156 2982 also
1174 2954 1285 2983 Comm.
1304 2955 1338 2982 ἰη
1353 2954 1468 2983 Ionam
1484 2963 1515 2992 4.
1533 2954 1565 2985 6.

183 3008 234 3037 52.
258 2996 540 3037 Hieronymum]
565 2996 618 3028 Cf.
641 2999 722 3034 ΕΜ).
751 3006 821 3028 112.
846 3006 898 3036 22,
1013 3005 1066 3035 55.
1089 2995 1331 3036 Augustinus]
1343 3006 1394 3033 ap.
1408 2996 1508 3029 Hier.
1523 2999 1582 3035 Ep.
1598 3006 1668 3028 112.
1683 3007 1736 3028 22.
