2034 3433
127 173 228 229 92‘2‘]
350 170 354 175 ’
573 174 724 214 FROM
762 173 987 212 MARTIN
1023 172 1264 213 LYPSIUS
1628 170 1706 209 499

128 280 275 319 virtuti
309 281 492 319 meretur
524 277 704 326 asscribi,
741 277 849 327 quod
883 279 998 316 tanta
1033 277 1296 327 negociorum
1333 275 1492 315 sarcina
1528 285 1704 323 pressus,

130 344 349 395 plusquam
368 344 507 395 gratis,
530 356 614 383 non
634 342 756 381 modo
782 341 959 381 literulis
985 341 1240 392 suauiloquis
1259 341 1329 380 sed
1348 343 1388 379 et
1407 352 1578 390 operum
1596 350 1709 388 argu-

129 411 285 450 mentis
314 410 467 450 amicos
499 408 623 447 etiam
657 408 862 446 extremos
891 406 1089 456 agnoscis.
1149 408 1318 456 Quaeso,
1351 406 1448 456 quid
1479 404 1614 443 maius
1643 402 1709 441 vel

131 475 281 514 Atensi
298 474 367 514 vel
387 474 540 524 Dorpio
558 472 625 512 vel
651 472 825 522 Delph0,
846 473 894 511 vt
914 474 1092 510 caeteros
1115 472 1270 518 sileam,
1292 474 1473 522 prestare
1492 469 1707 520 potuisses,

131 542 252 590 atque
279 540 416 579 mihi?
472 539 568 578 Huc
596 538 752 577 accedit
778 537 887 587 quod
914 538 962 575 tu
992 537 1196 576 diminute
1219 537 1409 575 libellum
1434 548 1564 584 vocas,
1588 546 1710 585 quem
1729 546 1769 579 ²5

132 618 206 656 ego
233 605 330 644 libri
358 604 527 644 nomine
557 603 728 654 dignum
755 602 900 650 sentio,
923 602 1039 652 quasi
1067 601 1259 653 quicquid
1287 601 1469 641 amicicie
1497 600 1712 651 impendas

131 683 280 720 parum
315 669 392 709 sit:
436 682 559 720 quem
595 670 636 707 et
674 667 837 707 donasti
871 667 1005 706 adhuc
1042 667 1204 717 prelum
1243 667 1432 714 olentem,
1469 679 1541 704 ceu
1574 677 1711 704 morae

132 735 354 785 impatiens
382 736 422 773 et
451 733 642 773 ardenter
669 746 715 772 ac
742 735 885 771 tenere
912 745 1066 771 amans.

187 800 405 841 Caeterum
437 799 654 839 Edoardus
686 798 817 837 Leeus
850 810 1015 836 mecum
1049 797 1328 848 expostulauit
1363 809 1410 835 eo
1445 795 1551 846 quod
1586 793 1713 834 semel

133 864 302 904 liberius
320 864 687 914 vehementiusque
707 863 771 902 illi
790 862 996 913 respondi.
1048 862 1205 913 Opinor
1223 862 1307 900 iam
1326 862 1483 900 factum
1501 873 1589 899 esse
1607 860 1716 898 inter
1733 873 1775 905 30

133 943 209 969 nos
246 930 499 977 diuortium;
541 942 639 967 nam
677 927 808 967 literis
842 927 947 966 meis
983 940 1067 966 non
1104 927 1324 978 respondit,
1364 939 1459 965 cum
1491 928 1632 964 tamen
1666 924 1715 963 ad

134 994 467 1045 respondendum
494 993 695 1033 hactenus
722 992 949 1031 facillimus
976 992 1113 1031 fuerit.
1171 992 1330 1031 Verum
1358 991 1457 1030 satis
1485 992 1717 1041 prepostere

134 1060 296 1110 speraui
324 1059 644 1099 necessitudinis
672 1058 762 1097 iura
789 1071 856 1096 me
885 1071 1002 1108 posse
1032 1071 1126 1096 cum
1155 1058 1243 1107 ipso
1270 1057 1513 1095 inconcussa
1540 1067 1712 1103 seruare,

134 1127 206 1176 qui
223 1138 299 1164 nec
318 1126 455 1163 tecum
473 1137 600 1174 paruo
619 1125 805 1173 tempore
827 1122 1088 1161 concordiam
1109 1135 1270 1161 seruare
1289 1122 1434 1172 potuit.

188 1191 248 1230 At
274 1190 404 1229 missa
430 1188 629 1228 faciamus
658 1188 767 1227 haec.
829 1187 938 1227 Sunt
965 1191 1106 1227 autem
1134 1187 1336 1234 nonnulli,
1359 1186 1418 1224 mi
1444 1184 1718 1224 mellitissime
1738 1197 1778 1229 35

136 1256 317 1303 Erasme,
351 1254 423 1305 qui
453 1267 616 1292 mecum
646 1252 865 1292 confidunt
897 1254 938 1291 et
968 1254 1145 1302 sperant,
1181 1252 1290 1302 quod
1323 1252 1494 1290 tandem
1527 1252 1719 1289 nostrum

135 1323 195 1371 (vt
222 1319 447 1371 loquimur)
475 1318 763 1368 Augustinum
790 1320 862 1357 tuo
893 1318 1066 1367 dignum
1094 1317 1296 1356 iudicabis
1324 1317 1451 1356 obelo.
1512 1316 1555 1355 Si
1583 1315 1638 1359 id,
1659 1315 1720 1353 mi

135 1385 423 1426 candidissime
452 1385 634 1431 Erasme,
661 1385 865 1433 praestare
894 1396 1034 1433 posses
1061 1383 1182 1433 (velle
1209 1382 1322 1421 enim
1351 1384 1392 1420 te
1417 1395 1500 1420 non
1526 1379 1716 1430 ambigo),

135 1451 295 1490 videres
324 1449 479 1500 passim
509 1462 578 1488 eos
609 1449 681 1499 qui
718 1448 769 1486 ob
798 1448 1108 1498 Hieronymum
1138 1461 1162 1487 a
1190 1449 1230 1486 te
1259 1447 1502 1486 restitutum
1529 1446 1607 1484 tibi
1635 1458 1719 1483 non

135 1515 332 1554 accedunt
369 1514 467 1564 (non
505 1514 618 1552 enim
655 1512 796 1563 phrasi
834 1511 1162 1562 Hieronymiana
1200 1524 1344 1550 omnes
1381 1510 1720 1560 delectantur),—
1739 1523 1779 1553 40

135 1580 306 1628 videres,
332 1579 513 1629 inquam,
541 1591 610 1617 eos
638 1577 690 1617 ob
721 1590 889 1627 operam
918 1578 1155 1628 Augustino
1183 1577 1427 1628 impensam,
1451 1576 1566 1615 cuius
1594 1576 1720 1625 suspi-

136 1646 253 1685 ciunt
281 1657 464 1691 acumen,
493 1643 571 1682 tibi
596 1642 887 1681 deditissimos.
945 1642 1035 1681 Alii
1059 1642 1214 1693 nephas
1235 1642 1360 1681 etiam
1389 1642 1547 1680 ducunt
1575 1643 1614 1679 te
1643 1641 1720 1679 hoc

138 1724 224 1750 non
252 1709 484 1760 prestitisse
511 1710 628 1747 tanto
657 1709 820 1746 sanctae
849 1707 1056 1747 Ecclesiae
1085 1707 1252 1755 doctori,
1286 1707 1357 1758 qui
1386 1708 1448 1746 tot
1477 1706 1654 1745 ethnicis
1678 1706 1719 1744 id

138 1775 365 1816 exhibuisti
383 1774 564 1823 honoris,
587 1773 829 1824 praesertim
849 1786 944 1811 cum
964 1775 1005 1812 te
1024 1776 1129 1813 teste
1149 1774 1276 1812 semel
1295 1773 1485 1824 coeperis.
1535 1773 1593 1811 At
1613 1771 1721 1810 Noui

139 1840 393 1880 Testamenti
408 1839 692 1878 secundariam
708 1838 956 1877 aeditionem
971 1838 1149 1878 arbitror
1162 1852 1228 1877 me
1241 1852 1327 1877 non
1343 1838 1493 1877 minori
1511 1838 1720 1887 expectare
1738 1848 1778 1879 45

138 1905 353 1955 desyderio
388 1907 512 1955 atque
544 1903 607 1942 hii
640 1904 713 1953 qui
745 1917 836 1942 eam
870 1905 1066 1953 exoptant
1099 1904 1291 1942 maxime.
1364 1903 1424 1942 Ob
1458 1904 1563 1941 hanc
1596 1915 1721 1941 vnam

139 1970 279 2009 omnia
295 1984 302 2007 z
333 1971 378 2008 in
398 1970 475 2008 hac
491 1969 675 2019 profecto
692 1981 759 2006 me
774 1968 905 2007 iudice
920 1970 1063 2007 nostra
1077 1969 1280 2019 dependet
1293 1968 1477 2015 victoria,
1491 1967 1721 2017 praemium

139 2037 200 2074 tot
219 2034 583 2085 disceptationum,
604 2034 713 2071 tanti
731 2033 884 2072 laboris
905 2034 1043 2072 ouatio
1064 2036 1186 2084 atque
1204 2034 1457 2083 triumphus.

192 2100 337 2139 Vnum
370 2098 537 2137 tandem
567 2099 614 2136 in
642 2098 860 2136 literarum
889 2098 996 2137 calce
1026 2099 1228 2137 adiiciam.
1289 2098 1353 2137 Ob
1382 2098 1424 2136 id
1452 2097 1722 2147 quantumuis

141 2168 202 2204 est
231 2164 428 2212 amicicie,
463 2164 571 2213 quod
606 2163 713 2201 mihi
745 2166 882 2202 tecum
915 2163 1077 2202 etiamsi
1110 2176 1194 2202 non
1227 2176 1318 2202 meo
1356 2163 1503 2201 merito
1536 2162 1721 2212 contigit,
1741 2173 1781 2205 50

185 2303 236 2324 21.
263 2291 359 2332 quod
381 2293 428 2326 B:
458 2291 521 2330 qui
543 2302 574 2322 α.
695 2292 835 2322 sarcina
857 2293 902 2326 B:
931 2291 1023 2322 mole
1045 2303 1074 2322 α.
1240 2301 1293 2324 22.
1318 2291 1422 2322 modo
1445 2292 1491 2326 B:
1521 2292 1665 2322 tantum
1687 2302 1718 2322 α.

142 2347 192 2376 23.
220 2337 336 2366 maius
351 2347 372 2365 α
388 2346 396 2366 :
419 2336 532 2374 magis
547 2336 581 2369 β.
745 2345 798 2373 24.
823 2335 945 2366 sileam
961 2336 984 2369 β
999 2345 1007 2365 z
1030 2335 1225 2366 subticeam
1240 2347 1268 2366 α.
1432 2343 1483 2374 25.
1508 2335 1613 2374 atque
1630 2334 1723 2366 mihi

141 2383 215 2411 add.
239 2381 272 2414 β.
357 2380 397 2410 tu
413 2401 421 2409 .
441 2402 449 2410 .
470 2401 477 2409 .
496 2379 548 2409 26.
573 2378 688 2409 sentio
701 2379 725 2412 β
739 2390 744 2409 ;
768 2378 865 2409 hunc
882 2387 988 2417 quem
1004 2380 1045 2409 tu
1060 2377 1240 2409 diminute
1256 2377 1419 2409 libellum
1435 2387 1545 2417 vocas,
1563 2387 1625 2417 ego
1641 2387 1722 2409 vero

141 2424 274 2454 librum
290 2434 322 2453 a.
469 2431 519 2459 27.
546 2422 593 2452 sit
610 2444 620 2453 .
636 2444 645 2452 .
664 2445 672 2452 .
692 2421 849 2453 olentem
864 2422 888 2456 β
903 2433 910 2452 :
933 2422 1036 2461 putes
1053 2422 1105 2452 oci
1121 2423 1156 2453 et
1171 2422 1287 2452 adhuc
1302 2421 1441 2460 prelum
1457 2421 1614 2452 olentem
1631 2420 1721 2452 mihi

110 2491 117 2497 ,
142 2467 282 2497 donasti
299 2477 331 2496 α.
472 2466 525 2497 28.
551 2474 590 2495 ac
606 2465 727 2496 tenere
743 2468 818 2496 add.
835 2466 869 2500 β.
1017 2475 1067 2505 29.
1094 2465 1281 2497 Caeterum
1299 2464 1483 2495 Edoardus
1499 2466 1522 2498 β
1536 2476 1544 2495 :
1567 2463 1676 2495 Porro
1690 2476 1720 2496 α.

143 2520 182 2540 eo
199 2509 292 2549 quod
308 2510 332 2543 β
348 2519 355 2538 :
378 2509 463 2548 quia
477 2519 507 2539 α.
616 2518 667 2548 30.
691 2509 788 2539 inter
802 2518 866 2539 nos
881 2511 954 2539 acld.
972 2509 1006 2543 β.
1116 2518 1168 2548 31.
1193 2520 1232 2540 a:
1256 2508 1445 2548 respondet
1461 2509 1495 2541 B.
1564 2517 1644 2538 cum
1661 2531 1670 2538 .
1689 2531 1697 2540 .
1716 2532 1722 2538 .

143 2563 195 2592 32.
219 2552 327 2583 fuerit
342 2553 365 2585 β
380 2562 386 2582 :
411 2551 540 2591 quibus
556 2552 677 2583 tamen
693 2552 796 2582 facile
812 2551 1015 2583 satisfacere
1030 2551 1118 2583 solet
1133 2564 1163 2582 α.
1333 2561 1385 2590 32.
1410 2551 1543 2582 Verum
1557 2552 1580 2584 β
1597 2562 1605 2581 :
1627 2550 1677 2582 At
1693 2562 1722 2581 α.

142 2607 195 2636 34.
220 2595 444 2626 concordiam
461 2604 601 2625 seruare
617 2597 640 2630 β
657 2606 664 2626 :
688 2595 880 2626 conuenire
896 2606 927 2626 a.
1094 2604 1148 2634 35.
1170 2595 1220 2627 At
1241 2620 1248 2627 .
1266 2619 1274 2627 .
1294 2618 1301 2625 .
1320 2594 1408 2626 haec
1423 2597 1495 2625 add.
1515 2595 1549 2628 β.
1673 2595 1722 2625 mi

143 2639 384 2670 mellitissime
401 2638 544 2669 Erasme
559 2641 632 2670 add.
651 2640 685 2673 B.
810 2640 862 2678 36.
888 2641 924 2670 et
940 2640 962 2672 β
979 2650 987 2669 :
1010 2648 1049 2669 ac
1064 2650 1094 2669 α.
1213 2639 1267 2677 38.
1291 2647 1365 2669 non
1381 2637 1520 2678 ambigo
1537 2639 1559 2671 β
1576 2649 1583 2668 :
1607 2637 1678 2668 seio
1693 2648 1722 2669 α.

144 2693 197 2722 39.
221 2683 351 2722 passim
368 2683 390 2716 β
408 2693 415 2712 :
437 2682 649 2713 cateruatim
665 2693 694 2713 α.
863 2692 916 2720 40.
940 2683 962 2716 Β
980 2694 987 2712 :
1011 2682 1296 2722 Hieronymiana
1309 2693 1338 2713 a.
1508 2690 1560 2719 42.
1585 2680 1661 2711 Alii
1677 2681 1700 2715 β
1717 2692 1724 2711 :

144 2726 294 2766 Quidam
310 2737 339 2756 α.
515 2734 566 2764 43.
590 2727 732 2756 sanctae
747 2725 923 2757 Ecclesiae
939 2729 1012 2758 add.
1029 2727 1062 2760 β.
1231 2736 1282 2764 44.
1305 2725 1501 2756 exhibuisti
1515 2724 1662 2755 honoris
1676 2725 1700 2759 β
1716 2735 1724 2754 :

144 2779 268 2809 operae
285 2768 494 2809 impendisti
510 2780 541 2800 a.
645 2769 696 2807 46.
721 2769 774 2799 hii
789 2780 809 2799 α
823 2780 830 2800 :
854 2768 893 2799 hi
909 2770 942 2803 β.
1033 2770 1203 2808 exoptant
1220 2769 1374 2800 maxime
1391 2769 1413 2801 β
1431 2779 1439 2798 :
1461 2769 1724 2806 quammaxime

144 2813 312 2844 affectant
327 2824 357 2842 α.
446 2821 554 2842 vnam
570 2814 644 2843 adcl-
662 2813 695 2845 β.
828 2823 879 2851 47.
904 2822 959 2843 me
976 2812 1093 2843 iudice
1112 2815 1186 2843 add.
1201 2813 1235 2846 β.
1367 2812 1420 2849 48.
1445 2813 1551 2850 atque
1568 2812 1590 2845 β
1607 2822 1614 2841 :
1639 2820 1677 2841 ac
1693 2822 1722 2843 α.

143 2866 194 2896 50.
218 2856 357 2887 etiamsi
381 2856 427 2889 B:
458 2856 622 2893 quamuis
644 2866 677 2886 α.

185 2978 238 3007 24.
264 2966 417 3007 Delpho]
444 2967 507 2998 See
527 2966 588 3006 Ep.
614 2967 687 3005 456.
704 2967 745 3006 87
759 2977 794 2999 n.
843 2967 898 2999 He
967 2970 1002 2998 de
1017 2970 1110 2998 laude
1125 2969 1330 3005 matrimonii,
1344 2967 1412 2997 LB.
1427 2968 1474 2998 ix.
1491 2976 1548 3005 107
1563 2976 1595 3006 D,
1614 2976 1676 2997 110
1688 2976 1722 3000 Ι).

141 3021 210 3043 was
226 3021 306 3042 now
326 3013 362 3041 at
383 3010 545 3041 Louvain
560 3021 568 3048 ;
591 3009 639 3041 cf.
651 3012 740 3048 Apol.
755 3020 811 3048 pro
824 3013 895 3042 decl.
1009 3020 1062 3050 37.
1086 3010 1344 3051 Augustinum]
1363 3010 1413 3042 cf.
1433 3010 1495 3050 Ep.
1513 3011 1586 3048 844.
1603 3020 1665 3050 255
1677 3020 1709 3041 n.

877 3066 997 3104 Kk2
