2034 3433
143 161 244 215 832]
571 163 642 201 ΤΟ
681 162 989 202 CUTHBERT
1027 163 1324 203 TUNSTALL
1660 164 1741 202 303

139 269 372 320 reperimus
403 269 510 318 apud
548 267 835 308 Columellam.
895 269 1029 308 Vetus
1060 269 1132 308 ille
1166 269 1325 308 amicus
1361 271 1542 307 veterem
1582 281 1739 307 morem

136 335 315 374 obtinet.
374 334 620 384 Syngrapha
647 333 755 372 nihil
785 348 852 373 me
881 335 1032 382 docuit,
1054 338 1102 375 vt
1129 336 1174 374 in
1198 348 1279 385 qua
1305 348 1358 373 ne
1376 334 1551 373 verbum
1571 333 1741 383 quidem

138 399 427 439 intellexerim.
490 398 649 437 Mutaui
686 400 966 449 syngrapham
1004 401 1240 450 syngrapha
1277 399 1329 438 ob
1367 400 1549 438 latrones
1585 398 1739 448 vbique

138 467 384 515 grassantes,
445 465 529 502 Res
548 464 655 503 bona
673 464 754 503 fide
772 465 883 504 inter
911 479 988 504 nos
1013 468 1104 504 acta
1123 468 1198 504 est.
1259 465 1344 503 Nec
1364 465 1432 503 hic
1452 464 1552 515 quid
1573 464 1739 514 scripse-

144 531 228 569 rint
248 531 349 569 satis
368 529 573 579 intellige.
586 529 668 568 nisi
684 530 793 579 quod
809 529 898 579 lego
917 532 926 549 ‘
939 530 1107 569 duchati
1122 532 1263 569 trenta
1284 530 1390 569 della
1409 530 1574 580 ragione
1594 530 1635 568 di
1657 543 1738 567 xxx
1762 539 1798 559 10

136 596 283 635 denari
298 597 319 634 ⁹.

196 662 368 700 Adorno
405 661 701 710 profectionem
740 661 784 699 in
819 661 1006 711 singulas
1041 662 1172 709 horas,
1209 674 1355 699 verum
1394 661 1466 699 vix
1503 661 1623 700 video
1660 673 1739 710 qua

142 727 295 776 possim
325 727 369 764 in
404 726 672 764 Germaniam
702 726 891 776 irrepere.
949 726 1131 765 Dimissa
1162 729 1224 764 est
1257 740 1392 776 nuper
1424 725 1739 765 sceleratissima

143 792 326 831 militum
374 791 589 840 nigrorum
637 791 837 830 colluuies
885 791 1169 830 crudelissima
1215 792 1451 841 principum
1499 794 1737 830 nostrorum

137 857 374 896 clementia.
432 856 595 896 Obsessi
624 858 885 905 tenebantur,
913 857 1080 896 nullum
1111 860 1198 896 erat
1228 857 1441 906 effugium,
1469 857 1576 896 nihil
1606 858 1738 908 magis
1760 864 1795 895 15

141 925 341 964 ardebant
373 924 573 974 agricolae
602 937 727 973 quam
760 923 856 962 illos
886 923 1160 962 internicione
1195 923 1342 968 delere,
1379 924 1500 962 sicuti
1536 936 1620 962 non
1653 937 1736 962 vno

136 993 257 1029 erant
292 989 420 1028 exitio
458 989 584 1039 digni.
660 989 871 1027 Trucidati
908 991 1008 1028 sunt
1045 989 1139 1039 plus
1178 989 1320 1027 minus
1358 989 1484 1037 mille,
1525 989 1647 1039 idque
1684 990 1734 1028 ad

140 1057 346 1095 incertum
394 1054 577 1093 hominis
614 1054 860 1093 clamorem:
907 1054 1061 1105 alioqui
1103 1054 1339 1104 principum
1383 1056 1471 1093 erat
1512 1055 1734 1094 consilium

140 1122 311 1172 impiam
344 1119 462 1159 illam
500 1122 541 1158 et
573 1119 770 1158 omnibus
807 1119 1033 1159 sceleribus
1071 1122 1257 1170 opertam
1298 1133 1472 1158 manum
1509 1120 1554 1158 in
1594 1122 1735 1159 nostra

135 1187 272 1238 capita
309 1186 531 1224 dimittere.
590 1185 775 1224 Goercita
811 1188 873 1224 est
911 1186 1038 1233 cedes,
1081 1185 1251 1235 reliquis
1289 1186 1385 1224 data
1421 1186 1542 1224 venia
1581 1185 1734 1224 relictis
1756 1192 1794 1213 20

136 1253 267 1292 armis
294 1251 496 1290 abeundi:
524 1264 578 1289 ne
604 1251 666 1289 fas
696 1251 750 1290 sit
775 1250 932 1290 colonis
958 1253 1031 1290 aut
1051 1251 1211 1290 ciuibus
1238 1264 1307 1289 eos
1337 1250 1572 1300 Vbicunque
1599 1251 1734 1301 depre-

138 1318 360 1357 henderint
392 1316 609 1355 trucidare.
669 1316 774 1355 Vide
804 1331 927 1367 quam
957 1317 1068 1355 male
1100 1316 1339 1356 consultum
1373 1316 1427 1354 sit
1458 1316 1734 1366 reipublicae!

136 1383 333 1423 Scelerati
365 1382 430 1420 illi
458 1382 569 1432 quod
598 1382 829 1421 incolumes
859 1386 957 1422 sunt
987 1383 1166 1433 principi
1197 1384 1271 1421 vni
1301 1385 1425 1432 atque
1453 1382 1573 1420 alteri
1596 1382 1732 1421 ferent

137 1450 349 1497 acceptum
370 1463 379 1495 ;
408 1448 517 1497 quod
549 1447 798 1497 desyderent
819 1448 978 1498 aliquot
1001 1462 1022 1486 e
1049 1449 1146 1496 suis,
1170 1449 1214 1486 in
1234 1448 1378 1498 populi
1402 1448 1535 1497 capita
1553 1447 1733 1486 vindica-

135 1513 257 1552 bunt.
313 1513 485 1563 Iamque
514 1513 669 1562 passim
699 1513 930 1552 audiuntur
958 1514 1135 1563 iugulati
1164 1513 1354 1552 viatores.
1410 1512 1503 1551 Hoc
1531 1514 1618 1551 erat
1646 1527 1730 1552 non
1754 1521 1790 1551 25

136 1579 346 1618 dimittere
366 1591 537 1616 manum
564 1578 680 1617 illam
710 1579 781 1617 sed
809 1579 970 1618 irritare
990 1579 1034 1618 in
1061 1592 1207 1618 omnes
1237 1579 1462 1629 praedones
1486 1591 1560 1616 sua
1583 1581 1731 1628 sponte

133 1644 185 1684 ad
223 1657 346 1683 omne
385 1646 547 1693 paratos
584 1644 756 1683 facinus.
829 1645 1083 1695 Quocunque
1122 1657 1190 1683 me
1229 1643 1452 1691 contulero,
1496 1644 1645 1682 faciam
1683 1646 1731 1683 vt

133 1710 250 1749 scias.

187 1774 320 1814 Adest
348 1774 416 1812 hic
445 1773 582 1812 Iulius
611 1774 772 1821 Caluus,
794 1775 1020 1825 bibliopola
1053 1775 1296 1822 Ticinensis‚
1326 1775 1450 1813 homo
1479 1775 1656 1814 festiuus
1683 1788 1728 1813 ac

131 1841 291 1879 doctus.
347 1839 392 1878 Is
407 1839 513 1878 mihi
532 1839 799 1879 Theocritum
814 1841 966 1888 attulit,
985 1841 1189 1880 adiunctis
1204 1839 1512 1879 commentariis
1530 1853 1728 1879 excusum
1749 1846 1788 1875 30

135 1905 336 1953 formulis,
370 1907 492 1955 atque
525 1904 625 1944 item
663 1906 893 1945 Pindarum
927 1906 1078 1945 additis
1111 1907 1369 1945 diuersorum
1405 1905 1724 1944 commentariis.

136 1971 261 2009 Dedit
299 1971 339 2008 et
377 1969 600 2008 Frontonis
637 1983 681 2008 ac
719 1971 920 2010 Varronis
956 1971 1217 2020 aliorumque
1258 1970 1490 2021 fragmenta
1527 1971 1728 2020 quaedam

134 2035 416 2074 vetustissima
433 2049 442 2083 3
473 2048 576 2085 quae
594 2049 664 2085 per
685 2036 886 2075 Ioannem
901 2050 1043 2075 meum
1063 2038 1113 2076 ad
1134 2039 1174 2075 te
1194 2037 1371 2083 mittam,
1390 2036 1425 2074 si
1444 2036 1567 2074 modo
1586 2035 1727 2074 licebit

132 2101 318 2140 auferre:
348 2101 534 2138 nondum
559 2100 671 2139 enim
698 2101 820 2150 plane
843 2104 1090 2151 certumque
1115 2101 1294 2151 vigilans
1319 2101 1472 2149 audiui,
1498 2102 1635 2140 ‘Tuus
1663 2103 1726 2139 est

133 2166 264 2205 liber.’
318 2165 425 2203 Mori
446 2165 657 2203 fortunam
677 2167 799 2216 plane
819 2166 1085 2216 deplorarem,
1108 2166 1178 2216 qui
1195 2167 1250 2205 sit
1264 2167 1309 2204 in
1325 2165 1464 2204 aulam
1484 2168 1723 2215 pertractus,
1745 2171 1784 2202 35

133 2232 177 2270 ni
198 2230 274 2269 sub
295 2229 368 2268 tali
397 2230 505 2280 Rege
531 2231 699 2281 tamque
723 2231 872 2270 multis
900 2232 1072 2270 eruditis
1102 2231 1466 2270 contubernalibus
1491 2233 1533 2269 et
1559 2230 1725 2281 collegis

134 2310 216 2336 non
237 2295 330 2334 aula
349 2295 418 2333 sed
439 2298 615 2344 μουσεῖον
633 2295 766 2334 videri
785 2297 927 2345 possit.
988 2297 1067 2335 Sed
1087 2300 1228 2335 tamen
1248 2296 1406 2334 interea
1419 2295 1526 2334 nihil
1540 2295 1726 2334 adfertur

132 2366 171 2400 ἐκ
197 2364 263 2411 τῆς
289 2361 476 2400 Οὐτοπίας
501 2361 610 2410 quod
638 2360 873 2400 rideamus:
912 2364 953 2400 et
983 2362 1055 2400 ille
1085 2364 1148 2400 sat
1179 2361 1262 2399 scio
1292 2361 1425 2399 ridere
1451 2360 1572 2399 malit
1598 2375 1723 2411 quam

129 2426 266 2466 curuli
286 2425 481 2464 sublimis
499 2425 609 2464 vehi.
664 2425 832 2465 Budaeo
851 2427 1053 2477 proximis
1077 2426 1230 2465 litteris
1254 2426 1445 2465 excusaui
1465 2428 1505 2464 te
1525 2427 1595 2476 qui
1617 2426 1722 2465 nihil

130 2491 337 2531 scriberes.
1741 2495 1782 2524 40

186 2556 384 2594 Ioannem
415 2569 554 2593 meum
580 2556 622 2594 in
652 2557 851 2606 Angliam
882 2558 1063 2606 remitto,
1090 2557 1198 2607 quod
1229 2557 1462 2606 intelligam
1492 2555 1612 2594 illum
1638 2569 1722 2594 non

176 2663 202 2690 7.
229 2651 376 2681 verbum
395 2652 589 2689 Jss.1vffi3:
620 2662 731 2683 vnum
749 2655 811 2684 LB.
986 2663 1036 2684 10.
1064 2652 1159 2683 della
1183 2677 1191 2685 .
1217 2676 1225 2683 .
1255 2677 1262 2684 .
1292 2662 1340 2683 11.
1368 2651 1495 2682 denari
1513 2654 1648 2688 scripsi:
1675 2640 1722 2678 31⁰

130 2704 223 2733 lau-oe
242 2692 275 2730 9)
295 2712 364 2732 xxx
390 2691 435 2730 ἓν)
458 2705 548 2733 MS:
580 2703 616 2734 di
641 2704 761 2735 valore
786 2704 828 2734 de
853 2713 922 2734 xxx
948 2705 1058 2744 grossi
1084 2706 1147 2734 LB.
1298 2713 1350 2742 23.
1384 2705 1478 2733 MS:
1509 2702 1631 2732 ferunt
1655 2703 1717 2732 [Β.

127 2756 178 2784 25.
205 2748 297 2777 MS:
322 2746 474 2784 iugulari
494 2750 555 2777 LB.

169 2847 199 2876 6.
225 2844 476 2885 Columellam]
493 2854 523 2883 3.
544 2854 593 2883 13,
611 2858 642 2885 4.
660 2857 690 2884 4.
956 2845 1069 2885 Uergi,
1088 2845 1168 2875 Jan.
1190 2845 1282 2883 1516.

211 2887 363 2928 amicus]
382 2888 479 2919 More
495 2898 503 2927 ;
528 2889 570 2919 cf.
588 2889 652 2928 Ep.
667 2890 741 2928 829.
763 2898 776 2918 1
794 2899 828 2920 n.
996 2898 1050 2929 3¹-
1075 2886 1288 2927 Pindarum]
1307 2887 1354 2927 by
1367 2887 1428 2918 the
1442 2896 1538 2917 same
1555 2886 1696 2925 printer
1711 2897 1718 2923 ;

173 2941 220 2971 13.
247 2931 417 2972 irrepere]
442 2931 492 2962 Cf.
514 2932 576 2972 Ep.
592 2933 666 2964 816.
683 2942 713 2964 2.
954 2932 996 2963 ef.
1016 2932 1078 2971 Ep.
1094 2932 1168 2969 642.
1187 2939 1207 2970 5
1221 2941 1259 2961 n.

168 2986 220 3014 29.
244 2974 390 3015 Caluus]
408 2974 471 3005 See
488 2974 550 3014 Ep.
571 2976 645 3014 581.
663 2985 706 3014 30
719 2986 755 3007 n.
996 2985 1049 3014 32.
1074 2972 1288 3013 fragmenta]
1305 2972 1516 3013 apparently
1532 2982 1600 3004 ms.

169 3029 221 3057 30.
246 3017 491 3058 Theocritum]
523 3018 643 3057 Rome,
668 3019 771 3051 Zach.
802 3019 880 3051 cal·
997 3028 1048 3057 39.
1074 3016 1232 3058 Budaeo]
1253 3017 1340 3056 Epp.
1356 3018 1536 3056 778.51-3.
1552 3016 1714 3057 813.4—6.
