2034 3433
143 141 246 196 9r6]
555 143 624 182 ΤΟ
662 142 853 181 ERARD
891 141 965 180 DE
1002 140 1078 180 LA
1115 140 1317 180 MARCK
1648 138 1727 176 489

144 247 377 296 hominum,
413 247 483 286 sed
515 259 616 297 pure
647 259 899 295 syncereque
936 247 1240 296 praedicarent!
1297 245 1453 284 Paulus
1489 244 1602 282 enim
1640 243 1726 293 ipse
1745 255 1808 286 310

144 313 325 351 vinculis
352 312 546 362 alligatus
573 311 773 362 gloriatur
801 324 1033 350 sermonem
1068 311 1241 350 Domini
1269 324 1352 349 non
1382 322 1470 348 esse
1496 309 1724 359 alligatum.

145 377 277 426 Nunc,
300 377 404 428 proh
424 377 553 424 dolor,
574 389 735 415 cernere
754 378 816 415 est
838 377 1036 425 quosdam
1057 376 1138 426 qui,
1159 378 1378 426 potentum
1398 374 1558 414 salariis
1583 374 1626 412 in
1651 373 1727 411 hoc

144 444 282 494 ipsum
315 443 432 483 velut
463 443 749 481 autoramento
782 442 994 492 redempti,
1031 455 1115 480 non
1148 444 1235 480 tam
1269 454 1315 479 ea
1351 439 1589 490 praedicant
1627 451 1728 488 quae

145 508 305 547 faciunt
336 509 386 547 ad
420 506 574 546 Christi
606 507 792 557 gloriam,
830 519 933 556 quae
966 507 1017 545 ad
1050 519 1191 546 veram
1225 506 1430 555 pietatem,
1466 517 1590 555 quam
1624 515 1728 553 quae

144 573 382 612 conducunt
419 573 469 611 ad
508 572 695 610 venanda
732 571 966 619 sacerdotia,
1003 571 1052 609 ad
1091 570 1373 621 illaqueandas
1410 569 1641 620 dignitates,
1678 567 1728 605 ad
1747 579 1808 611 515

145 638 390 677 irretiendos
421 636 696 687 episcopatus:
735 636 792 675 ibi
824 637 954 675 fortes
985 649 1031 675 ac
1060 637 1231 684 vocales,
1263 635 1335 674 vbi
1368 648 1452 674 non
1484 637 1575 673 tuta
1607 633 1729 672 modo

146 716 290 742 verum
318 703 443 741 etiam
471 704 691 752 questuosa
719 703 782 740 est
808 701 1019 750 adulati03
1066 714 1207 740 rursus
1233 700 1305 739 vbi
1333 700 1533 738 damnosa
1559 699 1724 745 veritas,

146 768 276 818 magis
303 767 411 806 muti
439 767 506 805 vel
534 767 634 817 ipsis
660 766 854 817 piscibus.
914 767 1030 815 Quod
1057 766 1092 805 si
1119 766 1179 805 sal
1208 765 1392 804 insulsus
1421 778 1506 803 esse
1536 763 1725 814 coeperit,

146 834 248 884 quid
277 834 460 883 superest
487 833 597 870 vnde
624 831 796 871 saliatur
821 831 1029 882 insipidus
1055 831 1276 881 popellus?
1331 830 1375 869 Si
1395 830 1537 867 lumen
1555 828 1731 867 vertitur

146 898 191 937 in
219 897 419 945 tenebras,
451 897 550 947 quid
579 897 772 935 discutiet
805 897 1022 946 imperitae
1055 895 1340 935 multitudinis
1374 894 1592 943 caliginem
1610 894 1631 931 ⁶?
1687 892 1730 932 Si
1748 901 1810 934 3²0

145 964 328 1013 pastores
346 964 566 1001 vertuntur
585 962 630 1000 in
649 961 778 1012 lupos,
806 975 907 1012 quae
927 975 1018 1011 spes
1038 961 1152 1012 gregi
1167 963 1187 1000 ‘3
1242 961 1286 1000 Si
1305 959 1413 998 coeci
1433 961 1530 997 sunt
1550 958 1621 1008 qui
1639 957 1730 996 viae

146 1028 269 1067 duces
294 1029 404 1076 sunt,
433 1027 525 1077 quis
549 1027 758 1066 reuocabit
783 1027 834 1065 ab
859 1028 1028 1065 errore?
1083 1027 1127 1065 Si
1154 1038 1358 1076 caupones
1381 1027 1480 1063 sunt
1503 1025 1574 1074 qui
1592 1025 1729 1073 patres

142 1106 232 1132 esse
251 1092 463 1140 debebant,
486 1092 578 1142 quis
595 1093 674 1131 erit
692 1105 868 1142 vsquam
886 1091 1128 1141 synceritati
1146 1091 1259 1129 locus
1270 1092 1291 1129 i>

199 1157 369 1196 Adeone
396 1156 490 1207 plus
517 1158 624 1208 apud
653 1170 729 1196 nos
759 1157 868 1196 valet
896 1157 1116 1196 hominum
1144 1159 1276 1195 terror
1304 1168 1429 1205 quam
1461 1154 1586 1192 timor
1619 1152 1730 1190 Dei‘?

147 1222 249 1261 Plus
268 1222 464 1261 humanis
483 1235 608 1272 quam
628 1222 782 1260 diuinis
800 1221 995 1272 praemiis
1014 1234 1324 1260 commouemur
1339 1222 1359 1259 ⁸?
1387 1219 1469 1258 nisi
1488 1218 1591 1257 forte
1610 1217 1731 1256 nobis
1749 1227 1810 1259 325

145 1288 247 1338 ipsis
287 1287 469 1338 primum
511 1287 740 1336 adulamur,
781 1301 862 1337 quo
907 1286 1108 1337 perditius
1153 1285 1371 1325 adulemur
1413 1283 1513 1322 aliis.
1574 1282 1731 1321 Paulus

145 1366 229 1391 non
261 1352 419 1402 patitur
448 1366 684 1403 quenquam
708 1352 928 1391 mortalem
951 1351 1186 1402 praedicari,
1216 1364 1301 1389 non
1333 1349 1489 1401 patitur
1515 1347 1730 1397 Euangelii

144 1417 309 1455 laudem
327 1418 372 1455 in
389 1417 580 1456 homines
599 1417 822 1456 transferri.
880 1418 1000 1456 Nunc
1019 1417 1187 1467 quidam
1205 1416 1319 1455 velut
1338 1415 1549 1466 antiquato
1568 1412 1731 1452 Christo

145 1495 303 1520 nouum
321 1481 575 1521 idololatriae
595 1496 725 1532 genus
746 1482 963 1531 inuehunt,
981 1495 1031 1521 ex
1048 1481 1296 1529 hominibus,
1314 1483 1360 1519 vt
1379 1481 1438 1519 ita
1456 1480 1611 1529 loquar,
1635 1478 1732 1516 deos

145 1545 353 1585 facientes.
421 1547 601 1586 Interim
628 1547 857 1597 imponitur
882 1547 1004 1597 plebi,
1038 1546 1205 1584 interim
1233 1544 1412 1595 populus
1440 1558 1524 1583 non
1553 1541 1731 1592 simplici
1751 1548 1812 1581 330

146 1612 348 1662 premitur
374 1613 606 1662 tyrannide.
667 1613 781 1652 Haec
809 1612 1018 1663 plaerique
1045 1611 1317 1662 perspicimus
1345 1612 1386 1648 et
1412 1613 1621 1656 tacemus3
1656 1620 1731 1645 nec

144 1676 281 1715 solum
313 1678 505 1725 tacemus,
539 1677 608 1717 sed
644 1678 851 1716 diuersam
880 1678 1005 1716 etiam
1032 1679 1193 1727 partem
1221 1676 1477 1715 adiuuamus.
1540 1674 1707 1712 ‘Fateor
1723 1673 1732 1687 '

146 1742 361 1792 inquimus
392 1744 501 1782 ‘esse
528 1745 703 1790 rectum,
732 1743 801 1782 sed
830 1745 971 1782 tutum
999 1757 1082 1782 non
1110 1743 1198 1781 est.'
1267 1742 1311 1780 Si
1339 1741 1448 1792 apud
1477 1739 1733 1780 Christianos

146 1810 287 1847 tutum
307 1822 394 1848 non
412 1812 474 1848 est
493 1810 770 1860 Euangelium
791 1823 891 1859 pure
911 1809 1118 1860 libereque
1131 1808 1372 1859 praedicare,
1389 1806 1559 1845 vbinam
1580 1806 1622 1844 id
1641 1807 1732 1843 tuto

147 1873 254 1913 fiet?
320 1875 436 1923 Quod
465 1875 502 1913 si
527 1874 594 1913 hic
624 1877 761 1914 metus
788 1874 899 1925 apud
926 1887 1072 1913 omnes
1100 1887 1228 1924 aeque
1250 1872 1460 1920 valuisset,
1492 1870 1585 1920 quis
1612 1870 1732 1908 nobis
1751 1881 1811 1914 335

146 1939 384 1978 tradidisset
410 1940 722 1990 Euangelium‘?
778 1941 832 1979 Et
857 1940 949 1978 ideo
974 1939 1160 1978 fortassis
1185 1951 1401 1989 procerum
1426 1950 1544 1976 aures
1570 1935 1732 1985 aegrius

148 2004 290 2042 ferunt
307 2017 406 2044 vera
425 2005 605 2054 consilia,
629 2006 737 2056 quod
759 2005 939 2043 nimium
958 2004 1052 2043 illas
1071 2004 1362 2044 assuefecimus
1380 2000 1659 2041 assentationi.

204 2070 299 2108 Non
325 2070 425 2109 haec
459 2071 602 2121 loquor
634 2085 714 2121 quo
749 2084 984 2122 quenquam
1017 2073 1164 2109 taxem.
1235 2069 1408 2108 Vtinam
1439 2067 1545 2106 nulli
1574 2066 1659 2105 sint
1686 2066 1734 2104 in

149 2147 252 2183 quos
270 2134 369 2173 haec
387 2148 482 2173 vere
500 2138 735 2185 competant
751 2137 759 2174 Σ
826 2135 920 2174 Non
939 2135 1165 2186 prodentur
1183 2148 1207 2173 a
1225 2147 1303 2182 me,
1321 2133 1392 2171 sed
1412 2132 1491 2182 ipsi
1510 2144 1596 2170 sese
1615 2130 1734 2169 libris

146 2199 303 2247 aeditis,
323 2199 403 2249 ipsi
415 2212 458 2238 se
477 2200 654 2249 publicis
674 2200 937 2239 concionibus
957 2199 1143 2250 quotidie
1161 2199 1353 2249 produnt,
1371 2199 1456 2236 tam
1471 2196 1734 2246 impudenter
1753 2206 1814 2238 340

149 2266 404 2304 assentantes
422 2266 468 2303 vt
486 2264 587 2314 ipsis
606 2266 732 2304 etiam
751 2265 893 2303 mimis
912 2264 996 2303 sint
1016 2264 1242 2303 deridiculi.
1286 2263 1377 2301 Vox
1394 2276 1440 2301 ea
1454 2275 1576 2312 quam
1590 2261 1734 2311 pietati

150 2329 327 2367 dicatam
348 2342 435 2368 esse
453 2329 675 2380 oportebat,
698 2329 825 2368 seruit
846 2329 1038 2379 questui,
1068 2342 1169 2379 quae
1195 2328 1336 2366 docere
1361 2327 1534 2366 debebat
1560 2339 1734 2376 regnum

149 2394 369 2442 coelorum,
401 2394 607 2433 subseruit
637 2408 763 2444 regno
795 2394 973 2443 mundi;
1014 2408 1116 2445 quae
1148 2393 1303 2433 Christi
1334 2391 1532 2441 mysteria
1561 2390 1735 2429 debebat

151 2472 348 2508 enarrare,
370 2461 511 2498 narrat
535 2459 754 2498 hominum
781 2459 954 2498 somnia.
1013 2458 1262 2509 Euangelica
1283 2457 1392 2504 tuba,
1422 2469 1546 2506 quam
1571 2455 1733 2493 intendi

151 2523 266 2562 iubet
287 2523 429 2563 Esaias
447 2524 496 2563 ad
516 2524 838 2563 ebuccinandam
859 2524 937 2563 Dei
955 2524 1139 2574 gloriam,
1163 2524 1208 2562 in
1228 2522 1427 2561 citharam
1446 2533 1564 2560 versa
1587 2519 1734 2558 delinit
1752 2531 1813 2563 345

153 2602 271 2627 aures
289 2588 521 2628 hominum.
572 2589 745 2639 Lingua,
765 2602 889 2638 quam
910 2589 1021 2628 idem
1039 2589 1238 2638 gloriatur
1257 2587 1336 2626 sibi
1356 2586 1494 2624 datam
1514 2585 1729 2632 eruditam,

152 2654 203 2692 ad
231 2654 469 2693 reuellenda
495 2654 695 2693 viciorum
724 2654 936 2705 plantaria,
968 2654 1018 2692 ad
1047 2653 1262 2691 inserenda
1289 2651 1448 2690 semina
1476 2650 1654 2700 pietatis,
1682 2650 1733 2687 ad

151 2733 273 2758 vsum
307 2719 428 2771 longe
459 2721 670 2759 diuersum
702 2720 1044 2767 accommodatur,
1077 2719 1225 2757 docens
1254 2717 1363 2767 quod
1393 2729 1476 2754 non
1505 2717 1665 2765 oportet
1692 2717 1734 2753 et

151 2785 358 2826 insectans
390 2787 498 2838 quod
532 2787 747 2826 laudatum
775 2786 970 2836 oportuit.
1027 2784 1187 2834 Lingua
1214 2782 1336 2830 canis,
1371 2794 1451 2831 qua
1479 2780 1613 2819 decuit
1641 2794 1735 2819 cum

196 2873 271 2902 314.
296 2873 386 2937 quzze
402 2864 446 2895 ad
462 2876 481 2894 α
496 2876 502 2896 ;
527 2872 689 2902 quaeque
704 2863 749 2894 ad
766 2875 795 2903 η.
918 2873 990 2903 322.
1017 2864 1104 2893 sunt
1116 2865 1185 2899 post
1202 2860 1308 2891 duces
1323 2872 1343 2890 α
1358 2872 1365 2890 :
1388 2861 1500 2900 agunt
1516 2871 1546 2900 η.
1658 2868 1731 2898 335.

153 2916 261 2946 aeque
277 2917 334 2938 om.
372 2931 380 2938 .

368 3004 440 3034 345.
467 2993 602 3035 Esaias]
620 2995 671 3033 58.
695 3005 721 3025 1.
1078 2993 1150 3032 346.
1177 2990 1332 3031 Lingua]
1350 2991 1396 3022 Is.
1411 3000 1464 3029 50.
1483 3000 1514 3028 4.
