2034 3433
287 169 370 208 380
751 170 1003 210 LETTERS
1043 170 1113 210 OF
1151 169 1420 210 ERASMUS
1753 171 1796 226 [1
1806 184 1827 222 5
1836 185 1851 210 1
1860 175 1882 211 8

288 272 409 303 Julius
425 281 454 302 11
475 272 545 303 and
570 282 643 303 was
667 272 728 302 the
753 272 830 302 first
854 271 1015 303 cardinal
1040 273 1183 304 created
1207 274 1254 313 by
1276 274 1346 305 Leo
1360 283 1395 312 x,
1415 283 1456 312 23
1479 274 1575 313 Sept.
1596 283 1687 314 1513.
1735 276 1883 315 Antony

289 316 479 347 succeeded
496 316 553 346 his
570 315 675 346 uncle
690 324 728 345 as
750 314 814 354 Bp.
841 316 879 345 of
899 316 1034 347 Pistoia
1057 316 1096 346 in
1115 326 1209 358 1519,
1228 317 1301 348 and
1326 317 1534 357 ultimately
1557 326 1595 348 as
1618 318 1790 350 cardinal.
1837 320 1883 351 In

288 359 378 399 Aug.
404 369 485 398 1517
510 360 554 390 he
579 368 651 389 was
675 360 755 388 sent
780 368 817 389 as
846 360 981 390 nuncio
1007 361 1044 390 to
1069 360 1319 399 Switzerland,
1346 361 1383 391 in
1413 362 1610 392 succession
1635 363 1672 392 to
1700 361 1884 394 Filonardi

289 403 430 441 (Pastor
457 403 519 434 vii.
552 403 612 441 158
631 402 696 441 n).
757 401 801 432 In
828 402 890 432 the
915 412 1075 433 summer
1100 404 1140 434 of
1167 405 1248 443 1518
1275 405 1322 435 he
1348 414 1421 435 was
1449 407 1486 435 at
1513 405 1631 443 Basle,
1658 406 1730 436 and
1753 406 1884 437 visited

289 446 458 477 Erasmus
474 446 513 475 in
531 445 701 475 Froben’s
717 455 814 484 press
833 446 936 486 (Epp.
950 447 1023 486 852,
1043 447 1126 486 855;
1151 448 1194 478 cf.
1214 448 1276 487 Ep.
1295 449 1387 489 908),
1405 448 1526 479 where
1544 448 1591 479 he
1607 449 1743 488 bought
1761 459 1781 479 a
1796 459 1885 489 copy

289 489 327 519 of
335 490 477 520 Jerome
489 488 607 529 (BRE.
618 489 671 526 88,
686 497 700 518 1
710 489 763 527 16)
777 501 784 527 3
814 490 879 520 but
893 490 939 529 by
949 490 1023 521 this
1033 491 1123 521 time
1136 491 1180 521 he
1191 491 1263 522 had
1278 491 1449 522 returned
1459 493 1495 522 to
1507 491 1639 522 Zurich
1652 493 1736 530 (Zw.
1749 491 1806 524 13².
1821 501 1861 531 41
1877 503 1885 530 3

289 534 331 564 cf.
361 533 426 571 Ep.
451 535 541 571 729).
588 532 655 562 For
680 533 783 562 other
807 535 883 563 acts
909 533 947 564 of
971 534 1028 564 his
1055 535 1272 565 nunciature
1299 544 1356 565 see
1385 536 1448 574 Ep.
1475 545 1552 575 905,
1580 535 1682 566 BRE.
1706 546 1778 575 149,
1810 545 1883 576 152,

288 576 359 607 and
375 576 444 606 VE.
466 586 528 614 217
544 586 551 614 3
574 575 638 605 but
654 575 708 605 for
725 576 922 616 outspoken
947 578 1119 609 criticism
1144 578 1181 608 of
1202 579 1279 609 him
1298 579 1343 618 by
1358 578 1528 609 Erasmus
1545 579 1588 610 cf.
1611 580 1682 612 LB.
1703 581 1792 619 App.
1809 589 1883 618 317.

288 619 414 659 Capito
446 619 636 650 dedicated
667 621 703 649 to
734 619 811 649 him
844 630 864 650 a
888 621 1104 652 translation
1137 622 1176 652 of
1204 631 1224 652 a
1250 622 1393 662 homily
1419 623 1459 653 of
1486 622 1730 662 Ohrysostom,
1766 622 1884 662 Basle,

288 664 331 694 A.
351 663 557 701 Cartander,
577 663 652 693 Oct.
672 671 779 702 1519;
803 664 875 694 and
900 664 1024 695 Urban
1048 665 1177 705 Regius
1201 667 1240 696 in
1265 666 1323 696 his
1346 669 1390 697 De
1412 669 1561 704 diynitate
1583 669 1784 705 sacerdotum,
1801 666 1843 697 ἕο.
1861 665 1886 696 h

291 706 369 746 [ΕΡ.
384 707 449 745 386
465 706 626 747 introd.),
643 707 768 746 speaks
781 707 871 737 with
890 708 1017 748 eulogy
1031 709 1070 739 of
1080 710 1142 739 the
1160 712 1230 740 two
1247 710 1371 740 Puccis
1387 710 1459 740 and
1476 710 1698 743 Bombasius.
1737 711 1888 749 Antony

288 759 361 780 was
383 750 445 780 the
468 750 598 780 author
620 750 658 780 of
682 760 719 788 14
744 751 923 783 Homilies
943 752 1063 783 which
1087 763 1180 784 were
1205 753 1399 793 published
1424 756 1461 784 at
1484 754 1594 784 Rome
1618 755 1659 784 in
1682 763 1775 793 1553.
1823 753 1888 784 See

289 793 476 824 Ciaconius
494 794 545 824 iii.
561 795 659 833 33728
675 794 747 824 and
763 795 892 836 522,3.]

409 893 615 923 ERASMVS
640 893 973 924 ROTERODAMVS
1002 895 1043 926 R.
1075 896 1116 927 D.
1148 896 1349 927 ANTONIO
1381 897 1555 936 PVCCIO,
1587 897 1760 928 LEGATO

744 963 1019 996 APOSTOLICO
1051 965 1171 995 APVD
1202 964 1431 996 ELVETIOS.

343 1043 539 1081 SALVTEM
556 1043 614 1090 Ρ.7
634 1044 980 1084 reuerendissime
996 1046 1175 1085 domine.
1221 1047 1374 1086 Vereor
1389 1059 1442 1084 ne
1460 1046 1706 1085 iamdudum
1721 1045 1830 1095 apud
1846 1059 1889 1084 se

288 1110 359 1147 tua
406 1108 607 1147 celsitudo
655 1109 879 1148 Erasmum
925 1124 1010 1149 non
1058 1111 1194 1150 solum
1242 1111 1567 1150 inhumanitatis
1614 1111 1890 1150 verumetiam

288 1174 513 1223 insignitae
532 1175 749 1213 cuiusdam
771 1175 1088 1225 ingratitudinis
1113 1190 1231 1216 reum
1255 1179 1361 1227 agat,
1384 1177 1457 1227 qui
1476 1179 1565 1216 tam
1586 1177 1753 1216 obuiam
1772 1179 1891 1216 tuam

287 1239 600 1278 humanitatem
641 1243 836 1289 expertus
874 1255 959 1280 non
1004 1243 1156 1281 saltem
1203 1243 1422 1281 literarum
1464 1243 1597 1281 officio
1641 1242 1890 1281 beneficium

251 1320 268 1349 5
288 1318 520 1355 agnoscam.
580 1306 739 1344 Verum
768 1307 804 1344 si
832 1307 938 1346 scias
966 1321 1093 1358 quam
1121 1308 1349 1358 periculose
1377 1308 1599 1358 plusquam
1627 1310 1891 1347 menstruam

288 1370 484 1419 pituitam
505 1371 713 1421 excipiens
734 1372 925 1412 diarrhea
951 1373 1270 1413 sceleratissima
1298 1387 1383 1413 non
1408 1374 1498 1412 sine
1524 1373 1779 1412 torminibus
1806 1372 1892 1412 alui

289 1449 364 1474 nos
396 1436 598 1484 afflixerit,
636 1450 733 1475 cum
767 1438 936 1476 interim
974 1439 1086 1488 operi
1118 1440 1227 1488 quod
1258 1442 1345 1478 erat
1375 1453 1471 1489 prae
1504 1439 1699 1478 manibus
1727 1451 1892 1489 cogerer

289 1501 483 1550 sufficere,
508 1505 574 1540 sat
600 1503 696 1551 scio,
720 1516 822 1552 quae
848 1507 1021 1543 naturae
1047 1508 1142 1543 tuae
1162 1504 1327 1543 bonitas
1354 1507 1427 1552 est,
1451 1505 1655 1543 doliturus
1680 1504 1737 1542 sis
1763 1504 1890 1543 etiam

289 1566 395 1604 mihi
415 1569 500 1605 tam
520 1567 674 1606 iustam
695 1581 784 1607 esse
804 1570 1122 1609 excusationem.
1174 1570 1236 1608 Eo
1251 1573 1424 1609 ventum
1447 1573 1536 1609 erat
1549 1572 1596 1608 vt
1612 1570 1661 1608 de
1675 1569 1890 1608 condendo

232 1645 270 1665 10
291 1633 543 1671 testamento
571 1633 807 1683 cogitarem.
869 1635 992 1673 Nunc
1017 1635 1255 1685 pestilentia
1278 1635 1463 1685 vndique
1487 1635 1666 1686 gliscens
1689 1648 1767 1673 nos
1790 1634 1891 1673 hinc

289 1696 430 1747 abigit,
464 1711 584 1747 opere
615 1699 803 1737 nondum
834 1699 1039 1748 absoluto,
1066 1701 1184 1739 cuius
1212 1700 1351 1739 studio
1373 1700 1507 1740 vitam
1537 1701 1662 1739 etiam
1691 1700 1892 1738 hactenus

288 1763 629 1812 contempsimus,
652 1777 738 1802 non
758 1766 879 1803 modo
903 1766 1144 1815 pecuniam:
1183 1767 1283 1805 adeo
1308 1767 1414 1805 mihi
1442 1766 1580 1805 studio
1606 1766 1687 1805 fuit
1708 1768 1756 1804 vt
1782 1765 1890 1816 quod

289 1828 417 1866 semel
450 1828 489 1867 S.
520 1829 569 1867 D.
604 1830 652 1868 N.
687 1830 818 1868 Leoni
854 1831 1014 1870 decimo
1048 1832 1289 1880 dedicaram,
1330 1832 1407 1870 illo
1446 1832 1622 1881 dignum
1660 1832 1887 1870 redderem.

289 1893 398 1931 Nam
428 1894 581 1933 aeditio
610 1895 747 1945 prima
776 1896 883 1934 mihi
914 1909 999 1935 non
1030 1910 1102 1946 per
1132 1898 1274 1936 onmia
1303 1897 1517 1945 satisfecit,
1546 1898 1644 1936 licet
1670 1899 1711 1935 et
1738 1897 1812 1935 illa
1839 1896 1891 1936 ab

233 1971 269 2001 15
288 1959 586 1998 eruditissimis
601 1960 833 2010 quibusque
849 1962 1184 2013 doctissimisque
1204 1963 1424 2013 probetur:
1454 1965 1622 2002 tantum
1640 1962 1764 2001 initio
1784 1961 1892 2001 obla-

289 2024 455 2062 trabant
480 2026 646 2074 pauculi
667 2027 959 2076 sycophantae,
984 2029 1054 2067 sed
1074 2029 1244 2077 indocti,
1269 2028 1420 2067 deinde
1444 2029 1516 2079 qui
1541 2041 1758 2078 nunquam
1788 2040 1892 2078 opus

288 2089 485 2139 legerant,
527 2093 736 2140 postremo
775 2093 820 2130 in
858 2093 1071 2132 absentem
1109 2094 1338 2142 duntaxat3
1376 2107 1514 2133 coram
1548 2107 1671 2132 nemo
1704 2093 1892 2133 verbum.

290 2154 411 2193 Nunc
441 2155 581 2203 exibit,
618 2157 663 2194 ni
695 2157 829 2206 fallor,
867 2159 926 2197 sic
958 2159 1214 2198 elaboratum
1244 2163 1291 2198 vt
1323 2173 1485 2210 sperem
1518 2160 1708 2198 futurum
1738 2161 1786 2197 vt
1815 2171 1891 2197 nec

289 2220 425 2259 Leone
449 2234 523 2259 nec
547 2222 783 2271 posteritate
811 2223 1000 2263 videatur
1022 2225 1256 2275 indignum.
1317 2226 1490 2264 Frustra
1519 2237 1695 2272 narrem,
1726 2223 1891 2274 quando

233 2296 271 2317 20
289 2298 412 2324 nemo
447 2287 681 2326 crediturus
718 2288 785 2334 sit,
821 2290 991 2339 quantis
1028 2291 1134 2329 mihi
1172 2291 1406 2330 constiterit
1445 2290 1690 2329 sudoribus:
1727 2289 1891 2328 vtinam

289 2364 431 2400 parem
463 2352 623 2391 adferat
655 2353 884 2393 vtilitatem
923 2355 1172 2405 reipublicae
1205 2356 1491 2395 Christianae!
1529 2355 1638 2394 nihil
1671 2354 1786 2393 enim
1822 2353 1891 2392 hic

289 2415 403 2454 aliud
424 2418 715 2466 spectauimus.

345 2482 477 2529 Quam
508 2483 558 2522 ad
590 2497 677 2522 rem
707 2486 779 2522 tua
808 2499 971 2535 quoque
1004 2486 1240 2525 sublimitas
1274 2500 1359 2526 non
1391 2487 1598 2525 mediocre
1628 2486 1891 2524 momentum

291 2546 451 2586 adferre
470 2549 635 2597 poterit,
660 2550 696 2588 si
716 2563 801 2588 non
821 2551 1062 2600 grauabitur
1081 2565 1104 2590 a
1123 2552 1170 2591 R.
1188 2552 1239 2590 D.
1257 2552 1306 2590 N.
1324 2552 1546 2601 impetrare
1567 2552 1702 2590 Breue
1722 2549 1890 2600 aliquod

234 2623 270 2653 25
291 2624 373 2660 quo
392 2615 569 2652 testetur
588 2628 691 2664 opus
712 2615 789 2653 hoc
805 2616 887 2654 sibi
907 2618 1074 2666 gratum
1094 2630 1204 2656 esse:
1238 2618 1296 2656 ita
1311 2617 1579 2668 sycophantis
1597 2616 1683 2655 illis
1701 2614 1891 2665 pauculis

339 2747 365 2768 1.
394 2737 541 2769 domine
557 2749 614 2770 om.
634 2742 670 2771 F.
772 2742 802 2772 6.
829 2741 1017 2773 diarrhoea
1032 2745 1069 2774 F.
1162 2752 1191 2781 7.
1218 2752 1282 2772 nos
1298 2745 1371 2773 add.
1391 2745 1424 2774 F.
1518 2751 1570 2782 13.
1594 2742 1627 2774 S.
1647 2742 1688 2773 D.
1707 2741 1750 2773 N.
1767 2751 1828 2772 om.
1844 2742 1887 2771 H.

292 2789 343 2818 24.
369 2781 407 2811 R.
428 2781 468 2812 D.
488 2782 528 2812 N.
546 2785 595 2813 E:
620 2793 761 2815 summo
776 2785 944 2824 pontifice
959 2789 1004 2817 H.

337 2911 367 2937 4.
394 2901 679 2944 humanitatem]
698 2903 748 2936 Cf.
766 2903 828 2943 Ep.
842 2905 915 2943 855.
935 2905 1029 2943 6-14.
1127 2905 1162 2936 It
1188 2914 1260 2936 was
1284 2905 1432 2945 printed
1458 2906 1505 2946 by
1537 2906 1575 2937 L.
1607 2905 1740 2943 Sieber,
1773 2903 1890 2941 Basle,

338 2952 367 2980 5.
391 2945 604 2987 periculose]
621 2946 672 2978 Cf.
692 2947 755 2986 Ep.
774 2948 849 2986 847.
868 2957 943 2987 3-7.
1129 2948 1220 2988 1889.

340 2995 390 3017 10.
416 2989 652 3030 testamento]
674 2990 748 3020 The
766 2991 909 3022 earliest
924 2992 1059 3023 known
1211 2992 1439 3033 pestilentia]
1453 2992 1506 3024 cf.
1519 2992 1606 3032 Epp.
1619 2993 1738 3030 801-2,
1752 2991 1826 3020 861.

294 3029 365 3059 will
383 3030 420 3060 of
434 3031 603 3063 Erasmus
620 3034 649 3063 is
666 3033 773 3064 dated
795 3044 836 3064 22
858 3035 938 3066 Jan.
963 3044 1057 3074 1527.
1169 3045 1221 3072 24.
1248 3035 1378 3076 Breue]
1396 3035 1447 3067 Cf·
1466 3036 1528 3074 ΕΡ·
1547 3036 1622 3073 864·
