2034 3433
79 210 127 246 61
139 206 180 260 ⁷]
546 206 699 247 FROM
736 209 973 250 ANTONY
1010 209 1206 253 OLAVA
1618 209 1669 246 35

82 309 185 350 (Epp.
205 319 278 348 437,
296 318 370 349 440,
387 309 478 349 441).
525 308 578 341 No
594 310 686 340 later
701 319 787 349 year
802 312 892 343 than
912 321 992 351 1517
1009 312 1041 343 is
1056 311 1222 352 possible,
1239 320 1277 342 as
1293 310 1355 341 the
1372 309 1481 340 letter
1497 310 1528 340 is
1544 310 1669 350 copied

81 353 121 384 in
138 352 201 384 the
216 353 441 393 manuscript
457 353 504 393 by
517 352 627 384 Hand
645 355 675 384 A
692 353 905 395 (Phrysius;
926 364 987 387 ‘see
1005 356 1069 396 Ep.
1087 357 1162 395 637.
1186 364 1224 394 13
1242 353 1324 395 n.).]

488 439 717 470 ANTONIVS
749 441 898 472 CLAVA
930 441 1111 472 ERASMO
1140 442 1208 473 Ro.
1232 442 1264 472 S.

135 521 294 559 Pmnm
324 519 406 559 Cal.
444 519 628 569 Augusti
663 520 861 570 quaedam
896 521 1002 560 mihi
1035 521 1177 562 Iudoci
1210 522 1330 561 Badii
1366 535 1417 560 ex
1450 521 1672 561 Parrhisiis

80 585 242 624 litterae
273 587 370 624 sunt
400 584 557 633 allatae,
590 585 634 623 in
668 585 818 635 quibus
852 586 1010 626 inclusa
1040 587 1122 626 fuit
1155 587 1289 626 Budei
1319 587 1370 626 ad
1401 589 1442 626 te
1476 587 1672 637 epistola:

78 664 204 701 quam
240 650 338 688 iisce
374 649 480 689 meis
518 650 722 689 occlusam
760 649 909 690 litteris
942 651 1020 690 tibi
1052 652 1303 691 reddendam
1339 652 1489 691 harum
1522 652 1671 691 nuntio

78 716 389 766 quamprimum
409 715 528 765 potui
546 715 746 754 commisi.
806 715 1104 765 Proposueram
1126 718 1210 756 iam
1235 719 1357 756 antea
1375 730 1441 756 me
1461 717 1600 756 isthuc
1621 718 1671 756 ad

79 793 153 820 vos
171 781 358 830 recipere,
377 782 423 819 vt
443 782 484 818 et
503 780 644 819 audire
659 779 816 830 aliquid
836 793 860 819 a
878 783 920 819 te
940 794 988 819 ex
1008 781 1159 820 litteris
1175 783 1352 831 Graecis,
1371 784 1412 821 et
1426 782 1673 822 suauissima
1691 798 1708 830 5

79 847 150 885 tua
176 845 475 884 consuetudine
500 845 702 895 tantisper
725 845 808 883 frui
833 858 1006 895 possem,
1030 848 1131 886 dum
1155 861 1227 896 per
1252 847 1327 887 has
1353 847 1538 897 publicas
1559 860 1671 887 vaca-

79 911 215 950 tiones
245 910 395 949 liceret.
464 910 624 949 Verum
657 910 734 948 hoc
766 910 1025 960 propositum
1055 925 1196 950 meum
1227 912 1306 950 alia
1334 912 1507 961 negotia,
1541 925 1672 963 neque

79 978 196 1026 grata
214 976 321 1014 mihi
342 989 475 1026 neque
500 976 676 1025 accepta,
699 975 927 1014 necessaria
953 978 1105 1025 tamen,
1134 977 1469 1026 interruperunt;
1498 977 1599 1016 adeo
1624 979 1671 1016 vt

79 1043 243 1080 coactus
276 1053 404 1092 vsque
434 1039 594 1087 fuerim,
626 1039 740 1078 domi
767 1040 974 1079 manendo
1003 1041 1246 1080 insuauibus
1277 1041 1522 1091 quibusdam
1550 1042 1671 1081 rebus

80 1108 311 1156 occupatus,
342 1105 600 1144 voluntatem
631 1105 764 1154 ipsam
795 1118 932 1144 meam
961 1108 1120 1145 vertere
1152 1106 1197 1144 in
1228 1106 1526 1145 necessitatem.
1587 1107 1670 1147 Nec
1692 1123 1730 1146 10

80 1171 182 1210 dum
199 1171 325 1210 etiam
347 1169 455 1208 mihi
474 1169 606 1219 liquet
630 1182 811 1219 quonam
831 1170 955 1209 modo
975 1173 1163 1210 excutere
1183 1171 1235 1210 ab
1255 1171 1308 1210 iis
1327 1171 1472 1221 iugum
1490 1171 1644 1222 possim
1660 1188 1670 1221 ;

80 1237 181 1286 quin
210 1236 292 1274 alia
321 1248 482 1286 quoque
511 1234 562 1273 ad
593 1234 691 1273 haec
720 1247 919 1285 perquam
947 1248 1091 1275 vereor
1119 1250 1170 1275 ne
1203 1236 1397 1275 accedant
1431 1249 1516 1275 non
1548 1237 1670 1286 paulo

79 1301 290 1340 odiosiora.
351 1299 650 1338 Huiuscemodi
667 1312 832 1338 mecum
852 1302 963 1339 sorte
984 1301 1130 1351 agitur,
1154 1314 1278 1352 quam
1300 1303 1441 1340 tamen
1460 1301 1670 1342 ferendam

77 1379 165 1405 esse
201 1379 328 1416 aequo
365 1365 507 1404 animo
541 1364 656 1412 duco,
694 1364 823 1404 donec
860 1365 1007 1404 laetior
1044 1366 1246 1405 affulserit
1283 1379 1392 1414 aura,
1427 1366 1464 1404 si
1501 1367 1670 1406 tandem

78 1430 295 1482 quaepiam
321 1443 419 1470 aura
445 1429 592 1469 laetior
618 1429 725 1468 mihi
743 1443 927 1480 vnquam
954 1431 1152 1470 affulsura
1177 1431 1243 1470 sit.
1304 1431 1367 1470 Tu
1392 1431 1531 1480 velim,
1555 1432 1590 1470 si
1615 1432 1671 1471 ita
1692 1448 1728 1480 15

77 1496 158 1535 tibi
188 1496 409 1545 videbitur,
439 1497 482 1534 et
512 1495 562 1533 de
593 1496 702 1533 statu
730 1497 803 1534 tuo
832 1497 873 1534 et
900 1509 953 1535 an
981 1496 1057 1535 has
1085 1496 1287 1546 receperis
1315 1496 1483 1545 litteras,
1514 1499 1607 1536 tum
1635 1498 1671 1536 si

77 1561 176 1612 quid
196 1563 258 1600 est
278 1561 387 1611 quod
406 1573 430 1599 a
448 1573 516 1598 me
535 1559 602 1599 vel
621 1559 712 1598 fieri
730 1560 796 1599 vel
816 1561 951 1600 curari
970 1562 1083 1611 velis,
1107 1562 1172 1600 fac
1197 1575 1264 1600 me
1290 1575 1363 1612 pro
1389 1564 1462 1601 tua
1483 1562 1672 1601 humani·

76 1628 161 1666 tate
179 1625 405 1665 certiorem.
463 1624 576 1665 Vale.

131 1691 317 1731 Salutem
350 1690 518 1730 nomine
549 1703 640 1729 meo
677 1691 901 1740 plurimam
940 1692 1075 1730 dicere
1108 1692 1210 1731 velis
1243 1692 1546 1731 humanissimo
1579 1692 1669 1731 viro

78 1757 127 1796 D.
146 1756 295 1795 Ioanni
314 1756 530 1795 Paludano
549 1757 589 1795 et
609 1755 884 1795 disertissimo
900 1756 1114 1796 Hadriano
1129 1756 1336 1796 Barlando
1356 1759 1397 1796 et
1416 1757 1670 1796 amicissimo
1691 1776 1730 1798 20

77 1821 184 1860 mihi
210 1821 392 1872 Rutgero
419 1820 721 1871 Dryopolitano
749 1820 877 1860 simul
905 1834 951 1859 ac
980 1822 1138 1872 hospiti
1165 1835 1249 1871 su0,
1272 1823 1360 1861 viro
1388 1822 1667 1872 integerrimo.

76 1886 179 1926 Vale
196 1887 350 1926 iterum
369 1887 491 1936 atque
512 1886 675 1934 iterum,
697 1886 900 1925 eximium
920 1886 1044 1926 decus
1063 1889 1268 1927 nostrum.

131 1952 196 1991 Ex
215 1951 414 1991 Gandauo
433 1950 575 1990 Tercio
596 1951 738 1990 Nonas
756 1952 948 2001 Augusti.

423 2083 556 2138 618707
615 2080 747 2122 FROM
780 2080 947 2122 HENRY
979 2080 1269 2124 GLAREANUS.

126 2172 311 2207 Deventer
327 2171 405 2206 MS.
423 2182 478 2216 91,
498 2171 524 2206 f.
545 2182 613 2216 219
629 2176 669 2206 v0
684 2171 750 2216 (α).
1414 2171 1526 2206 Paris.

129 2229 198 2264 LB.
220 2228 316 2274 App.
339 2231 416 2273 158.
1323 2239 1339 2274 5
1360 2230 1503 2275 August
1525 2238 1621 2273 1517.

428 2308 511 2349 [For
527 2308 590 2340 the
606 2308 822 2340 distinction
838 2307 876 2338 of
889 2308 924 2337 al
942 2308 1014 2339 and
1029 2308 1064 2338 α2
1079 2318 1136 2339 see
1152 2309 1214 2348 Ep.
1232 2308 1323 2349 611.]

401 2396 443 2426 D.
471 2394 650 2426 ERASMO
680 2394 988 2426 ROTERODAMO
1019 2395 1284 2425 GLAREANVS
1315 2396 1349 2426 S.

134 2478 181 2517 S1
200 2491 300 2526 erro,
323 2477 564 2516 charissime
585 2476 770 2522 Emsme,
792 2476 900 2526 quod
922 2477 963 2514 te
988 2477 1029 2513 et
1048 2475 1170 2514 vnice
1196 2489 1289 2514 amo
1314 2478 1355 2515 et
1375 2475 1558 2526 vndique
1577 2478 1669 2515 tuas

80 2543 222 2583 laudes
249 2542 448 2593 praedico,
472 2541 650 2580 libenter
678 2541 911 2579 mehercule
941 2553 1040 2579 erro.
1100 2541 1210 2578 Amo
1240 2542 1379 2579 autem
1405 2544 1458 2591 te,
1481 2541 1577 2592 quia
1605 2542 1670 2579 vir

80 2621 123 2647 es
150 2621 243 2647 vere
273 2607 543 2656 Christianus,
573 2606 727 2645 extollo
755 2606 933 2645 subinde
962 2605 1057 2656 quia
1085 2618 1162 2653 me,
1192 2609 1393 2656 quantum
1423 2607 1468 2644 in
1496 2608 1538 2644 te
1567 2607 1665 2655 erat,

79 2672 213 2711 fecisti
231 2685 325 2711 vere
345 2672 654 2720 Christianum;
684 2673 807 2722 atque
829 2672 880 2710 ob
901 2671 978 2710 hoc
1006 2670 1163 2709 mirum
1189 2672 1251 2709 est
1277 2673 1480 2721 quantum
1503 2683 1668 2710 mecum

78 2736 265 2787 gestiam.
315 2737 459 2787 Neque
478 2750 572 2776 sum
592 2737 755 2776 nescius
775 2738 981 2786 quantum
997 2736 1142 2783 dicam,
1163 2748 1256 2774 cum
1274 2749 1369 2775 vere
1385 2736 1669 2775 Christianum
1687 2746 1704 2777 5

511 2835 584 2866 617.
614 2845 662 2865 11.
687 2835 817 2874 possim
835 2836 944 2871 scripsi
961 2845 968 2865 ι
991 2841 1130 2873 possem
1147 2835 1215 2864 MS.

125 2921 200 2952 617.
221 2931 249 2952 1.
266 2921 369 2952 Badii
387 2945 394 2953 .
411 2945 419 2952 .
440 2946 446 2952 .
464 2921 624 2962 litterae]
634 2922 719 2952 This
734 2922 765 2952 is
777 2923 841 2952 not
912 2921 1002 2952 with
1019 2920 1106 2960 Epp.
1123 2930 1222 2960 434‚5
1238 2921 1268 2952 is
1284 2922 1346 2952 not
1363 2931 1555 2961 necessary.

78 2964 195 2995 stated
205 2966 242 2995 to
253 2965 296 2995 be
308 2963 503 2996 addressed
512 2967 549 2996 to
562 2965 729 2996 Erasmus
745 2975 753 3003 ;
769 2965 841 2996 and
955 2975 984 2996 2.
1008 2963 1140 3005 Budei]
1156 2965 1220 3004 Ep.
1237 2965 1311 3004 609.

82 3009 121 3038 in
137 3007 161 3039 1.
178 3017 198 3046 3
213 3007 321 3038 Clava
334 3007 419 3047 only
430 3009 555 3048 speaks
570 3009 608 3039 of
619 3008 841 3048 forwarding
955 3017 1006 3038 21.
1031 3007 1298 3048 Dryopolitano]
1321 3008 1454 3047 Rutger
1469 3008 1612 3040 Rescius
1636 3008 1673 3038 of

81 3060 149 3082 one
165 3051 284 3083 letter.
332 3052 376 3083 So
396 3051 477 3083 that
495 3052 557 3083 the
578 3051 839 3083 identification
911 3051 1093 3091 Maeseyek
1109 3062 1117 3090 3
1142 3061 1198 3082 see
1215 3052 1280 3091 Ep.
1299 3053 1371 3091 546.

835 3119 916 3145 D2
