2034 3433
671 149 741 188 ΤΟ
778 149 856 188 ΤΗ
861 150 1011 188 OMAS
1050 145 1204 189 MORE
1653 151 1732 190 239

138 148 239 203 785]

139 256 250 292 sunt.
309 253 546 292 Lachnerus
572 255 664 292 tum
684 253 908 292 Frobennii
928 267 1041 292 socer
1061 254 1172 292 diem
1193 253 1306 293 obiit.
1363 255 1422 292 At
1448 254 1581 292 nihilo
1600 254 1732 293 secius

138 317 459 369 Frobennia<na>
469 317 629 357 officina
641 319 795 357 nostris
807 319 957 358 studiis
972 319 1146 358 sudabit.
1186 318 1394 369 Lynachri
1406 319 1731 368 Therapeuticen

138 384 326 422 nondum
345 384 486 423 videre
510 384 696 434 contigit,
719 385 855 423 nescio
881 397 960 434 qua
984 384 1241 423 Parisiorum
1263 385 1462 423 aduersus
1482 397 1558 423 nos
1578 384 1732 434 conspi-

138 449 308 488 ratione.
379 449 471 499 Age
501 462 597 487 cum
626 450 808 499 Lupseto
837 449 1014 488 ciuiliter
1043 450 1092 488 de
1120 449 1340 500 appendice
1370 450 1517 499 Copiae
1545 462 1662 488 meae
1689 452 1730 487 et

137 513 269 553 mitte.
1750 526 1789 547 20

192 579 385 618 Pontifex
409 582 450 618 et
473 579 680 629 principes
705 579 860 629 aliquot
890 592 1018 618 nouas
1040 581 1170 630 agunt
1192 580 1422 618 comoedias
1447 582 1731 630 praetexentes

138 644 294 682 bellum
314 644 358 682 in
380 645 532 683 Turcas
548 644 752 683 horribile.
805 645 839 683 O
855 645 1025 684 miseros
1040 645 1194 683 'Furcas
1212 647 1220 683 !
1250 646 1311 683 Ne
1327 646 1506 684 nimium
1522 645 1730 684 seuiamus

138 708 362 748 Christiani
380 711 388 748 !
445 709 559 748 Illud
575 710 700 748 etiam
720 710 771 748 ad
793 723 938 749 vxores
957 710 1149 759 pertinet.
1208 710 1415 760 Cogentur
1434 724 1548 749 arma
1568 723 1730 749 sumere

138 774 276 812 mariti
314 787 468 822 omnes,
510 774 692 813 minores
732 775 1032 825 quinquaginta
1073 775 1203 823 annis,
1244 776 1420 814 maiores
1459 775 1609 825 viginti
1645 789 1726 815 sex.

136 839 194 876 At
227 838 397 877 interim
426 839 616 888 prohibet
644 839 838 878 Pontifex
870 853 923 878 ne
955 853 1102 878 vxores
1129 839 1365 878 absentium
1399 841 1443 878 in
1475 841 1584 879 bello
1618 841 1732 880 domi
1751 853 1788 883 25

138 903 448 954 voluptuentur,
479 905 549 943 sed
577 904 814 943 abstineant
843 918 865 942 a
895 904 1032 943 cultus
1059 904 1273 954 elegantia,
1302 919 1355 944 ne
1383 908 1554 944 vtantur
1579 906 1728 952 sericis,

135 981 236 1007 auro
265 971 337 1008 aut
364 969 540 1019 gemmis
567 969 679 1016 vnis,
707 969 850 1008 fucum
876 969 1041 1007 nullum
1070 969 1288 1019 attingant,
1315 970 1463 1009 vinum
1491 984 1542 1009 ne
1571 971 1725 1019 bibant,

136 1034 323 1073 ieiunent
351 1034 496 1072 diebus
523 1034 720 1082 alternis3
756 1048 835 1084 quo
864 1034 996 1084 magis
1027 1035 1139 1074 Deus
1171 1035 1305 1074 faueat
1343 1036 1502 1075 maritis
1539 1037 1582 1075 in
1622 1037 1730 1076 bello

137 1101 223 1137 tam
261 1100 430 1137 cruento
468 1099 738 1138 versantibus.
813 1099 928 1147 Quod
968 1099 1003 1137 si
1036 1100 1106 1149 qui
1140 1102 1264 1138 erunt
1296 1101 1366 1150 qui
1403 1101 1515 1139 domi
1554 1102 1732 1152 negociis

136 1163 374 1202 necessariis
403 1164 636 1214 alligantur,
669 1164 802 1203 nihilo
830 1164 970 1203 minus
998 1178 1146 1203 vxores
1177 1168 1343 1204 seruent
1370 1166 1512 1205 eadem
1542 1180 1619 1216 que
1649 1180 1730 1206 ser·
1749 1179 1789 1210 30

136 1229 272 1267 uanda
311 1229 480 1267 fuerant
516 1229 677 1268 maritis
714 1229 758 1267 in
796 1229 954 1268 bellum
992 1230 1197 1278 profectis.
1257 1230 1475 1269 Dormiant
1504 1232 1548 1269 in
1586 1233 1730 1270 eodem

135 1294 333 1343 cubiculo,
357 1295 426 1333 sed
445 1295 563 1333 lectis
582 1295 714 1333 diuise
733 1311 741 1343 ;
772 1308 846 1334 nec
868 1295 1055 1334 osculum
1075 1295 1245 1335 interim
1265 1296 1395 1344 detur,
1420 1297 1548 1335 donec
1571 1297 1730 1336 bellum

134 1359 213 1398 hoc
242 1359 425 1398 terribile
453 1360 618 1398 fauente
650 1360 817 1399 Christo
851 1360 1023 1399 feliciter
1060 1361 1294 1399 confectum
1322 1362 1458 1400 fuerit.
1531 1362 1623 1401 Scio
1656 1364 1730 1402 hec

135 1424 309 1462 molesta
326 1424 413 1463 fore
433 1425 578 1463 multis
595 1425 794 1464 vxoribus
813 1439 898 1464 non
918 1426 1018 1465 satis
1037 1426 1385 1476 perpendentibus
1401 1427 1560 1476 negocii
1574 1428 1730 1478 magni-

133 1489 346 1537 tudinem3
377 1502 611 1540 quanquam
639 1504 810 1529 vxorem
838 1493 954 1530 tuam
982 1504 1055 1540 pro
1074 1504 1147 1529 sua
1166 1492 1385 1540 prudentia
1404 1505 1560 1542 proque
1580 1492 1729 1542 pietate
1749 1506 1788 1537 35

86 1551 90 1554 ⁵
133 1554 177 1592 in
196 1568 286 1592 rem
306 1554 516 1604 religionis
536 1555 769 1594 Christiane
789 1556 872 1594 scio
892 1556 1070 1595 libenter
1089 1556 1215 1594 etiam
1236 1557 1622 1606 obtemperaturam.

188 1619 310 1658 Mitto
334 1619 522 1658 libellum
542 1619 673 1669 Pacei‚
699 1621 993 1660 Conclusiones
1020 1621 1071 1660 de
1089 1621 1220 1660 veniis
1240 1621 1505 1670 Pontificum,
1529 1624 1571 1661 et
1592 1623 1729 1662 Consi-

134 1685 239 1724 lium
260 1686 310 1723 de
324 1685 433 1724 bello
446 1686 491 1724 in
506 1686 661 1724 Turcas
676 1686 943 1736 suscipiendo,
961 1688 1070 1736 quod
1090 1687 1164 1725 hec
1179 1687 1405 1736 suspicarer
1418 1687 1526 1726 istuc
1542 1688 1728 1727 nondum

133 1763 221 1789 esse
244 1750 386 1790 delata.
446 1751 640 1790 Scribunt
669 1753 719 1790 ad
743 1765 811 1790 me
840 1765 889 1791 ex
917 1752 1087 1792 Colonia
1115 1753 1227 1802 typis
1255 1753 1337 1792 iam
1368 1766 1566 1791 excusum
1591 1754 1729 1792 nescio

136 1816 234 1866 quid
270 1815 401 1854 libelli
439 1816 489 1854 de
522 1816 633 1855 Iulio
667 1817 902 1867 disputante
936 1830 1031 1856 cum
1064 1817 1189 1855 Petro
1221 1818 1271 1855 ad
1303 1818 1489 1856 hostium
1525 1818 1789 1868 paradisi;40

135 1894 288 1919 nomen
316 1881 469 1919 autoris
497 1895 581 1920 non
609 1882 830 1921 ascribunt.
891 1883 985 1921 Non
1009 1882 1196 1921 desinent
1220 1883 1401 1921 insanire
1426 1884 1728 1922 Germanorum

135 1945 329 1991 officinae,
346 1947 473 1984 donec
488 1947 555 1985 lex
574 1947 711 1997 aliqua
725 1948 1002 1986 temeritatem
1017 1948 1188 1986 illorum
1203 1950 1383 1986 coerceat
1398 1963 1407 1996 3
1436 1962 1586 1998 magno
1602 1949 1727 1987 etiam

135 2012 276 2049 nostro
304 2011 415 2049 malo
439 2011 510 2061 qui
538 2012 684 2050 damus
707 2026 873 2062 operam
903 2015 950 2051 vt
978 2012 1185 2062 prosimus
1214 2013 1313 2051 orbi.
1373 2013 1467 2051 Non
1495 2027 1599 2063 queo
1627 2013 1727 2052 satis

136 2075 328 2114 admirari
348 2088 422 2114 nec
443 2076 704 2115 Franciscum
732 2091 806 2116 nec
835 2078 1008 2115 Petrum
1033 2077 1218 2116 coclitem
1248 2078 1467 2128 quicquam
1491 2078 1725 2116 litterarum

133 2142 215 2180 huc
234 2141 430 2179 attulisse.
1743 2154 1783 2184 45

189 2207 271 2245 Oro
293 2207 340 2244 vt
367 2205 477 2245 sinas
506 2219 648 2244 meum
676 2220 850 2256 puerum
881 2220 1007 2245 vnam
1035 2209 1106 2245 aut
1134 2207 1309 2245 alteram
1333 2209 1496 2245 noctem
1522 2221 1615 2245 cum
1642 2208 1726 2246 tuis

182 2337 229 2366 17.
257 2327 432 2358 Frobenia
447 2330 518 2358 MS.
687 2336 738 2358 21.
766 2329 818 2357 LB
834 2339 839 2357 :
861 2327 1059 2358 comoedias
1075 2329 1142 2358 MS.

135 2381 188 2410 37.
213 2371 415 2402 Consilium
432 2373 564 2407 scripsi:
590 2371 740 2401 consilio
756 2373 825 2400 MS.

1318 2337 1369 2366 30.
1393 2330 1465 2358 LB:
1490 2330 1637 2359 seruant
1652 2332 1720 2360 MS.

180 2490 228 2518 17.
253 2479 552 2520 Therapeuticen]
574 2479 719 2511 Galen’s
737 2482 895 2510 Metlzodus

133 2526 284 2562 medendi,
302 2523 422 2553 which
439 2523 589 2553 Linacre
599 2523 670 2554 had
683 2523 892 2554 translated.

134 2566 222 2597 Like
248 2567 307 2597 his
332 2567 499 2606 previous
522 2567 620 2597 work
649 2567 707 2607 (cf.
728 2567 792 2607 Ep.
816 2576 890 2606 502.

138 2619 176 2649 15
204 2609 258 2649 n.)
296 2610 326 2640 it
356 2619 429 2640 was
458 2610 604 2649 printed
637 2611 677 2641 in
708 2611 818 2649 Paris,
853 2611 892 2641 G.

134 2653 293 2692 Hittorp‚
319 2653 413 2683 June
437 2663 533 2693 1519,
549 2653 666 2684 under
687 2653 750 2685 the
772 2663 892 2693 super-

132 2696 250 2727 vision
283 2695 320 2726 of
346 2696 488 2736 Lupset.
535 2697 599 2728 See
630 2696 717 2728 BE4.
749 2707 800 2736 20,
826 2699 892 2736 363

133 2740 206 2770 and
221 2739 264 2770 cf.
286 2739 350 2779 Ep.
372 2740 435 2778 854
459 2740 589 2771 introd.
637 2740 806 2772 Erasmus
821 2751 893 2771 was

134 2783 286 2823 perhaps
302 2783 419 2813 under
427 2783 491 2814 the
504 2785 719 2822 impression
734 2784 816 2815 that
831 2785 893 2815 the

135 2826 223 2857 book
240 2835 311 2857 was
329 2825 473 2865 already
492 2827 704 2866 published;
734 2827 776 2858 cf.
803 2828 891 2868 Epp.

136 2871 206 2908 764-
227 2880 257 2909 9,
276 2870 351 2907 829-
368 2878 419 2908 25-

183 2922 230 2951 19.
258 2912 468 2952 appendice]
487 2913 538 2944 Cf.
558 2913 621 2953 Ep.
637 2915 712 2953 690.
729 2916 751 2944 6
767 2925 801 2945 n.

178 2966 230 2994 37.
257 2955 374 2996 Pacci]
401 2956 451 2988 cf.
475 2956 564 2997 Epp.
591 2966 662 2987 211.
688 2968 729 2996 43
745 2968 793 2997 n..
821 2968 892 2997 732.

136 3008 175 3037 53
192 3009 227 3030 n.
244 3000 316 3031 and
335 3000 407 3038 776.

1062 2479 1331 2520 Conclusiones]
1373 2480 1538 2510 Luther’s
1578 2480 1721 2520 Theses,

963 2523 1081 2554 which
1108 2532 1200 2554 were
1226 2523 1349 2562 posted
1375 2534 1413 2562 31
1438 2524 1512 2555 Oct.
1540 2533 1632 2564 1517,
1651 2526 1722 2556 and

961 2566 1107 2606 printed
1134 2569 1170 2597 at
1197 2566 1425 2606 Wittenberg
1451 2567 1591 2606 shortly
1619 2568 1721 2599 after-

960 2610 1086 2641 wards.
1132 2610 1280 2641 Scheurl
1301 2620 1371 2641 was
1395 2610 1546 2650 sending
1568 2611 1667 2642 them
1685 2613 1722 2642 to

961 2653 1099 2684 friends
1126 2654 1164 2684 in
1195 2653 1278 2685 Nov.
1314 2663 1394 2692 1517
1426 2654 1497 2684 and
1527 2654 1610 2686 Jan.
1638 2656 1721 2694 1518

962 2697 1042 2735 KSE.
1066 2697 1185 2736 153-6)
1201 2707 1209 2734 ;
1227 2696 1299 2727 and
1320 2698 1359 2727 in
1384 2697 1448 2728 SE.
1474 2698 1536 2727 160
1554 2698 1642 2737 they
1662 2708 1721 2729 are

961 2740 1078 2780 styled
1102 2740 1266 2770 Luther's
1297 2740 1570 2771 ‘conclusiones
1596 2741 1640 2771 de
1667 2742 1722 2772 in-

960 2783 1184 2824 dulgentiis'.
1232 2783 1283 2814 Cf.
1301 2784 1372 2814 also
1389 2784 1456 2814 SE.
1470 2793 1539 2822 150,
1558 2794 1627 2824 157,
1647 2786 1718 2825 158.

1047 2826 1264 2867 Consilium]
1295 2827 1369 2858 The
1403 2827 1582 2867 proposals
1615 2828 1669 2858 for
1701 2838 1720 2859 a

960 2870 1115 2901 Crusade
1143 2870 1266 2901 drawn
1291 2880 1339 2909 up
1363 2872 1400 2901 at
1428 2870 1536 2901 Rome
1568 2873 1607 2901 16
1632 2872 1718 2904 Nov.

964 2923 1068 2952 1517;
1093 2923 1148 2944 see
1169 2913 1385 2952 Raynaldus‚
1410 2916 1529 2946 Annaz.
1554 2917 1632 2946 Eccl.
1657 2916 1719 2947 xii.

964 2959 1098 2996 169—73‚
1118 2957 1188 2987 and
1206 2957 1329 2988 Pastor
1344 2958 1408 2988 vii.
1424 2967 1487 2996 223
1503 2967 1573 2996 seq.

1004 3011 1054 3039 40.
1080 2999 1192 3040 Iulio]
1208 3001 1271 3031 See
1287 3001 1346 3041 Ep.
1367 3010 1430 3040 502
1445 3001 1577 3034 introd.
