2034 3433
216 1236 253 1256 10

269 107 323 146 22
732 109 983 150 LETTERS
1021 109 1091 148 OF
1127 109 1393 150 ERASMUS
1730 107 1856 164 [1517

656 230 753 271 609.
813 228 944 269 FROM
980 226 1195 268 WILLIAM
1227 228 1462 270 BUDAEUS.

316 315 506 353 Deventer
523 317 598 354 MS.
619 329 674 364 91,
694 318 719 353 f.
742 327 808 364 179
826 323 879 353 v0.
1566 316 1733 365 (Paris.)

316 373 389 410 LB.
407 374 501 421 App.
523 387 601 421 149.
1490 384 1533 421 17
1549 376 1639 422 July
1659 375 1811 424 (1517)-

315 454 405 496 [The
421 455 602 494 year—date
619 456 648 486 is
665 453 800 494 clearly
816 453 998 485 indicated
1014 454 1061 493 by
1077 454 1141 485 the
1157 455 1332 487 contents.
1376 454 1445 486 For
1456 465 1476 486 a
1492 455 1645 496 possible
1657 464 1796 487 answer
1812 455 1860 489 cf.

273 498 300 528 E
328 523 334 529 .
352 499 389 528 81
421 524 427 530 .
525 523 533 530 .

302 508 324 538 p
396 509 416 529 ο
444 498 553 540 34¹¹]
821 551 1027 581 BVDAEVS
1058 551 1240 582 ERASMO
1270 552 1306 583 S.

325 633 551 672 MATVTINO
571 633 621 672 ad
642 633 766 671 Badii
785 632 991 671 officinam
1016 632 1211 671 miseram
1241 634 1554 682 percunctatum
1575 647 1627 672 an
1643 634 1714 672 ille
1734 633 1862 673 istinc

271 698 467 747 rediisset,
501 699 669 748 cupiens
697 698 911 748 quippiam
950 697 1000 735 de
1027 700 1068 736 te
1094 700 1137 736 et
1167 697 1381 736 Tonstallo
1408 698 1490 737 iam
1528 712 1622 738 meo
1647 699 1790 738 audire
1819 701 1861 738 et

271 776 374 801 num
392 764 462 802 ille
487 763 647 801 litteras
667 776 779 801 meas
809 763 1041 812 accepisset.
1097 763 1256 802 Badius
1274 763 1326 801 ad
1354 776 1420 801 me
1447 763 1612 814 scripsit-
1631 764 1795 803 litteras
1818 767 1863 803 te

270 841 383 866 meas
410 828 613 877 accepisse
640 829 682 866 et
708 828 758 866 ad
785 828 1045 866 Tonstallum
1068 828 1328 878 perferendas
1351 841 1541 867 curasse:
1568 830 1750 879 tuncque
1769 843 1865 879 pro·

272 894 476 931 fecturum
495 893 602 931 istuc
621 893 902 941 tabellarium,
923 893 1059 943 siquid
1079 894 1129 932 ad
1150 895 1190 932 te
1210 893 1374 933 vellem.
1434 894 1630 932 Primum
1652 894 1862 944 indignari

271 959 382 1008 coepi
411 959 519 1008 quod
545 959 745 997 Erasmus
769 972 843 1008 per
871 958 1054 997 Badium
1083 972 1135 997 ne
1160 959 1334 997 salutem
1355 958 1523 1009 quidem
1543 960 1593 998 ad
1614 972 1693 1009 me,
1714 959 1861 998 deinde

270 1023 397 1062 statui
417 1037 502 1062 non
522 1024 710 1063 scribere.
768 1023 984 1062 Postremo
1003 1024 1138 1073 legere
1159 1024 1271 1074 coepi
1289 1024 1499 1063 scedulam
1520 1025 1717 1075 epistolae
1736 1037 1863 1074 quam

274 1089 377 1139 (ad)
418 1089 679 1128 Tonstallum
717 1090 971 1140 scripseram,
1008 1092 1054 1128 vt
1092 1090 1378 1128 meminissem
1417 1089 1665 1139 argumenti.
1724 1089 1777 1128 In
1815 1103 1863 1128 ea

271 1154 426 1193 offendi
456 1168 588 1193 vnum
621 1157 805 1193 erratum
833 1167 976 1193 meum
1001 1154 1046 1192 in
1074 1155 1142 1193 his
1166 1154 1327 1193 verbis:
1368 1154 1611 1193 ‘Excitante
1636 1168 1704 1193 me
1732 1155 1864 1205 patris

271 1219 470 1269 exemplo,
506 1220 715 1258 doctrinae
743 1219 955 1258 laudatore
981 1222 1022 1258 et
1054 1219 1257 1259 librorum
1292 1219 1605 1259 emacissimo':
1643 1221 1715 1270 qui
1752 1233 1865 1259 error

272 1285 378 1323 mihi
405 1285 584 1335 obrepsit
612 1287 780 1335 propter
803 1284 978 1323 verbum
1002 1286 1168 1333 exemplo
1195 1285 1305 1324 inter
1330 1286 1411 1324 duo
1437 1285 1564 1324 verba
1592 1285 1859 1335 superposito,

271 1364 365 1389 cum
385 1351 498 1400 prius
521 1352 626 1389 esset
646 1351 853 1389 Excitante
875 1363 935 1389 me
953 1354 1083 1399 patre.
1140 1351 1277 1400 Igitur
1301 1350 1337 1389 si
1363 1350 1522 1389 litteras
1550 1363 1663 1389 meas
1686 1351 1859 1398 videbis,

272 1418 311 1454 et
332 1415 442 1454 idem
461 1417 540 1454 erit
560 1418 742 1454 erratum
761 1416 806 1453 in
826 1415 877 1453 iis
897 1415 1108 1466 scriptum,
1131 1416 1256 1466 idque
1275 1415 1594 1465 autographum,
1615 1416 1686 1454 vbi
1713 1416 1862 1466 paulis-

272 1495 345 1531 per
382 1495 449 1519 me
482 1481 674 1529 irriseris,
709 1481 873 1519 curabis
910 1481 1120 1531 genitiuos
1153 1494 1270 1519 casus
1301 1494 1378 1531 pro
1411 1481 1605 1519 ablat-iuis
1632 1481 1860 1530 ponendos.

272 1547 411 1586 Velim
431 1549 571 1585 autem
590 1550 637 1586 vt
657 1547 760 1586 scias
779 1547 837 1586 ita
857 1560 922 1586 me
942 1547 992 1585 ad
1012 1550 1131 1586 tuum
1147 1547 1326 1586 amicum
1345 1547 1558 1597 scripsisse
1574 1547 1864 1597 longissimam

272 1613 498 1664 epistolam,
519 1616 564 1652 vt
584 1614 692 1652 mihi
714 1627 789 1664 pro
809 1613 970 1652 duabus
993 1627 1197 1652 cessuram
1225 1626 1317 1652 eam
1344 1626 1561 1663 sperarem,
1583 1626 1678 1651 cum
1697 1614 1864 1652 Erasmi

272 1679 420 1716 multis
456 1678 501 1716 in
531 1678 632 1717 locis
669 1678 946 1717 meminerim.
1001 1679 1069 1717 Ad
1103 1680 1312 1728 vtrunque
1344 1678 1475 1728 igitur
1510 1678 1720 1728 scripsisse
1755 1679 1864 1718 mihi

273 1744 428 1791 videor,
452 1747 493 1784 et
513 1747 559 1783 tu
579 1744 685 1782 nihil
705 1757 874 1794 prorsus
893 1744 944 1782 ad
964 1758 1042 1791 me,
1066 1744 1310 1794 praesertim
1329 1744 1406 1782 hoc
1424 1744 1649 1784 tabellario.

328 1811 615 1849 Nouissimum
627 1813 702 1849 ate
714 1810 950 1860 epistolium
964 1811 1098 1860 accepi
1111 1810 1218 1860 quod
1232 1810 1403 1860 pertulit
1416 1809 1626 1848 Henricus
1639 1809 1866 1849 Glareanus

219 1890 258 1911 20
274 1874 508 1923 HeluetiuS,
530 1876 665 1924 homo,
688 1878 734 1914 vt
761 1875 839 1914 tibi
867 1876 998 1924 credo,
1021 1875 1319 1914 amicissimus:
1349 1888 1472 1925 quem
1490 1876 1632 1924 postea
1659 1888 1741 1913 non
1759 1876 1860 1914 vidi.

239 2216 254 2246 5
275 2216 380 2241 mus.

273 1942 376 1980 Eius
402 1941 580 1993 epistolii
605 1941 856 1992 principium
884 1941 950 1979 his
977 1941 1114 1980 verbis
1140 1940 1365 1990 scripsisti:
1397 1943 1405 1959 ‘
1421 1940 1580 1991 opinor
1601 1940 1683 1979 iam
1712 1941 1866 1980 vidisse

274 2009 435 2045 nostras
464 2007 510 2044 in
548 2006 715 2045 Nouum
754 2007 1068 2045 Testamentum
1107 2005 1406 2052 annotationes,
1437 2006 1483 2044 in
1521 2005 1672 2056 quibus
1709 2006 1868 2045 Budaei

273 2073 406 2111 nostri
440 2072 760 2120 meminimus'3
789 2074 830 2110 et
859 2072 1029 2121 reliqua.
1091 2073 1273 2121 ‘Quaeso
1301 2075 1348 2111 vt
1384 2086 1509 2122 opera
1537 2072 1751 2111 communi
1777 2086 1867 2112 rem

274 2150 541 2176 communem
568 2137 763 2176 adiuues:
792 2150 866 2176 nos
892 2140 1096 2187 quantum
1124 2138 1190 2176 hic
1215 2151 1290 2188 pro
1315 2140 1502 2188 tempore
1524 2137 1643 2177 licuit
1661 2138 1867 2188 praestiti-

437 2202 652 2241 Hactenus
681 2202 732 2240 de
757 2202 1121 2242 annotationibus?
1187 2202 1301 2243 Haec
1333 2204 1458 2242 verba
1491 2203 1591 2253 quid
1619 2203 1703 2242 sibi
1730 2203 1864 2243 velint

316 2315 346 2345 8.
375 2313 599 2345 Tonstallum
616 2316 684 2344 MS.
700 2323 709 2345 t
725 2311 906 2343 Tonstallo
919 2314 983 2343 ΕΒ.

274 2359 384 2397 386‚7.
476 2368 524 2397 13.
549 2357 827 2397 autrographum
843 2359 911 2387 MS.

275 2402 341 2432 tibi
358 2403 436 2432 com’.
451 2404 516 2432 LB.

1074 2322 1106 2351 9.
1129 2313 1275 2343 tantum
1290 2314 1361 2343 ante
1375 2311 1488 2352 patris
1505 2314 1580 2343 add.
1596 2313 1651 2342 LB
1666 2322 1703 2343 ex
1713 2315 1772 2349 Ep.
1786 2313 1862 2351 583.

993 2356 1174 2396 paulisper
1188 2358 1262 2386 LB:
1287 2355 1405 2396 paulis
1415 2366 1442 2397 p
1458 2357 1526 2386 MS.
1616 2366 1667 2386 20.
1693 2358 1732 2387 vt
1748 2357 1865 2397 credo,

319 2499 346 2518 2.
374 2489 445 2518 iam
469 2487 563 2527 meo]
589 2488 694 2518 Since
719 2487 780 2518 the
806 2487 1038 2527 interchange

275 2533 312 2563 of
325 2532 412 2572 Epp.
430 2541 489 2570 571
509 2531 579 2561 and
597 2532 672 2570 583.

1104 2486 1177 2517 fore
1188 2486 1230 2517 be
1241 2486 1347 2517 dated
1358 2486 1472 2517 before
1484 2486 1663 2517 Erasmus’
1675 2485 1866 2526 departure

1105 2530 1195 2561 from
1218 2530 1332 2567 Basle,
1354 2540 1380 2560 c.
1406 2539 1444 2559 12
1465 2529 1547 2569 May
1569 2531 1661 2568 1516.
1707 2531 1771 2570 Ep.
1790 2532 1866 2570 463.

317 2585 348 2614 3.
371 2574 526 2615 litteras]
545 2574 606 2614 Ep.
626 2575 708 2613 583;
732 2575 770 2604 in
788 2574 874 2605 each
890 2583 978 2605 case.

322 2629 370 2657 14.
388 2617 1038 2658 curabis]Erasmusseeminglyforgot

277 2664 312 2693 to
321 2662 423 2692 make
430 2662 505 2692 this
512 2662 706 2692 correction
717 2661 839 2700 ;cf.Ep.
851 2663 924 2700 583.
935 2661 1037 2700 387n.

323 2715 372 2743 19.
394 2703 615 2745 epistolium]
627 2704 672 2736 M.
686 2704 887 2735 Delaruelle
897 2704 1039 2743 acutely

277 2750 396 2788 points
411 2753 473 2779 out
490 2748 570 2778 that
587 2748 661 2778 this
677 2750 774 2777 must
795 2748 885 2778 have
905 2748 997 2778 been
1018 2756 1040 2778 a

277 2793 387 2823 letter
401 2792 438 2822 of
451 2791 698 2822 introduction
713 2791 817 2830 given
834 2792 939 2822 when
956 2791 1038 2822 Gla.-

278 2845 407 2866 reanus
425 2845 495 2865 was
512 2835 684 2874 thinking
701 2835 738 2865 of
750 2836 856 2873 going
871 2837 907 2865 to
924 2835 1039 2866 Paris.

279 2880 314 2909 It
350 2888 423 2909 was
467 2878 697 2918 presumably
733 2879 883 2908 written
921 2878 1039 2908 before

281 2932 322 2961 19
335 2922 428 2952 June
449 2923 538 2960 1516,
559 2923 665 2952 when
688 2921 855 2951 Erasmus
878 2920 1039 2951 received

279 2966 342 3005 Ep.
361 2975 424 3005 403
442 2965 521 3007 (Ep.
539 2975 613 3003 421.
632 2965 702 3002 23)
720 2975 729 2996 ε
745 2964 817 2995 and
830 2974 911 3004 may
923 2965 1042 2996 there·

1105 2583 1190 2612 41—3
1199 2573 1316 2604 shows
1327 2573 1454 2604 thatin
1467 2573 1561 2613 Sept.
1576 2575 1659 2612 1516
1669 2573 1867 2605 Glareanus

1105 2616 1177 2647 had
1195 2618 1283 2647 been
1298 2617 1351 2647 for
1367 2626 1463 2647 some
1478 2618 1567 2647 time
1580 2617 1801 2657 negotiating
1812 2618 1866 2649 for

1106 2670 1125 2690 a
1142 2670 1243 2691 move
1261 2662 1297 2691 to
1314 2660 1414 2690 Paris
1431 2670 1445 2698 ;,
1462 2660 1534 2690 and
1556 2659 1619 2700 Ep.
1642 2670 1704 2699 417
1721 2661 1802 2692 that
1817 2662 1867 2701 by

1106 2713 1125 2742 5
1142 2704 1235 2734 June
1254 2705 1337 2742 1516
1352 2703 1519 2734 Erasmus
1539 2713 1612 2734 was
1633 2705 1867 2744 contemplat-

1105 2748 1167 2787 ing
1181 2757 1201 2778 a
1217 2756 1296 2776 new
1312 2746 1447 2777 edition
1464 2748 1500 2777 of
1514 2746 1577 2777 the
1592 2748 1678 2778 New
1694 2747 1786 2778 Test.

1191 2789 1407 2831 Glareanus]
1423 2789 1479 2820 He
1490 2792 1585 2821 went
1598 2793 1635 2821 to
1647 2791 1746 2821 Paris
1758 2792 1865 2822 about

1105 2833 1168 2864 the
1183 2833 1253 2864 end
1270 2834 1307 2864 of
1323 2833 1403 2873 May
1423 2842 1503 2872 1517
1521 2845 1530 2873 ;
1553 2834 1599 2866 cf.
1615 2834 1702 2875 Epp.
1719 2844 1792 2874 575.
1809 2836 1866 2874 48,

1107 2879 1180 2917 581.
1197 2877 1292 2908 26-8.

1149 2930 1202 2952 20.
1228 2920 1481 2961 amicissimus]
1506 2920 1558 2951 Of.
1578 2920 1640 2961 Ep.
1657 2931 1730 2960 440.
1747 2922 1782 2952 6.

1150 2973 1203 3003 23.
1229 2964 1477 3005 meminimus]
1495 2964 1547 2997 Cf.
1560 2965 1621 3004 Ep.
1635 2975 1709 3004 403.
1726 2974 1768 3004 52
1783 2973 1822 2996 11.
