2034 3433
310 141 387 179 178
773 137 1023 177 LETTERS
1062 136 1130 174 OF
1168 134 1434 173 ERAsMUS
1775 132 1898 187 [1517

309 245 418 295 quod
456 243 720 283 verissimum
758 244 830 289 est,
872 254 956 278 non
997 238 1260 277 mediocriter
1304 238 1356 276 ad
1396 238 1653 276 Christianae
1691 239 1903 288 religionis

308 311 599 349 ornamentum
623 309 752 346 facere
780 319 830 344 ne
858 305 957 355 quid
984 303 1155 342 omnino
1183 305 1353 342 canatur
1380 305 1451 341 aut
1477 303 1638 353 legatur
1661 304 1706 341 in
1734 303 1904 353 templis

309 376 417 425 quod
449 388 532 413 non
564 372 807 422 grauissimo
841 368 1161 418 doctissimoque
1191 368 1340 417 cuique
1374 368 1534 416 placere
1569 369 1700 418 queat,
1733 368 1811 407 hoc
1842 372 1904 407 est

243 449 290 481 60
308 441 416 491 quod
450 453 533 478 non
564 451 615 476 ex
648 436 805 475 diuinis
837 434 956 473 libris
988 434 1187 472 haustum
1217 432 1282 480 sit,
1313 435 1385 472 aut
1416 435 1524 472 certe
1555 446 1579 471 a
1608 433 1710 472 viris
1741 433 1905 472 eximiis

307 505 546 555 profectum.
608 502 727 540 Nunc
759 500 920 547 Siculis,
956 499 1065 549 quod
1096 499 1224 547 aiunt,
1255 498 1386 548 gerris
1416 499 1597 546 vaniora,
1631 512 1742 537 nunc
1776 499 1905 537 cuius-

307 570 408 608 libet
428 568 545 607 deliri
565 567 676 606 senis
696 568 768 604 aut
788 565 914 604 etiam
934 564 1119 603 aniculae
1138 563 1300 602 somnia
1319 563 1402 602 huc
1423 565 1687 614 irrepserunt,
1710 566 1752 603 et
1771 564 1906 603 indies

309 634 439 684 magis
458 647 502 671 ac
523 632 655 682 magis
676 632 876 680 irrepunt.
927 630 1086 668 Verum
1106 629 1182 668 hac
1201 629 1246 667 in
1265 642 1309 667 re
1328 631 1539 679 praestare
1561 630 1668 679 quod
1689 628 1907 679 desyderat

309 698 509 737 celsitudo
547 699 629 745 tua,
668 695 801 746 magis
839 697 935 744 opto
975 707 1099 745 quam
1137 706 1319 744 possum.
1390 695 1478 744 Ego
1512 697 1673 744 praeter
1710 696 1905 733 conatum

241 769 287 810 65
308 763 522 802 saedulum
554 761 661 800 nihil
693 760 899 811 polliceor.
959 760 1053 798 Non
1086 759 1234 798 desunt
1265 760 1406 797 autem
1435 759 1503 797 vel
1534 760 1642 809 apud
1675 759 1906 798 Germanos

308 829 378 879 qui
397 841 489 866 mea
504 827 708 866 sententia
724 826 932 864 cumulate
947 825 1114 865 valeant
1133 825 1219 863 tuis
1239 824 1514 863 sanctissimis
1530 825 1639 863 votis
1653 824 1905 864 satisfacere:

308 894 375 932 vel
396 893 635 932 Huttenum
655 891 783 930 habes
803 891 927 939 domi,
951 890 1116 939 linguae
1136 889 1311 928 Latinae
1339 889 1546 928 delicium.
1608 889 1774 928 Interea
1799 890 1907 928 mihi

308 958 439 1008 magis
472 957 574 996 libet
607 957 685 995 tibi
718 959 904 995 mentem
939 955 1066 994 istam
1099 954 1289 1004 episcopo
1328 954 1498 1004 dignam
1536 968 1660 1004 quam
1692 955 1907 993 fortunam

308 1023 536 1073 quamlibet
555 1022 737 1071 amplam
763 1020 973 1071 gratulari.
1037 1020 1070 1057 Ο
1095 1019 1256 1057 felicem
1281 1018 1439 1057 Christi
1457 1020 1671 1069 populum,
1696 1020 1730 1058 si
1752 1019 1908 1069 passim

244 1103 290 1135 ‘70
309 1088 520 1138 contingat
549 1088 651 1125 tales
683 1100 770 1125 esse
800 1086 1017 1136 praesules,
1050 1084 1201 1134 quibus
1235 1084 1389 1123 Christi
1420 1085 1552 1134 gloria
1582 1085 1691 1123 nihil
1719 1085 1773 1123 sit
1801 1085 1907 1123 anti-

309 1155 441 1204 quius,
465 1154 536 1203 qui
555 1165 816 1203 gemmarum
836 1151 983 1199 lucem,
1007 1151 1079 1201 qui
1099 1150 1191 1188 auri
1206 1150 1426 1200 fulgorem,
1443 1151 1515 1200 qui
1534 1150 1693 1199 argenti
1712 1150 1905 1198 nitorem,

309 1220 380 1269 qui
409 1218 524 1269 byssi
555 1218 786 1266 candorem,
821 1217 892 1267 qui
915 1217 1022 1255 cocci
1052 1216 1204 1266 ignem,
1237 1215 1420 1253 breuiter
1454 1215 1525 1265 qui
1559 1217 1697 1254 totum
1728 1216 1909 1254 Aaronis

309 1286 503 1323 ornatum
525 1283 712 1322 moribus
731 1296 776 1322 ac
791 1283 878 1321 vita
897 1282 1076 1320 referant
1091 1296 1100 1329 ;
1130 1280 1281 1330 quibus
1296 1280 1424 1319 etiam
1445 1281 1480 1319 si
1498 1280 1674 1331 pallium
1692 1294 1736 1319 ac
1756 1281 1910 1331 pedum

309 1349 511 1397 detrahas,
534 1350 675 1387 tamen
695 1348 906 1398 episcopos
926 1359 1138 1397 agnoscas.
1196 1346 1249 1384 In
1273 1348 1314 1384 te
1333 1346 1512 1394 fortuna,
1537 1359 1663 1396 quam
1682 1346 1909 1396 antiquitas

243 1430 267 1463 7
273 1433 289 1463 5
309 1427 470 1454 coccam
489 1414 672 1462 faciebat,
698 1413 858 1452 oculata
877 1413 1052 1451 videtur.
1113 1412 1287 1450 Generis
1308 1412 1371 1450 tui
1390 1412 1514 1462 longe
1541 1412 1768 1451 clarissima
1787 1414 1908 1450 stem-

308 1481 421 1518 mata
440 1492 605 1517 morum
625 1481 793 1517 tuorum
810 1478 1065 1517 ornamentis
1084 1477 1281 1515 illustras.
1325 1477 1641 1527 Archiepiscopi
1661 1477 1909 1527 dignitatem

308 1544 419 1584 vitae
438 1544 676 1594 integritate
703 1543 976 1594 conduplicas.
1037 1542 1309 1582 Cardinalicio
1333 1543 1470 1592 galero
1494 1540 1631 1582 nescio
1658 1544 1757 1593 quid
1784 1543 1909 1582 maie-

309 1610 428 1649 statis
447 1610 635 1648 additum
657 1610 830 1658 videtur,
849 1611 1116 1658 posteaquam
1136 1610 1183 1646 tu
1204 1622 1288 1646 non
1317 1609 1528 1647 recusasti.
1589 1609 1696 1658 Quid
1724 1611 1910 1659 superest

310 1675 393 1714 nisi
419 1677 466 1713 vt
492 1675 706 1714 Christum
728 1675 820 1724 Opt.
843 1675 948 1713 Max.
974 1686 1295 1724 comprecemur,
1320 1676 1367 1712 vt
1393 1674 1517 1712 istam
1544 1676 1731 1713 mentem
1756 1674 1844 1723 tibi,
1869 1676 1910 1712 te

253 1750 293 1780 80
312 1741 433 1780 nobis
453 1754 577 1791 quam
597 1741 830 1779 diutissime
850 1742 986 1778 seruet
1006 1740 1260 1778 incolumem
1273 1741 1294 1778 ⁶?

365 1794 550 1844 Louanii.
575 1805 629 1844 xi.
651 1807 776 1844 calen.
802 1805 891 1844 Ian.
914 1806 1039 1843 Anno
1060 1801 1318 1856 M.D.XV11[1].

619 1942 809 1998 ⁷⁸⁸746757
872 1941 1002 1983 FROM
1035 1941 1196 1983 ERARD
1229 1952 1288 1982 DE
1321 1953 1377 1982 LA
1410 1942 1592 1984 MARCK.

359 2032 579 2067 Auctarium
598 2044 634 2077 p.
655 2034 735 2069 216.
1593 2031 1744 2079 <Huy.)

360 2090 397 2124 F.
418 2103 454 2135 p.
478 2100 566 2133 170:
597 2089 690 2125 HN:
719 2089 836 2125 Lond.
855 2089 907 2124 iii.
930 2099 995 2135 45:
1024 2089 1096 2124 LB.
1117 2091 1195 2134 348.
1476 2101 1520 2134 30
1537 2090 1743 2126 December
1763 2092 1862 2137 151?-

369 2187 581 2218 EPISTOLA
612 2187 869 2218 CLARISSIMI
901 2187 1127 2218 PRINCIPIS
1158 2187 1330 2217 ERARDI
1364 2187 1563 2218 EPIsOOPI
1598 2187 1861 2218 LEODIENSIS

696 2255 758 2285 AD
790 2255 1006 2285 ERASMVM
1039 2255 1383 2286 ROTERODAMVM
1417 2255 1449 2284 S.
1478 2256 1518 2285 D.

368 2338 655 2376 GRATISSIMAE
693 2337 862 2375 fuerunt
900 2337 1005 2375 mihi
1043 2337 1120 2375 hae
1157 2336 1310 2385 literae,
1344 2350 1445 2387 quas
1482 2337 1531 2375 ad
1571 2350 1639 2375 me
1677 2337 1909 2386 Paschasio,

314 2402 478 2440 homini
506 2402 570 2440 tui
598 2402 888 2441 amantissimo
917 2404 957 2440 et
984 2401 1091 2440 mihi
1116 2403 1243 2452 grato,
1267 2402 1426 2441 dedisti.
1489 2402 1736 2441 Gratissima
1761 2402 1842 2441 fuit
1870 2406 1911 2442 et

315 2467 582 2517 Paraphrasis
620 2469 692 2505 tua
729 2468 773 2505 in
808 2467 931 2506 Pauli
965 2468 1184 2516 epistolam
1217 2467 1267 2506 ad
1304 2467 1557 2506 Rhomanos.
1630 2468 1910 2516 Quamobrem

315 2532 572 2571 immortales
591 2532 670 2570 tibi
689 2532 840 2582 gratias
860 2545 935 2582 ago
956 2532 1064 2582 quod
1085 2533 1135 2570 ad
1161 2545 1228 2570 me
1254 2532 1395 2571 literas
1415 2534 1507 2571 tuas
1526 2533 1698 2581 dederis,
1722 2534 1910 2584 quodque

273 2608 295 2637 ,5
315 2597 360 2635 in
381 2598 481 2647 ipsis
500 2597 633 2636 literis
653 2597 755 2636 bene
772 2598 821 2635 de
840 2611 906 2635 me
926 2597 1108 2647 opineris
1127 2600 1168 2635 et
1188 2598 1351 2636 sentias.
1414 2598 1579 2636 Gaudeo
1599 2599 1672 2637 abs
1691 2602 1732 2638 te
1751 2599 1911 2639 laudari

316 2663 479 2701 laudato
504 2662 604 2701 viro.
664 2662 903 2701 Praesentia
930 2662 1036 2700 mihi
1061 2662 1262 2700 hactenus
1291 2663 1461 2712 ignotus
1482 2663 1610 2713 fuisti,
1634 2663 1744 2703 fama
1771 2667 1909 2704 autem
1947 2706 1950 2708 ,

319 2728 358 2765 et
389 2726 556 2765 nomine
580 2739 603 2766 a
629 2727 826 2765 decennio
854 2726 1108 2774 notissimus,
1136 2728 1228 2764 tum
1255 2727 1306 2764 ob
1335 2727 1606 2767 excellentem
1635 2729 1910 2768 eruditionem

364 2833 437 2864 745.
464 2835 516 2865 62.
541 2834 612 2864 huc
628 2833 708 2874 [3¹72
734 2834 803 2865 huc
819 2833 867 2869 [3².
1013 2835 1065 2866 80.
1092 2844 1199 2874 quam
1217 2834 1421 2866 diutissime
1438 2839 1512 2867 add.
1531 2838 1557 2866 δ.
1704 2837 1777 2868 746.
1802 2846 1866 2869 nr.
1883 2841 1912 2868 D

322 2877 363 2915 (S.
383 2886 417 2906 D.
433 2887 491 2907 om.
514 2877 571 2918 D2)
590 2889 597 2908 ε
623 2886 784 2908 rmum-s
801 2887 981 2909 EPISCOPVS
997 2887 1197 2909 LEODIENSIS
1211 2887 1347 2909 musmo
1364 2888 1594 2912 ROTERODAMO
1611 2890 1636 2912 s.
1656 2890 1689 2912 D.
1707 2883 1750 2911 H.

364 2986 437 3017 745.
463 2996 513 3024 72.
539 2986 708 3027 Aaronis]
727 2987 779 3018 Cf.
799 2987 906 3019 Exod.
923 2989 976 3019 28.
1195 2999 1244 3027 74.
1268 2989 1483 3030 antiquitas]
1503 2989 1555 3021 Cf.
1575 2989 1681 3029 Apul.
1698 2993 1740 3021 M.
1762 2999 1790 3028 7.
1811 2999 1841 3020 2.
