2034 3433
277 175 359 214 358
739 171 991 210 LETTERS
1029 169 1098 208 OF
1135 168 1400 209 ERASMUS
1738 167 1868 221 [1518

277 280 391 318 enim
420 280 570 328 ingens
597 289 736 315 rerum
767 276 1047 314 humanarum
1079 273 1350 313 commutatio
1380 286 1465 311 non
1499 273 1589 311 sine
1617 272 1868 312 discrimine.

281 346 341 384 De
362 344 497 383 Marco
518 344 688 382 Musuro
707 344 748 380 et
769 341 964 379 Palaeoto
984 353 1074 378 rem
1094 339 1283 378 acerbam
1303 339 1500 386 nuncias3
1530 340 1571 376 et
1590 339 1760 376 interim
1776 352 1872 378 cum

280 410 512 449 cornicibus
528 407 722 446 Omnibus
744 407 918 446 certabit
933 408 953 445 ὁ
973 408 1073 455 παρὰ
1092 405 1159 454 τὴν
1179 405 1336 443 εἴσοδον.
1385 403 1509 442 Ἀλλὰ
1527 405 1643 442 ταῦτά
1661 421 1706 456 γε
1725 404 1818 443 θεῶν
1836 408 1874 444 ἐν

222 489 259 523 75
279 477 436 528 γούνασι
469 477 593 513 κεῖται.
652 472 787 511 Periit
820 473 862 510 et
894 471 1002 521 apud
1038 469 1182 510 Gallos
1218 470 1396 509 Faustus
1431 472 1472 508 et
1504 470 1614 520 apud
1648 469 1874 509 Britannos

279 541 467 580 Andreas
496 540 778 586 Ammonius;
811 550 987 588 quorum
1016 537 1121 575 alter
1148 536 1221 574 diu
1250 536 1441 585 regnauit
1469 535 1668 584 Lutetiae,
1698 535 1802 574 alter
1824 535 1874 574 ad

279 620 486 646 summam
512 606 759 656 dignitatem
782 617 1019 643 emersurus
1048 605 1146 651 erat,
1171 604 1207 642 si
1232 603 1319 642 vita
1350 603 1587 642 diuturnior
1615 603 1873 652 contigisset.

280 673 341 709 Tu
362 684 458 710 cura
476 673 524 711 vt
544 672 652 709 recte
672 670 822 709 valeas.

333 737 520 775 Basileae
540 749 616 775 vn.
640 735 777 774 Galen.
802 735 997 784 Augusti.
1057 735 1184 773 Anno
1204 729 1423 772 M.D.xv111.

595 867 749 908 τ4τ856.
811 866 875 906 ΤΟ
908 865 1183 905 WILLIBALD
1216 864 1552 906 PchssHEIMER.

325 967 486 1012 Farrago
505 979 541 1012 p.
559 967 615 1002 68.
1584 963 1702 1000 Basle.

326 1025 363 1061 F.
383 1038 419 1070 p.
439 1035 531 1069 233:
558 1023 650 1059 HN:
680 1024 720 1060 P.
738 1037 774 1069 p.
795 1034 885 1068 271:
913 1022 1030 1058 Lond.
1049 1021 1096 1057 iv.
1121 1033 1185 1067 13:
1212 1021 1285 1057 LB.
1306 1031 1383 1067 374.
1466 1020 1519 1067 (c.
1538 1020 1706 1068 August>
1732 1023 1830 1068 1518.

323 1113 484 1154 [within
502 1113 564 1143 the
581 1112 699 1142 limits
716 1111 754 1143 of
767 1112 947 1142 Erasmus’
967 1113 1044 1151 stay
1057 1113 1094 1141 at
1110 1111 1214 1141 Basle
1232 1112 1271 1141 in
1285 1112 1368 1150 1518
1382 1110 1466 1150 only
1478 1120 1524 1140 an
1539 1112 1784 1150 approximate
1797 1111 1880 1142 date

280 1158 310 1187 is
325 1157 489 1196 possible.
539 1156 642 1186 Some
659 1156 835 1196 guidance
860 1165 943 1195 may
959 1156 1002 1186 be
1026 1155 1139 1185 found
1156 1153 1194 1185 in
1212 1155 1275 1186 the
1291 1154 1467 1185 reference
1484 1156 1521 1185 to
1537 1154 1595 1185 his
1611 1154 1738 1186 illness
1755 1155 1793 1197 (l.
1820 1155 1877 1195 63)

278 1200 351 1231 and
368 1201 430 1231 the
447 1209 610 1239 progress
627 1200 665 1230 of
679 1200 743 1230 the
761 1199 848 1230 New
864 1199 1071 1230 Testament
1089 1199 1126 1239 (1.
1143 1199 1213 1237 62).

323 1244 369 1275 In
386 1244 447 1274 the
463 1244 602 1274 critical
620 1245 724 1274 notes
740 1243 759 1273 Ι
776 1243 866 1274 have
883 1243 1036 1274 omitted
1052 1252 1072 1273 a
1089 1243 1242 1273 number
1258 1242 1296 1273 of
1309 1242 1470 1273 variants
1484 1242 1522 1272 in
1536 1241 1564 1272 P
1578 1241 1697 1274 which
1709 1252 1768 1273 are
1781 1252 1879 1273 mere

277 1287 561 1328 depravations.]

540 1374 743 1405 ERASMVS
774 1373 1106 1405 ROTERODAMVS
1138 1373 1384 1403 BILIBALDO
1416 1373 1496 1403 SVO
1530 1374 1561 1403 S.
1584 1373 1625 1403 D.

334 1456 492 1494 NEsclo
520 1456 638 1494 cuius
668 1455 789 1505 culpa
819 1455 975 1493 factum
1005 1455 1061 1493 sit
1086 1456 1133 1494 vt
1158 1454 1357 1505 prolixior
1382 1454 1455 1492 illa
1478 1456 1549 1492 tua
1574 1454 1747 1504 epistola
1774 1455 1881 1493 mihi

280 1525 368 1561 tam
389 1535 481 1560 sero
502 1522 557 1560 sit
578 1521 748 1560 reddita.
809 1521 870 1559 Ea
889 1521 995 1559 mihi
1015 1520 1243 1559 declarauit
1262 1520 1520 1559 Bilibaldum
1540 1519 1672 1568 (cuius
1692 1520 1881 1559 humani-

281 1589 423 1636 tatem,
440 1587 722 1637 integritatem
741 1589 866 1637 atque
880 1587 1155 1625 eruditionem
1171 1587 1254 1624 iam
1269 1588 1366 1624 ante
1385 1587 1644 1635 perspectam
1664 1585 1882 1636 habebam)

282 1653 421 1691 virum
453 1666 544 1691 esse
577 1652 779 1702 singulari
808 1653 934 1691 etiam
963 1652 1195 1702 praeditum
1224 1651 1453 1701 prudentia,
1485 1651 1696 1702 animique
1724 1652 1884 1701 magni-

245 1737 262 1768 5
282 1719 428 1757 tudine
457 1732 562 1768 quae
591 1718 731 1756 deceat
760 1718 975 1756 hominem
1005 1718 1251 1767 neutiquam
1284 1717 1506 1766 plebeium.
1566 1718 1605 1755 A
1624 1717 1883 1767 principibus

283 1784 401 1822 facile
432 1785 687 1834 contingeret
715 1784 894 1831 fortuna,
930 1784 1013 1822 nisi
1041 1784 1150 1821 mihi
1183 1783 1364 1821 nimium
1394 1783 1528 1821 dulcis
1556 1784 1668 1821 esset
1696 1782 1878 1822 libertas.

284 1849 427 1888 Nimio
454 1852 644 1899 emptum
673 1849 841 1888 videtur
869 1849 1063 1899 quicquid
1093 1849 1220 1887 huius
1251 1849 1403 1886 emitur
1433 1848 1661 1897 dispendio.
1720 1848 1884 1889 Postea-

282 1928 408 1964 quam
429 1928 502 1964 ego
517 1915 594 1953 hac
609 1914 970 1965 quantulacunque
985 1915 1200 1953 fortunula
1214 1916 1435 1952 contentus
1455 1927 1560 1961 sum,
1576 1926 1644 1952 me
1657 1914 1885 1964 tranquillo

283 1981 363 2029 fiet,
401 1981 492 2019 siue
530 1981 688 2019 dabunt
720 1980 878 2030 aliquid
917 1981 1005 2019 siue
1045 1980 1153 2018 nihil
1190 1980 1361 2018 dabunt.
1422 1981 1564 2028 Atque
1600 1978 1761 2018 vtinam
1800 1993 1885 2019 non

227 2066 266 2087 10
282 2047 497 2095 pauperior
521 2046 647 2084 etiam
674 2059 809 2084 essem
836 2046 903 2084 his
923 2047 1032 2084 veris
1058 2046 1204 2096 opibus
1228 2045 1379 2095 quibus
1409 2047 1454 2083 tu
1484 2058 1552 2083 me
1579 2045 1747 2083 beatum
1775 2058 1887 2094 prae-

283 2111 420 2149 dicas!
459 2111 577 2150 Facti
597 2111 660 2150 tui
681 2112 883 2150 rationem
904 2111 963 2149 sic
984 2112 1122 2150 reddis
1136 2114 1183 2150 vt
1202 2111 1308 2149 mihi
1327 2111 1450 2161 plane
1470 2110 1723 2160 persuadeas.
1775 2111 1886 2149 Tuae

283 2190 380 2215 vero
399 2177 615 2215 ciuilitatis
636 2180 699 2215 est
720 2178 828 2227 quod
850 2191 924 2226 pro
950 2178 1236 2216 admonitione
1259 2179 1402 2215 nostra
1427 2176 1572 2215 audaci
1597 2176 1738 2226 potius
1762 2188 1885 2226 quam

284 2243 533 2291 tempestiua
553 2243 705 2292 gratias
726 2243 852 2281 etiam
871 2244 970 2293 agis.

337 2308 444 2347 Cum
478 2308 630 2346 horum
668 2308 881 2346 tumultus
919 2310 960 2346 et
995 2308 1339 2359 conspirationes,
1373 2308 1433 2345 mi
1466 2307 1685 2355 Bilibalde,
1721 2319 1886 2345 mecum

228 2390 265 2420 15
284 2375 441 2422 reputo,
475 2374 629 2423 partim
659 2374 841 2412 demiror
869 2374 968 2424 quid
1004 2374 1087 2412 sibi
1121 2373 1266 2420 velint,
1302 2373 1456 2423 partim
1490 2373 1700 2422 indignor,
1735 2372 1887 2422 partim

284 2438 454 2477 miseret
481 2439 687 2478 caecitatis
716 2452 763 2477 ac
790 2439 1030 2478 dementiae.
1085 2439 1301 2489 Astrologi
1319 2439 1491 2477 tradunt
1511 2438 1710 2487 quasdam
1738 2439 1886 2488 pestes,

285 2505 331 2541 vt
357 2503 593 2542 animorum
620 2505 678 2542 ita
703 2506 744 2542 et
772 2517 1002 2554 corporum,
1025 2505 1076 2544 ab
1103 2506 1227 2543 astris
1251 2505 1438 2551 immitti,
1468 2506 1612 2554 poetae
1637 2505 1689 2542 ab
1717 2503 1885 2551 inferis3

286 2569 497 2607 Homerus
526 2569 769 2608 huiusmodi
798 2571 1161 2619 perturbationum
1190 2583 1357 2609 causam
1385 2571 1431 2608 in
1458 2570 1573 2608 Aten
1602 2569 1734 2608 reiicit
1750 2584 1759 2618 ;
1788 2583 1888 2608 non-

287 2634 395 2673 nulli
416 2634 523 2673 Pani
542 2634 617 2673 deo
643 2635 780 2673 simile
806 2635 1004 2684 quiddam
1033 2637 1239 2675 tribuunt.
1300 2635 1392 2673 Hoc
1421 2634 1596 2682 malum,
1615 2635 1888 2685 vndecunque

231 2717 269 2737 20
287 2699 411 2748 venit,
436 2701 557 2738 fatale
577 2702 651 2738 est.
710 2701 771 2738 De
798 2702 974 2740 recutito
1001 2715 1087 2740 non
1114 2701 1216 2739 libet
1243 2700 1495 2749 meminisse,
1520 2713 1643 2750 quem
1663 2700 1729 2739 vel
1757 2700 1889 2739 nomi-

290 2777 386 2802 nare
407 2765 644 2804 ominosum
664 2768 775 2814 puto.
830 2767 937 2815 Quid
953 2768 1070 2805 venit
1089 2767 1135 2804 in
1155 2768 1339 2805 mentem
1360 2766 1502 2805 Gratio
1518 2768 1564 2805 vt
1583 2779 1680 2804 suas
1700 2764 1889 2805 literulas

333 2906 408 2936 855.
427 2917 476 2945 74.
502 2906 667 2947 certabit]
686 2906 737 2938 Cf.
750 2910 855 2945 Aclay.
870 2908 946 2946 564,
965 2908 1057 2938 ‘cor-
1167 2917 1218 2937 20.
1243 2906 1411 2948 recutito]
1445 2906 1666 2937 Pfefferkorn
1682 2916 1691 2944 ς
1729 2916 1787 2937 see
1822 2907 1887 2946 Ep.

292 2949 429 2979 uicibus
446 2950 627 2981 viuacior.'
1124 2951 1198 2989 487.
1218 2960 1261 2980 20
1273 2960 1307 2981 n.

337 2993 387 3029 76.
412 2992 594 3034 regnauit]
612 2993 663 3024 Of.
683 2994 747 3033 Ep.
767 3003 841 3033 415.
862 3003 948 3025 1111.
1166 3003 1219 3025 21.
1246 2993 1386 3034 Gratio]
1411 2993 1586 3024 Ortuinus
1611 2993 1777 3032 Gratius3
1802 2993 1830 3024 E
1853 2995 1886 3024 in

335 3035 408 3065 856.
440 3037 489 3067 18.
516 3037 712 3077 Homerus]
729 3040 767 3068 Il.
788 3047 835 3076 19.
856 3048 895 3077 91
916 3047 986 3077 seq.
1124 3047 1219 3075 marg.
1260 3037 1323 3068 See
1340 3037 1403 3076 Ep.
1421 3038 1495 3075 526.
1512 3038 1532 3067 8
1545 3047 1579 3068 n.
1638 3058 1641 3061 ι
