2034 3433
154 133 249 187 748]
495 136 651 175 FROM
688 137 1048 177 PASCHASIUS
1084 137 1399 178 BERSEL1US
1663 142 1739 181 183

203 238 285 276 Vbi
315 242 504 290 exempta
533 240 675 289 fames,
712 241 869 280 mensis
901 241 1114 291 epulisque
1148 242 1317 280 remotis
1348 244 1556 281 canuntur
1585 246 1741 294 superis

147 303 313 352 gratiae,
354 305 579 354 surgimus,
621 305 761 344 ludere
800 308 1022 356 coeperunt
1060 305 1133 344 alii
1170 306 1330 354 fritillo,
1369 306 1438 345 alii
1481 307 1737 348 latrunculis.

145 368 280 408 Vocor
299 370 468 408 interim
489 370 540 408 ad
560 370 794 420 principem
812 385 821 418 ;
852 370 987 409 multa
1006 371 1065 409 ibi
1085 371 1135 409 de
1155 372 1196 409 te
1212 371 1436 410 honorifica
1450 373 1736 413 confabulatio.
1760 387 1798 420 35

148 433 265 472 Nihil
283 437 324 473 te
343 448 427 474 vno
446 436 555 486 apud
578 435 702 474 illum
722 438 785 475 est
804 436 1027 486 antiquius
1087 436 1212 486 Cupit
1235 439 1275 475 te
1295 437 1432 475 videre
1455 439 1496 476 et
1522 439 1741 488 complecti

145 500 343 547 medium,
365 501 436 539 sed
456 503 502 539 vt
527 504 754 550 parentem,
785 501 855 540 sed
874 503 922 539 vt
948 514 1106 540 numen
1126 502 1335 551 quoddam
1360 515 1381 540 e
1406 503 1517 541 coelo
1543 503 1588 542 in
1613 506 1741 543 terras

145 565 371 615 delapsum.
422 566 481 604 Te
499 566 631 605 literis
649 567 699 605 ad
720 580 763 605 se
783 568 922 614 vocat3
954 567 1040 604 noli
1053 566 1227 605 tardare.
1279 567 1527 617 Pergratum
1541 568 1606 607 illi
1617 569 1741 608 facies

144 630 181 668 si
204 643 342 669 moras
369 644 514 670 omnes
533 631 759 681 abruperis.
820 631 927 670 Caue
945 644 1018 681 per
1037 632 1173 669 Deum
1197 631 1477 671 immortalem
1496 646 1548 672 ne
1567 634 1739 684 longum

144 696 207 734 tui
227 696 442 746 desyderio
461 699 604 736 tantus
623 698 746 736 heros
765 699 1012 747 torqueatur.
1072 697 1194 736 Alius
1209 699 1271 735 est
1286 710 1412 747 quam
1428 711 1530 747 quos
1544 699 1589 737 in
1603 699 1736 748 Italia,
1757 711 1798 741 40

144 760 291 810 Gallia,
326 762 554 811 Britannia,
591 762 737 811 Scotia,
777 762 1000 801 Germania
1030 762 1175 801 vidisti
1213 762 1433 811 praesules.
1508 764 1602 802 Non
1641 768 1738 804 sunt

144 838 287 865 omnes
316 840 411 865 cum
443 827 521 865 1100
552 827 814 875 conferendi;
858 828 946 866 siue
977 827 1088 865 enim
1120 828 1278 877 spectes
1308 826 1439 865 animi
1469 828 1637 868 diuitias
1667 843 1738 869 seu

144 891 324 940 corporis
356 891 471 930 dotes
501 905 574 930 seu
605 892 793 931 fortunae
822 892 940 941 bona,
979 905 1122 930 omnes
1153 892 1276 941 longo
1306 891 1525 931 interuallo
1562 896 1656 943 post
1695 907 1739 933 se

142 955 352 1005 relinquit.
413 957 608 996 Vicissim
627 957 709 996 tibi
729 957 907 996 salutem
936 957 1177 996 adscribunt
1206 970 1308 1006 quos
1327 970 1399 1007 per
1417 971 1483 996 me
1503 971 1636 1009 nuper
1654 960 1737 998 tuis

141 1021 276 1059 verbis
302 1022 461 1060 saluere
484 1022 654 1070 iussisti,
678 1022 968 1072 imprimisque
992 1022 1192 1072 Baptista,
1217 1022 1286 1072 qui
1310 1024 1350 1059 te
1376 1036 1460 1060 non
1488 1036 1604 1062 secus
1626 1028 1738 1064 amat
1756 1037 1795 1068 45

141 1098 186 1124 ac
216 1089 387 1136 patrem.
444 1087 596 1136 Saluta,
633 1088 669 1125 si
707 1101 774 1126 me
812 1101 936 1134 amas,
970 1088 1104 1126 filium
1144 1090 1266 1126 tuum
1305 1100 1350 1125 ac
1388 1101 1529 1127 meum
1567 1090 1736 1129 fratrem

141 1152 389 1202 Rutgerium
422 1153 646 1192 Rescium:
687 1154 863 1192 scribam
897 1153 960 1191 illi
994 1167 1088 1192 cum
1118 1166 1193 1203 per
1222 1153 1355 1191 otium
1388 1153 1561 1193 licuerit.
1619 1157 1732 1202 Vale,

140 1217 354 1256 literarum
382 1219 517 1257 decus.
574 1218 619 1256 Si
647 1219 745 1269 quid
773 1218 824 1256 ad
855 1218 1095 1268 Principem
1114 1219 1237 1264 voles,
1261 1220 1371 1256 recte
1390 1218 1488 1257 huic
1507 1221 1736 1260 sacrificulo

139 1283 406 1322 commiseris.
465 1283 627 1322 Iterum
664 1283 766 1331 vale,
804 1297 826 1322 e
864 1284 1012 1323 cellula
1049 1286 1188 1323 nostra
1227 1283 1335 1333 apud
1394 1284 1594 1325 Leodium
1627 1291 1730 1328 †V11.

141 1346 242 1385 Idus
261 1347 487 1387 Ianuarias,
1754 1366 1794 1396 50

571 1498 668 1538 749.
732 1496 796 1537 To
826 1495 953 1537 JOHN
984 1507 1039 1537 or
1071 1495 1293 1538 Loumm.

183 1585 374 1622 Deventer
390 1586 467 1622 MS.
486 1597 541 1632 91,
561 1587 586 1622 f.
609 1597 651 1632 77
671 1591 721 1623 v0.
1427 1589 1606 1626 Louvain.

182 1643 254 1679 LB.
271 1644 367 1690 App.
386 1655 466 1691 254.
1351 1658 1370 1682 2
1389 1647 1556 1694 January
1578 1650 1679 1694 1518.

179 1724 241 1765 [In
271 1725 365 1756 view
395 1725 434 1756 of
460 1726 524 1766 Ep.
560 1735 633 1765 739,
667 1725 787 1756 which
818 1725 981 1757 contains
1010 1735 1030 1755 a
1053 1725 1192 1756 similar
1215 1725 1362 1758 defence
1390 1728 1428 1758 of
1446 1728 1507 1759 the
1529 1731 1641 1768 Mor-ia,
1667 1729 1730 1759 the

133 1769 357 1852 ffiffigfficript
380 1768 462 1800 date
485 1779 568 1809 may
589 1768 631 1800 be
654 1769 829 1809 accepted.
876 1769 973 1801 John
998 1769 1035 1800 of
1054 1769 1215 1800 Louvain
1240 1771 1269 1801 is
1293 1773 1357 1801 not
1380 1771 1569 1803 otherwise
1595 1772 1728 1803 known

205 1900 486 1931 INTEGERIMO
517 1901 651 1932 PATRI
684 1901 862 1932 DOMINO
893 1900 1053 1931 IOANNI
1084 1902 1114 1929 A
1146 1900 1353 1941 LOVANIO,
1386 1902 1648 1933 GVARDIANO

534 1969 858 2001 MINORITARVM
890 1970 940 1999 IN
970 1969 1316 2000 AMSTERLEDAM.

185 2050 225 2089 S.
244 2050 307 2099 P„
328 2051 571 2101 integerime
591 2051 728 2090 Pater.
766 2051 869 2089 Tam
881 2051 1068 2099 amicam,
1083 2053 1171 2090 tam
1189 2052 1437 2101 prudentem
1457 2056 1508 2101 et,
1523 2056 1569 2092 vt
1587 2055 1728 2103 paucis

130 2114 277 2162 dicam,
292 2117 380 2154 tam
395 2116 673 2155 Christianam
688 2115 1016 2154 admonitionem
1031 2117 1148 2154 tuam
1160 2129 1242 2154 non
1257 2117 1373 2166 potui
1390 2131 1472 2156 non
1487 2118 1724 2157 exosculari.

130 2180 191 2218 De
210 2179 340 2219 Moria
358 2181 512 2230 partim
538 2181 584 2218 in
611 2181 701 2230 ipsa
728 2180 866 2230 operis
892 2181 1145 2230 praefatione
1165 2181 1372 2220 satisfacio
1392 2182 1546 2229 lectori,
1570 2183 1723 2232 partim

130 2246 174 2283 in
194 2244 364 2295 epistola
392 2245 443 2283 ad
472 2246 688 2294 Dorpium,
714 2258 815 2295 quae
835 2258 946 2283 nunc
966 2244 1120 2283 Moriae
1148 2245 1305 2284 adiecta
1324 2248 1397 2285 est.
1459 2246 1565 2295 Quid
1585 2249 1724 2286 autem

130 2310 254 2348 facias
285 2309 337 2349 iis
375 2310 446 2360 qui
483 2310 612 2348 nullis
649 2309 882 2348 rationibus
918 2309 1072 2359 placari
1109 2312 1295 2359 possunt,
1329 2310 1413 2348 imo
1454 2311 1525 2360 qui
1561 2312 1724 2362 magnis
1743 2323 1760 2354 5

131 2375 377 2413 clamoribus
396 2375 595 2414 damnant
623 2375 731 2425 quod
760 2387 977 2423 nunquam
1001 2373 1227 2423 legerunt?
1284 2374 1402 2412 Nulli
1420 2375 1534 2413 enim
1554 2376 1724 2414 omnino

131 2441 312 2479 clamant
326 2441 522 2480 insanius.
580 2441 624 2479 Si
635 2440 902 2490 praescissem
914 2439 1016 2478 istos
1030 2441 1241 2488 tantopere
1257 2440 1534 2488 offendendos,
1553 2441 1724 2480 fortasse

133 2518 339 2544 curassem
369 2519 472 2556 opus
501 2506 801 2556 premendum;
845 2517 937 2543 sum
977 2504 1090 2542 enim
1119 2504 1195 2542 hoc
1231 2504 1371 2542 animo
1401 2507 1459 2553 vt,
1495 2506 1531 2544 si
1562 2519 1721 2556 queam,

132 2571 324 2609 omnibus
344 2571 502 2621 placere
523 2571 698 2621 cupiam,
722 2572 926 2621 quatenus
941 2569 983 2607 id
997 2569 1114 2607 liceat
1136 2569 1237 2607 citra
1256 2569 1548 2609 adulationem.
1603 2570 1723 2609 Nunc

277 2678 349 2710 748.
376 2689 427 2718 44.
453 2689 516 2719 per
530 2681 605 2710 add.
623 2681 659 2709 F.
793 2688 844 2717 47.
873 2678 1069 2717 Rutgerum
1086 2677 1128 2707 D²
1145 2677 1338 2717 (Rutgerus
1354 2681 1382 2707 D
1398 2681 1434 2708 in
1449 2679 1576 2717 mara).

176 2767 250 2798 748.
275 2776 328 2804 33.
360 2768 523 2807 exempta
549 2766 676 2807 fames]
710 2766 762 2797 Cf.
788 2765 892 2805 Verg.
1004 2774 1056 2803 41.
1080 2764 1213 2805 Scotia]
1234 2765 1302 2795 For
1330 2764 1509 2796 Erasmus‘
1537 2766 1719 2804 acquaint-

132 2814 212 2841 Aen.
234 2820 260 2841 1.
279 2811 352 2840 216.
961 2818 1047 2839 ance
1063 2809 1154 2839 with
1170 2808 1327 2839 Scottish
1342 2809 1486 2848 bishops
1504 2809 1582 2847 (but
1599 2812 1662 2840 not
1680 2811 1719 2840 in

174 2864 227 2892 34.
254 2853 401 2894 fritillo]
426 2854 458 2883 A
485 2853 666 2884 dice-box:
692 2861 748 2883 see
771 2852 894 2893 Mayor
961 2851 1144 2890 Scotland)
1165 2861 1222 2883 see
1239 2853 1326 2892 Epp.
1347 2853 1398 2890 48.
1416 2853 1496 2890 6n.‚
1514 2855 1589 2891 604.
1609 2863 1628 2882 2
1645 2863 1680 2885 n.

133 2907 178 2928 on
193 2897 275 2928 Juv.
298 2907 347 2935 14.
366 2906 397 2935 5.
1003 2897 1055 2933 46.
1081 2895 1215 2936 filium]
1228 2895 1279 2926 cf.
1296 2896 1367 2926 EE.
1389 2905 1467 2934 175;
1491 2895 1554 2936 Ep.
1572 2897 1649 2936 674.
1665 2897 1717 2936 46.

202 2938 434 2980 latrunculis]
443 2939 893 2981 Draughtsmen,orpawns
1005 2939 1078 2970 749.
1097 2948 1128 2977 3.
1151 2939 1385 2979 praefatione]
1405 2940 1466 2979 Ep.
1486 2949 1560 2970 222.

133 2985 167 3014 at
191 2984 305 3015 chess.
1003 2993 1034 3021 4.
1057 2982 1221 3023 epistola]
1240 2983 1303 3022 Ep.
1322 2992 1395 3022 337.
