2034 3433
191 239 231 270 35

182 1866 224 1896 60

255 121 336 158 270
721 120 972 160 LETTERS
1011 120 1080 159 OF
1119 119 1384 158 ERASMUs
1727 117 1851 171 [1518

251 239 275 263 a
294 239 361 264 me
381 238 477 264 cum
497 225 667 264 honoris
687 225 941 274 praefatione
961 223 1214 272 nominatus,
1236 222 1377 261 nescio
1397 235 1521 273 quam
1545 225 1719 274 gratiam
1742 225 1851 265 mihi

252 291 449 342 rependit,
483 292 591 329 certe
630 291 676 328 vt
714 290 861 328 multis
898 289 1064 328 videtur
1101 289 1301 339 iniquam.
1363 287 1469 326 Mihi
1507 302 1669 340 quoque
1706 291 1851 331 durius

252 369 414 394 mecum
449 368 567 405 agere
596 354 761 393 videt-ur
789 367 916 404 quam
945 367 1018 404 pro
1047 353 1171 392 solito
1200 366 1274 392 suo
1304 354 1488 392 candore.
1548 354 1680 393 Doleo
1705 369 1849 395 31183111

250 421 356 459 hanc
377 420 543 467 datam,’
563 421 605 457 et
632 419 800 469 reliqua.
860 419 969 458 Tum
995 419 1083 469 ipse
1109 418 1363 468 praediceres
1385 418 1634 469 Apologiam
1659 420 1702 458 te
1727 421 1851 460 medi-

250 485 339 533 tari,
367 487 408 523 et
436 497 510 534 ego
539 484 710 522 fcltasse
739 483 870 523 officio
900 484 1071 523 functus
1096 496 1241 523 essem.
1301 484 1361 522 At
1383 485 1430 523 tu
1456 497 1524 523 me
1551 485 1850 535 Epimetheum

251 550 393 598 fecisti,
429 552 474 588 vt
508 563 580 599 per
613 552 654 588 te
688 550 858 600 quidem
893 563 979 588 rem
1014 549 1058 588 in
1093 562 1260 588 scenam
1294 549 1600 599 producendam
1632 564 1718 589 non
1752 553 1850 590 ante

249 616 464 654 resciscere
483 615 690 664 potuerim
711 629 836 665 quam
857 617 903 654 tu
923 615 1144 666 prologum
1164 615 1208 653 in
1228 614 1494 665 proscenium
1518 615 1681 654 misisti.

306 681 419 729 ‘Quo
445 694 559 719 nunc
587 681 717 730 igitur
734 682 743 696 ³
771 681 935 731 inquies
967 681 1255 720 ‘admonitio‘?
1293 680 1375 719 nisi
1402 681 1448 718 vt
1476 680 1682 719 calculum
1712 683 1850 720 atrum

248 747 353 784 ferre
383 748 454 784 aut
487 746 653 784 varium
686 747 732 784 in
762 746 1013 796 Apologiam
1044 759 1180 785 meam
1207 746 1384 794 videare,
1418 747 1465 783 vt
1497 758 1588 784 mea
1621 747 1708 784 fere
1741 746 1849 786 soles

249 811 498 860 praeiudicio
525 811 704 861 quodam
733 813 806 850 tuo
835 825 1030 861 premere,
1061 811 1288 860 licentiore,
1317 812 1364 849 vt
1393 810 1641 861 quibusdam
1669 811 1846 860 videtur,

211 890 225 919 ,·
247 877 396 916 fiducia
421 877 686 916 confirmatae
714 878 948 917 amicitiae.9
1016 877 1180 916 Amabo
1209 879 1260 923 te,
1287 877 1348 915 mi
1377 876 1560 921 Erasme,
1586 879 1709 915 tuum
1739 890 1850 927 prae-

247 943 389 981 morde
421 942 631 991 labellum,
667 945 708 981 et
741 956 910 982 vsuram
945 943 1053 982 1111111
1087 942 1312 992 patientiae
1345 942 1554 992 paulisper
1583 942 1849 982 accommoda

247 1007 432 1046 vicissim
470 1007 750 1057 adiurgatum.
828 1009 978 1047 Facere
1015 1008 1129 1047 enim
1170 1020 1325 1058 nequeo
1363 1008 1465 1058 quin
1504 1007 1701 1057 epistolae
1739 1009 1846 1057 tuae,

245 1073 445 1112 facundae
465 1073 632 1124 quidem
653 1076 694 1112 et
720 1072 896 1112 feliciter
918 1075 1100 1124 argutae,
1124 1073 1194 1111 sed
1219 1086 1305 1111 non
1329 1072 1498 1123 perinde
1520 1086 1674 1123 aequae
1701 1073 1848 1113 officio-

247 1152 394 1189 saeque
423 1139 816 1189 respondeam—cui
847 1141 894 1178 tu
929 1140 988 1178 rei
1020 1139 1268 1178 inficiandae
1298 1152 1383 1177 non
1414 1138 1506 1184 eris,
1539 1138 1577 1177 si
1606 1139 1657 1177 ad
1690 1140 1731 1177 te
1763 1139 1847 1178 iam

189 1219 201 1226 ·
248 1204 409 1243 rediisti
443 1206 483 1243 et
516 1205 714 1254 pristinos
748 1204 919 1255 spiritus
951 1204 1414 1255 resumpsisti—vtique
1445 1204 1554 1254 quod
1592 1204 1643 1242 ad
1682 1217 1847 1243 causam

246 1283 381 1308 meam
405 1270 580 1308 attinet:
610 1272 657 1309 vt
685 1270 857 1309 interim
884 1271 990 1309 mihi
1010 1273 1178 1310 tantum
1196 1269 1438 1319 patrociner,
1461 1283 1585 1320 quem
1604 1272 1652 1309 tu
1672 1270 1847 1310 subinde

246 1334 291 1373 in
324 1335 474 1374 faciem
508 1349 620 1374 nunc
652 1336 791 1385 palma
825 1349 937 1375 nunc
970 1350 1110 1387 pugno
1139 1335 1378 1383 contundis,
1407 1337 1449 1374 et
1476 1335 1665 1374 vicissim
1694 1335 1847 1374 blanda

246 1400 523 1450 appellatione
542 1401 775 1450 pei-mulces
794 1416 804 1449 ;
833 1404 879 1440 vt
899 1402 1095 1452 queritari
1115 1402 1204 1440 iure
1223 1414 1307 1440 non
1327 1400 1497 1451 possim,
1515 1414 1587 1439 ceu
1607 1414 1705 1439 vero
1724 1400 1845 1440 litem

246 1478 382 1504 meam
402 1466 584 1514 fecerim,
606 1469 653 1505 vt
675 1467 844 1517 ineptus
867 1468 1032 1516 arbiter,
1057 1466 1165 1517 quod
1189 1468 1230 1505 te
1260 1479 1354 1505 cum
1379 1465 1511 1504 Fabro
1532 1466 1757 1505 altercante
1776 1465 1845 1505 vel

185 1547 222 1577 5-
246 1531 459 1569 tantulum
478 1532 666 1570 interfari
686 1545 811 1571 ausus
831 1533 923 1571 sim.

300 1597 363 1635 Ac
384 1597 523 1634 nescio
547 1611 628 1646 quo
648 1597 771 1635 modo
797 1599 842 1636 in
862 1599 1181 1650 λεπτολογήματα
1204 1596 1279 1635 1113
1302 1598 1343 1635 et
1369 1596 1519 1646 Copiae
1544 1596 1842 1635 contumeliam

246 1661 461 1700 reuolutus
480 1675 524 1700 es
543 1675 638 1712 prae
659 1663 897 1702 iracundiae
917 1663 1185 1712 impotentia:
1216 1674 1393 1712 quarum
1420 1674 1557 1700 rerum
1586 1673 1717 1711 quum
1737 1661 1845 1700 mihi

245 1729 428 1765 erratum
448 1727 532 1765 iam
553 1728 624 1765 diu
646 1728 922 1766 condonasses
939 1728 1105 1766 veniam
1125 1727 1364 1778 postulanti,
1388 1740 1499 1765 nunc
1520 1727 1637 1765 velut
1656 1727 1845 1766 muneris

245 1793 470 1842 reposcitor
494 1793 571 1831 hac
600 1793 743 1831 eadem
774 1794 823 1832 de
852 1807 896 1832 re
922 1807 989 1832 me
1015 1793 1184 1843 obliqua
1209 1793 1369 1831 actione
1394 1791 1587 1842 appellas,
1610 1791 1844 1842 iterumque

245 1858 446 1896 indicium
474 1858 565 1896 eius
594 1859 837 1897 offensionis
862 1859 990 1897 refers
1015 1872 1141 1908 quam
1161 1872 1210 1897 ex
1232 1858 1456 1896 memoriae
1475 1859 1569 1896 tuae
1590 1857 1696 1895 actis
1715 1857 1842 1896 semel

243 1925 284 1961 et
296 1923 404 1962 bona
418 1924 499 1962 fide
513 1925 749 1974 exemptam
765 1937 852 1963 esse
868 1924 1100 1963 credebam.
1140 1924 1261 1963 Itane
1276 1937 1384 1971 vero,
1406 1924 1441 1961 si
1461 1922 1560 1972 quid
1576 1921 1655 1961 tibi
1669 1922 1844 1961 familia-

244 1988 344 2027 riter
371 1991 496 2038 atque
524 1989 731 2028 amicitiae
760 1990 849 2028 iure
876 1989 1008 2028 fretus
1034 1990 1188 2037 dixero,
1218 1991 1264 2027 tu
1294 1989 1339 2027 in
1366 2001 1432 2026 me
1459 1987 1718 2038 eloquentiae
1745 1989 1842 2027 tuae

243 2054 372 2092 aciem
407 2055 618 2106 stringes?
651 2057 693 2093 et
722 2056 768 2093 vt
802 2055 942 2093 animo
973 2054 1210 2105 obsequaris
1239 2053 1496 2102 iracundulo,
1527 2052 1578 2092 ad
1608 2053 1842 2092 satietatem

242 2132 404 2158 mecum
426 2119 665 2170 delitigabis
681 2121 700 2158 2)
731 2122 772 2158 et
801 2121 897 2170 quia
916 2120 994 2159 tibi
1014 2133 1088 2170 par
1107 2133 1195 2159 esse
1216 2119 1426 2158 scribendi
1452 2119 1647 2157 facultate
1667 2132 1837 2168 nequeo,

208 2204 219 2209 -
242 2184 439 2223 continuo
459 2187 500 2223 te
526 2186 780 2234 superiorem
809 2186 855 2224 in
879 2198 1001 2224 causa
1027 2185 1216 2224 futurum
1241 2184 1455 2223 confides?
1486 2186 1526 2223 et
1549 2184 1779 2223 secundum
1800 2185 1842 2222 te

242 2249 433 2288 homines
463 2250 603 2289 doctos
633 2252 674 2289 et
705 2263 852 2301 graues
880 2251 1224 2300 pronunciaturos
1253 2250 1472 2300 sperabis?
1528 2249 1710 2288 etiamne
1734 2250 1771 2288 si
1796 2249 1842 2288 in

241 2316 445 2365 tyrocinio
465 2317 657 2367 aequiore
678 2329 801 2354 031183
828 2316 954 2355 nixus
978 2317 1058 2355 sim
1074 2318 1094 2355 ·?
1124 2316 1250 2354 etiam
1282 2315 1317 2354 si
1346 2329 1440 2353 cum
1463 2317 1535 2353 tua
1553 2315 1633 2354 ista
1652 2314 1840 2352 Minerua

241 2381 401 2420 iustitia
420 2382 509 2432 ipsa
529 2381 773 2432 depugnet?
801 2382 926 2420 etiam
947 2382 984 2420 si
1004 2395 1069 2420 res
1098 2381 1186 2431 ipsa
1211 2380 1398 2419 clamitet
1418 2394 1501 2418 non
1522 2382 1562 2418 te
1583 2379 1685 2418 iuris
1705 2378 1839 2418 subsi-

241 2446 321 2484 diis
340 2447 410 2484 sed
431 2447 645 2485 facundiae
666 2447 884 2497 praesidiis
903 2447 1056 2485 fretum
1075 2448 1197 2484 esse?

293 2511 454 2550 Verum
497 2512 638 2563 ‘Age,'
675 2512 827 2562 inquis,
875 2513 989 2550 ‘rem
1026 2511 1189 2550 arbitrii
1228 2511 1290 2549 tui
1330 2510 1443 2555 facio,
1489 2522 1663 2560 agnosco
1704 2508 1838 2560 legem

240 2577 444 2615 amicitiae
462 2591 471 2625 ;
501 2578 601 2627 quid
621 2577 750 2627 igitur
770 2590 912 2615 censes
930 2576 1038 2615 mihi
1058 2576 1303 2614 faciundum
1317 2577 1337 2614 ‘?
1391 2576 1463 2613 An
1484 2575 1561 2613 hoc
1581 2575 1687 2613 mihi
1706 2574 1840 2614 amico

243 2644 313 2679 1110
347 2643 551 2691 suadebis,
586 2645 630 2681 vt
668 2656 742 2693 pro
781 2642 936 2681 honore
975 2642 1081 2680 mihi
1118 2642 1261 2680 habito
1302 2640 1454 2690 gratias
1491 2653 1611 2690 agam
1651 2639 1840 2679 Fabro‘?’

242 2707 425 2746 Minime.
495 2710 503 2726 ‘
522 2709 592 2746 An
631 2708 768 2758 potius
806 2710 851 2745 vt
891 2707 1152 2746 dissimulem
1191 2719 1257 2744 me
1294 2706 1398 2744 scire
1436 2706 1534 2756 quid
1574 2705 1644 2744 ille
1684 2705 1734 2743 de
1770 2718 1839 2744 me

371 2786 423 2814 50.
453 2776 577 2807 redisti
593 2780 629 2808 F.
765 2778 817 2810 60.
844 2777 1017 2808 iudicium
1034 2777 1077 2808 N.
1210 2774 1263 2805 68.
1287 2777 1316 2805 F
1331 2777 1444 2812 Corre'y.
1460 2787 1467 2807 ε
1491 2774 1653 2805 clamitat
1669 2777 1707 2806 E.

241 2833 426 2884 ailsssefto
440 2855 503 2893 Ep.
513 2855 587 2893 609.
631 2855 676 2885 In
691 2854 753 2894 Ep.
766 2855 842 2894 906.
853 2854 917 2894 558
930 2864 1000 2893 seq.
1162 2850 1319 2892 inquies]
1338 2851 1389 2882 Cf.
1410 2851 1473 2891 Ep.
1493 2860 1568 2890 915.
1591 2860 1656 2890 130
1672 2860 1745 2890 800.

241 2895 408 2927 Erasmus
433 2898 645 2936 questioned
672 2898 734 2928 the
757 2897 1001 2937 authenticity
1159 2894 1356 2935 calculum]
1374 2894 1425 2926 Cf.
1447 2895 1508 2926 ΟΥ.
1528 2897 1598 2925 Met.
1622 2904 1672 2933 15.
1692 2905 1744 2933 44.

241 2938 279 2969 of
291 2940 367 2969 this
383 2942 567 2978 quotation
586 2952 593 2978 ;
618 2941 660 2972 cf.
678 2942 743 2981 Ep.
756 2950 832 2981 915.
851 2951 910 2979 142
924 2950 998 2980 seq.
1114 2949 1166 2978 49.
1193 2937 1426 2978 inficiandae]
1446 2938 1498 2969 Cf.
1519 2938 1580 2977 Ep.
1601 2938 1676 2977 896.
1700 2947 1815 2976 111-7.

283 2992 335 3019 42.
363 2982 437 3022 Quo
454 2983 567 3024 nunc]
586 2985 636 3015 Cf.
658 2984 718 3025 Ep.
738 2986 812 3025 906.
832 2985 945 3024 133-6.
1114 2993 1169 3022 52.
1197 2992 1294 3013 nunc
1312 2980 1449 3022 palma]
1467 2981 1518 3013 Cf.
1538 2982 1620 3012 Juv.
1645 2991 1693 3020 13.
1716 2981 1822 3021 127,8.
