2034 3433
276 130 357 170 326
737 129 988 169 LETTERS
1028 129 1099 168 OF
1137 127 1402 168 ERASMUS
1747 126 1784 181 [1
1794 138 1815 177 5
1825 141 1838 166 1
1848 130 1870 165 8

272 236 437 286 scriptis
465 236 561 274 licet
591 235 793 284 colligere.
851 233 931 272 Sed
960 232 1145 282 iniungit
1172 234 1372 283 tanquam
1403 232 1647 271 Rhomanus
1677 233 1873 272 Pontifex

273 302 533 353 Hieronymo
552 302 753 339 hactenus
773 299 1000 348 Rhomano,
1023 298 1130 350 quod
1151 298 1240 337 illic
1260 300 1301 336 et
1321 298 1552 348 baptizatus
1571 298 1628 336 sit
1646 300 1687 337 et
1706 299 1871 349 presby-

189 375 250 409 515
272 367 366 405 terii
386 368 627 406 consecutus
646 366 860 403 honorem.

329 443 389 481 74.
422 431 533 470 Illud
549 432 708 469 interea
723 431 893 478 mirum,
913 429 1212 480 sycophantam
1227 429 1342 468 hunc
1361 431 1433 468 aut
1452 429 1567 467 illius
1587 430 1871 479 suggestorem

270 498 466 547 spiritum
494 510 545 535 ne
571 496 696 535 verbo
722 496 889 547 quidem
915 509 1101 546 vnquam
1127 496 1331 546 attingere
1356 495 1537 534 Fabrum
1563 494 1870 544 Stapulensem‚

269 563 339 613 qui
359 564 399 601 et
418 563 534 613 prior
554 564 594 600 et
615 563 710 611 plus
729 574 854 601 ausus
874 562 930 600 sit
950 574 1075 612 quam
1091 574 1190 600 nos:
1220 575 1294 600 nec
1313 561 1400 599 vlla
1419 561 1554 599 fultus
1569 560 1788 599 autoritate
1804 560 1872 599 vel

269 628 499 677 Pontificis,
525 628 591 667 cui
618 628 920 678 scripseramus
948 641 1024 667 nos
1051 640 1317 678 aggressuros
1338 641 1441 678 opus
1468 628 1708 677 priusquam
1736 640 1874 678 aggre-

187 704 249 736 520
268 694 469 743 deremur,
498 693 563 733 vel
590 707 636 733 ea
660 707 784 744 quam
804 694 1014 744 accipiunt
1035 695 1106 744 qui
1126 695 1238 733 inter
1256 693 1486 744 theologiae
1505 694 1758 744 professores
1777 694 1872 733 alle-

266 761 431 809 guntur.
486 760 550 798 Ex
578 773 659 810 quo
687 760 825 810 palam
855 761 918 798 est
944 759 1075 798 istum
1106 773 1191 798 non
1220 759 1328 798 facto
1359 759 1524 808 offendi,
1552 760 1625 798 sed
1655 759 1871 799 hominem

266 825 451 864 voluisse
471 825 679 864 insectari.

322 901 383 940 75.
418 890 499 930 His
536 890 666 941 igitur
702 904 752 929 ex
788 891 921 930 animi
957 891 1168 930 sententia
1199 891 1329 941 gestis
1362 891 1498 941 pergit
1530 891 1576 929 in
1610 889 1786 941 epistola
1819 891 1870 931 ad

266 956 472 1006 Dorpium
491 970 583 995 mea
603 956 863 1003 calumniari,
887 956 997 1006 quod
1018 957 1258 1006 scripserim
1289 955 1620 1006 ‘Hieronymum
1646 955 1868 1007 aliquoties

183 1033 244 1064 525
263 1021 345 1060 sibi
365 1035 450 1060 non
469 1024 701 1072 temperare
730 1022 832 1072 quin
858 1022 903 1060 in
923 1021 1205 1072 Vigilantium
1233 1022 1497 1061 incandescat
1523 1022 1669 1070 acrius,
1692 1022 1737 1060 in
1761 1021 1870 1061 Ioui-

263 1086 436 1127 nianum
456 1088 632 1127 insultet
646 1088 975 1134 immoderatius,
991 1088 1036 1126 in
1056 1087 1273 1126 Ruffinum
1288 1087 1591 1127 amarulentius
1605 1087 1834 1127 inuehatur
1845 1090 1865 1127 ⁹.

262 1154 402 1203 Atque
440 1153 546 1192 hanc
585 1156 766 1192 atrocem
804 1154 851 1192 in
884 1153 1194 1203 Hieronymum
1232 1153 1529 1193 contumeliam
1567 1153 1868 1204 interpretatur

263 1219 381 1269 quasi
414 1220 655 1270 scripserim
688 1219 766 1258 hoc
800 1232 886 1258 non
919 1221 1030 1258 recte
1063 1219 1114 1258 ab
1148 1219 1410 1270 Hieronymo
1444 1219 1612 1268 factum,
1647 1221 1720 1258 aut
1748 1220 1867 1270 quasi

263 1283 553 1335 Hieronymus
582 1298 665 1324 non
685 1285 813 1324 fuerit
831 1286 931 1324 vllis
951 1285 1149 1325 humanis
1168 1285 1287 1325 vitiis
1308 1285 1522 1334 obnoxius,
1547 1284 1649 1323 dum
1678 1285 1840 1324 viueret
1858 1299 1867 1332 ;

184 1362 245 1394 530
264 1349 440 1400 denique
469 1351 586 1402 quasi
614 1365 698 1390 non
727 1352 911 1401 optimus
940 1352 1115 1402 quisque
1143 1351 1252 1390 hanc
1281 1351 1503 1401 aliquoties
1533 1351 1578 1388 in
1606 1350 1868 1402 Hieronymo

224 1437 227 1439 >
263 1415 481 1466 desyderet
500 1417 632 1455 animi
652 1417 882 1456 lenitatem.

321 1484 385 1529 76.
415 1482 524 1520 Tum
543 1484 683 1521 autem
702 1482 892 1521 refellens
913 1482 1021 1533 quod
1043 1482 1280 1532 scripserim
1305 1482 1351 1520 in
1379 1481 1485 1520 meis
1512 1481 1678 1531 scriptis
1707 1481 1865 1521 nullius

263 1547 398 1585 notari
417 1548 584 1596 famam,
609 1547 752 1586 obiicit
774 1548 881 1598 quod
902 1548 1003 1587 locis
1023 1547 1183 1598 aliquot
1203 1560 1226 1585 a
1246 1547 1414 1595 Thema,
1437 1560 1461 1585 a
1475 1547 1678 1596 magistro
1693 1546 1866 1586 Senten-

261 1612 428 1661 tiarum,
463 1625 486 1651 a
510 1613 684 1662 Lyrano,
713 1613 764 1651 ab
791 1614 973 1664 Hugone
1002 1613 1194 1653 Carrensi
1221 1613 1498 1660 dissentiam3
1529 1612 1646 1663 quasi
1675 1613 1865 1664 quisquis

182 1690 243 1723 535
263 1677 493 1727 dissentiat,
515 1679 766 1719 contumelia
780 1680 940 1728 afficiat,
959 1682 1030 1719 aut
1044 1680 1200 1719 famam
1215 1680 1395 1718 incessat
1409 1679 1497 1718 eius
1513 1692 1536 1717 a
1552 1692 1634 1729 quo
1650 1680 1859 1719 dissentit.

263 1743 351 1792 Quo
368 1744 466 1794 quid
484 1744 566 1795 dici
579 1746 715 1794 potest
730 1745 902 1784 stultius
915 1747 936 1784 ⁶?
981 1745 1037 1784 Et
1052 1746 1271 1784 tamen-ita
1286 1745 1499 1793 dissentio,
1515 1747 1562 1784 vt
1581 1758 1676 1784 cum
1692 1745 1862 1785 honoris

258 1808 515 1858 praefatione
539 1809 583 1848 id
609 1810 767 1858 faciam,
798 1811 949 1861 quibus
968 1811 1075 1850 hanc
1095 1811 1292 1849 debemus
1313 1810 1614 1849 reuerentiam:
1643 1824 1769 1861 quam
1789 1824 1864 1861 ego

261 1887 336 1912 nec
362 1874 528 1925 Lyrano
554 1888 629 1913 nec
656 1876 846 1915 Garrensi
871 1878 972 1926 puto
1000 1876 1149 1914 deberi.
1209 1875 1327 1924 Quod
1353 1876 1390 1915 si
1417 1876 1489 1926 qui
1512 1876 1655 1915 minus
1674 1877 1759 1915 iam
1778 1877 1865 1915 illis

260 1940 453 1979 tribuunt
468 1954 592 1991 quam
607 1942 780 1981 antehac
794 1942 1046 1991 tribuebant,
1065 1956 1149 1981 non
1165 1942 1439 1982 conueniebat
1459 1942 1511 1982 ob
1525 1942 1694 1982 illorum
1714 1944 1863 1983 autori-

181 2020 244 2051 540
260 2008 389 2045 tatem
408 2019 484 2045 nos
505 2020 649 2045 omnes
669 2020 850 2047 errorem
870 2009 999 2058 sequi.

317 2082 379 2120 77.
411 2072 544 2123 Negat
560 2086 628 2111 eos
644 2086 838 2123 passuros
852 2074 993 2123 fuisse,
1012 2075 1048 2113 si
1063 2077 1338 2125 superessent.
1386 2074 1483 2125 Ipse
1497 2075 1638 2125 igitur,
1659 2076 1730 2126 qui
1746 2077 1861 2117 velut

259 2137 365 2176 alter
380 2138 599 2177 Helizaeus
613 2140 658 2177 in
678 2139 830 2178 horum
849 2141 1044 2190 spiritum
1064 2141 1272 2189 successit,
1293 2143 1432 2191 partes
1452 2141 1633 2190 illorum,
1657 2143 1694 2181 si
1712 2146 1859 2193 potest,

259 2205 436 2242 tueatur.

316 2270 377 2316 78.
409 2268 500 2307 Iam
538 2268 643 2308 illud
678 2270 899 2310 elenchum
928 2273 1046 2322 putat
1075 2285 1165 2311 esse
1192 2272 1453 2322 palmarium,
1484 2273 1593 2323 quod
1622 2273 1667 2311 in
1696 2275 1862 2314 annota-

180 2349 240 2381 545
259 2334 444 2373 tionibus
465 2348 566 2385 quas
585 2336 630 2374 in
652 2336 961 2388 Hieronymum
980 2339 1139 2388 scripsi,
1163 2339 1483 2378 Franciscanum
1503 2339 1709 2389 quendam
1729 2339 1861 2379 obiter

259 2412 475 2450 aspergam
497 2401 586 2439 ioco
605 2415 614 2449 ;
644 2414 739 2440 cum
762 2402 805 2440 id
833 2403 934 2442 citra
960 2404 1320 2443 nomenclaturam
1346 2404 1506 2450 faciam,
1537 2406 1578 2442 et
1602 2406 1690 2443 tam
1709 2405 1858 2455 ingens

259 2464 312 2502 sit
339 2465 461 2503 turba
486 2465 856 2505 Franciscanorum
881 2468 926 2506 in
955 2482 1058 2518 quos
1084 2469 1163 2507 iste
1181 2470 1295 2507 iocus
1315 2471 1532 2520 competat.
1591 2470 1662 2508 An
1681 2471 1860 2521 quisine

260 2531 428 2569 nomine
458 2534 642 2570 narraret
670 2533 719 2570 de
748 2533 916 2572 inscitia
944 2535 1176 2584 cuiuspiam
1205 2535 1400 2584 hominis,
1429 2536 1475 2574 in
1501 2549 1647 2575 omnes
1669 2537 1860 2576 homines

258 2594 424 2634 futurus
445 2597 500 2635 sit
520 2597 880 2637 contumeliosus?

179 2675 242 2706 550
316 2670 377 2709 79.
411 2662 524 2710 Quae
544 2675 639 2700 vero
659 2666 903 2714 sequuntur7
924 2667 971 2704 vt
990 2665 1170 2715 ingenue
1191 2665 1339 2714 dicam,
1362 2679 1447 2705 non
1467 2666 1657 2717 intelligo
1676 2681 1854 2718 prorsus,

259 2726 330 2763 sed
350 2727 481 2776 ipsius
495 2727 621 2766 verba
640 2741 735 2766 cum
755 2743 830 2768 suo
849 2730 948 2769 flore
967 2731 1249 2771 subscribam:
1279 2733 1288 2751 ‘
1300 2732 1474 2771 Possem
1489 2733 1498 2748 ⁹
1512 2734 1653 2783 inquit
1671 2736 1680 2753 ‘
1694 2736 1735 2773 et
1751 2733 1856 2773 illud

346 2833 419 2862 514.
446 2825 644 2865 presbyteri
660 2825 711 2857 D2.
857 2837 932 2868 539.
959 2838 1031 2860 non
1047 2831 1098 2858 D:
1121 2838 1168 2860 an
1184 2831 1225 2859 H.
1369 2839 1443 2869 542.
1470 2833 1513 2862 F:
1539 2833 1714 2863 successat
1731 2834 1769 2862 D.

304 2908 377 2937 517.
405 2900 577 2942 Fabrum]
596 2901 647 2932 Cf.
666 2901 729 2940 Ep.
748 2911 821 2940 304.
843 2903 885 2942 89
902 2912 937 2934 n.
1130 2911 1205 2942 532.
1230 2903 1453 2945 scripserim]
1471 2904 1523 2935 Of.
1542 2905 1604 2945 Ep.
1624 2915 1699 2945 337.
1716 2906 1812 2936 60-2.

303 2951 376 2981 519.
406 2944 677 2985 scripseramus]
692 2946 744 2976 Of.
759 2946 823 2985 Ep.
839 2946 913 2984 338.
929 2955 969 2985 25
980 2956 1017 2977 n.
1130 2955 1205 2985 544.
1236 2948 1549 2989 annotationibus]
1578 2948 1630 2979 Cf.
1663 2949 1749 2988 Epp.
1779 2957 1853 2987 337.

304 2995 381 3024 524.
406 2986 626 3027 scripserim]
645 2988 707 3028 Ep.
724 2998 798 3027 337.
818 2999 914 3028 51-4.
1094 2990 1158 3028 678
1172 2999 1220 3028 n..
1239 2991 1315 3022 608.
1336 3000 1373 3028 14
1387 3001 1422 3022 n.
