2034 3433
198 451 238 473 20

257 139 337 177 344
719 137 972 178 LETTERS
1010 138 1082 176 OF
1119 138 1385 178 ERASMUS
1725 137 1766 190 [1
1775 148 1797 186 5
1806 151 1821 175 1
1831 140 1853 175 8

255 257 335 294 que
354 244 417 282 tui
436 243 654 282 clarissimi
672 255 869 292 precones
888 242 1081 292 egregios.
1142 243 1261 281 Inter
1280 256 1383 292 quos
1402 241 1613 280 Iohannes
1631 241 1729 280 Piso
1743 244 1855 282 extat

257 309 358 348 olim
401 308 479 347 tibi
517 309 648 347 Rome
695 306 896 356 cognitus,
942 307 1067 357 Regis
1104 307 1307 346 Ludouici
1351 306 1569 357 Hungarie
1614 306 1661 345 in
1704 306 1855 346 litteris

256 375 476 424 preceptor,
505 376 597 411 tum
621 373 773 422 Caspai·
796 371 977 410 Vrsinus
1003 372 1158 420 Velius,
1188 372 1367 422 phalecii
1392 372 1508 410 illius
1534 371 1684 411 author
1712 371 1784 421 qui
1811 372 1855 411 in

256 439 437 478 natalem
460 440 582 476 tuum
605 439 668 475 est
693 436 841 476 editus.
900 437 1032 476 Porro
1059 437 1285 477 Erasmicis
1309 437 1502 488 operibus
1526 436 1713 487 legendis
1739 449 1858 476 aures

257 505 448 543 obturare
474 515 691 552 nunquam
717 515 964 552 possumus;
994 503 1199 553 siquidem
1219 504 1434 542 neminem
1454 503 1644 541 omnium
1668 502 1740 551 qui
1766 504 1859 542 tuas

256 568 563 609 lucubrationes
585 568 806 618 inspexere,
831 570 970 606 extare
988 569 1166 607 arbitror
1185 569 1255 619 qui
1279 582 1364 607 non
1391 570 1555 607 coactus
1574 567 1708 618 magis
1733 580 1858 618 quam

258 634 402 672 volens
432 635 613 671 cessator
642 633 780 671 fuerit.
841 633 1018 672 Prorsus
1049 633 1287 673 lectitandis
1316 634 1560 672 huiusmodi
1588 633 1708 672 libris
1735 646 1786 672 ex
1817 635 1859 672 te

257 700 358 737 ortis
380 699 539 737 nemini
555 712 640 737 non
660 693 923 748 intercapedo
939 698 1114 738 molesta
1129 713 1138 746 ;
1164 700 1346 738 iucunda
1360 698 1588 738 admodum
1603 698 1859 738 continuatio

200 780 236 810 25
257 767 332 812 est,
361 766 403 803 et
428 764 582 802 laboris
609 764 862 814 perpetuitas
890 765 1044 802 suauis.
1103 764 1225 803 Inest
1252 765 1456 803 nimirum
1481 766 1545 803 tot
1567 766 1610 803 et
1634 766 1723 803 tam
1748 764 1860 803 lucu-

200 1108 240 1137 30

202 1433 242 1465 35

203 1763 246 1793 40

205 2090 245 2120 45

260 830 386 868 lentis
412 830 497 867 tuis
524 830 691 879 scriptis
720 829 944 868 Homerica
968 830 1042 868 illa
1064 830 1214 878 lothos‚
1244 844 1322 880 que
1352 830 1581 880 legentium
1609 830 1773 868 animos
1802 830 1861 869 ita

257 895 365 946 capit
384 897 431 933 vt
451 894 577 933 auelli
596 895 647 933 ab
662 894 945 945 inexplicabili
959 895 1034 934 illa
1048 895 1275 945 cupiditate
1289 896 1537 946 neutiquam
1552 895 1728 945 possint.
1771 895 1861 943 Quo

258 974 352 999 cum
373 961 547 999 authore
566 960 644 998 hoc
663 960 790 998 habes
811 961 1036 1009 proprium,
1060 962 1108 999 vt
1126 961 1293 1000 nullum
1312 974 1498 1011 vnquam
1521 961 1667 999 lectori
1691 962 1861 999 tuorum

259 1039 430 1076 operum
458 1026 626 1075 obrepat
656 1025 901 1074 fastidium;
939 1038 985 1064 ac
1013 1026 1051 1064 si
1080 1025 1323 1065 obmanaret
1360 1027 1537 1065 fortasse
1564 1027 1733 1066 satietas
1763 1025 1859 1072 vlla,

261 1093 377 1131 tanto
404 1091 573 1142 quidem
600 1091 733 1129 serius
760 1091 823 1129 tui
850 1091 1049 1139 studioso,
1080 1094 1234 1142 quanto
1263 1092 1378 1131 illius
1408 1092 1612 1142 poematis
1635 1092 1862 1131 sanctiores

258 1158 321 1196 tui
341 1159 441 1196 sunt
459 1157 634 1196 labores.

315 1223 449 1271 Quare
469 1236 563 1261 cum
583 1235 747 1261 mecum
768 1223 910 1261 animo
929 1223 1054 1262 voluo
1073 1226 1114 1262 et
1134 1226 1174 1262 te
1194 1226 1282 1263 tam
1301 1223 1542 1263 absolutum
1562 1223 1645 1262 sibi
1659 1222 1863 1274 placentis

261 1290 406 1328 nature
426 1301 530 1338 opus
549 1290 671 1338 atque
691 1288 887 1327 omnibus
908 1289 1096 1327 numeris
1115 1290 1356 1339 perfectum,
1378 1290 1537 1328 mirum
1561 1291 1625 1328 est
1650 1302 1776 1339 quam
1800 1289 1864 1328 tui

263 1354 424 1393 visendi
439 1354 644 1392 desiderio
663 1353 869 1392 accendar.
912 1354 1040 1393 Cuius
1058 1356 1191 1404 gratia
1210 1356 1247 1393 si
1262 1368 1447 1406 vnquam
1466 1355 1727 1405 compertum
1742 1354 1863 1393 habe-

264 1432 351 1458 rem
378 1421 419 1458 te
444 1419 582 1469 aliquo
608 1419 654 1456 in
682 1419 770 1457 loco
797 1432 888 1457 esse
917 1433 998 1469 quo
1019 1434 1160 1469 posses
1181 1421 1247 1459 vel
1275 1423 1365 1459 octo
1390 1421 1553 1459 dierum
1572 1421 1722 1459 itinere
1742 1420 1861 1467 adiri,

263 1484 402 1523 subito
431 1484 529 1522 hinc
558 1498 626 1522 me
654 1484 874 1522 auellerem
901 1498 1028 1535 eoque
1055 1486 1320 1534 aduolarem;
1355 1486 1522 1536 longius
1553 1499 1714 1535 quoque
1743 1487 1784 1523 et
1813 1485 1863 1523 ad

264 1550 413 1599 Belgas
427 1563 556 1599 vsque
572 1550 840 1598 profecturus,
859 1549 896 1588 si
911 1564 983 1599 per
1002 1551 1168 1600 negotia
1182 1551 1335 1590 liceret.
1377 1551 1495 1599 Quod
1515 1552 1553 1590 si
1568 1551 1765 1589 Gaditani
1779 1563 1864 1600 per-

267 1615 393 1654 multi
409 1615 585 1652 Romam
599 1614 770 1652 Liuium
786 1628 933 1653 venere
949 1616 1100 1664 visum,
1119 1617 1191 1666 qui
1203 1618 1344 1655 minus
1367 1617 1433 1655 cui
1448 1630 1604 1654 nomen
1620 1616 1787 1654 Erasmi
1805 1616 1866 1654 in-

267 1680 461 1728 notuerit,
479 1680 632 1730 quique
651 1680 741 1718 eius
763 1679 952 1719 diuinam
967 1681 1245 1720 eruditionem
1259 1682 1512 1732 primoribus
1528 1681 1656 1720 labris
1671 1681 1861 1730 gustarit,

267 1760 288 1784 e
317 1746 464 1795 quouis
493 1748 699 1783 terrarum
733 1745 843 1783 orbis
871 1745 955 1784 fine
983 1746 1035 1784 ad
1065 1747 1300 1795 Erasmum,
1334 1747 1480 1786 vbiubi
1509 1747 1636 1785 fuerit
1660 1747 1865 1797 gentium,

264 1811 490 1850 admirator
519 1812 560 1849 et
591 1812 798 1860 spectator
826 1811 1055 1850 acceleret?
1113 1803 1254 1851 Porro*
1271 1815 1411 1851 autem
1445 1813 1607 1863 quoties
1639 1812 1866 1862 consydero

266 1878 470 1926 quantum
488 1878 529 1914 et
548 1876 706 1914 fructus
727 1877 769 1914 et
788 1875 1013 1926 voluptatis
1033 1875 1234 1928 t<u>orum
1254 1878 1430 1916 lectione
1450 1878 1652 1916 librorum
1672 1877 1862 1927 percipio,

263 1940 550 1991 inexplicabile
583 1942 646 1979 est
680 1943 884 1990 quantum
914 1955 981 1980 me
1011 1942 1091 1981 tibi
1121 1943 1267 1981 debere
1299 1943 1444 1991 sentio,
1478 1944 1585 1981 certe
1614 1943 1710 1993 plus
1742 1954 1867 1992 quam

264 2006 474 2059 p<r)estari
491 2020 514 2045 a
533 2021 601 2046 me
619 2020 803 2058 vnquam
826 2008 973 2058 possit.
1028 2009 1162 2058 Atqui
1182 2023 1263 2059 quo
1283 2022 1375 2048 mea
1390 2009 1436 2047 in
1449 2011 1490 2047 te
1506 2009 1772 2048 obseruantia
1792 2007 1868 2047 tibi

266 2087 309 2111 re
346 2074 436 2123 ipsa
472 2074 587 2112 fieret
620 2074 820 2122 testatior,
857 2074 905 2112 de
939 2075 1145 2113 mittendo
1178 2088 1353 2114 munere
1391 2076 1664 2123 decreueram,
1705 2074 1868 2113 meritis

269 2139 435 2189 quidem
460 2140 545 2178 tuis
572 2140 695 2189 longe
723 2140 911 2178 inferiori
940 2153 1087 2179 verum
1116 2141 1318 2180 modestie
1346 2143 1416 2179 tue
1445 2141 1651 2191 singulari
1679 2140 1869 2179 fortassis

250 2204 520 2254 acceptabili.
590 2205 640 2243 Id
668 2205 776 2256 quod
803 2206 1042 2255 propediem
1068 2207 1226 2255 faciam,
1255 2207 1327 2245 vbi
1347 2207 1548 2245 nuntium
1569 2208 1716 2245 nactus
1736 2206 1869 2245 fidum

270 2270 420 2320 quibus
445 2272 486 2308 te
506 2270 607 2308 locis
635 2271 847 2309 contineas
874 2272 1142 2310 intellexero:
1172 2273 1330 2313 interea
1355 2272 1556 2322 temporis
1583 2272 1648 2310 tui
1667 2271 1869 2310 memoria

269 2335 573 2373 iucundissima
605 2348 673 2373 me
707 2335 998 2383 oblectaturus,
1032 2350 1116 2375 vna
1149 2350 1243 2375 cum
1277 2336 1451 2387 Caspare
1489 2337 1655 2384 Vrsino,
1697 2336 1869 2374 alumno

209 2413 251 2444 ἕο
270 2402 413 2437 nostro
445 2400 589 2449 tuique
628 2400 839 2449 imprimis
872 2402 1071 2441 studioso.
1132 2402 1351 2441 Postremo
1381 2403 1574 2451 optamus
1608 2400 1793 2439 maxime
1822 2401 1867 2437 vt

246 2557 250 2558 ⁷
313 2528 363 2548 21.
389 2519 547 2550 obturari
570 2522 638 2550 MS.
815 2529 865 2551 22.
892 2520 1161 2552 lucrubationes
1182 2523 1249 2552 MS.
1429 2529 1482 2560 29.
1506 2520 1714 2551 obmanaret
1737 2521 1869 2557 scripsi:

273 2562 479 2594 obmaneret
494 2565 564 2593 MS.
698 2572 750 2602 32.
774 2564 979 2595 obsolutum
997 2568 1063 2596 MS.
1189 2575 1241 2603 37.
1268 2564 1440 2595 Gaditani
1455 2567 1574 2595 correxi
1588 2575 1596 2595 :
1619 2563 1782 2594 Satidani
1799 2566 1867 2594 MS.

274 2606 324 2643 38.
350 2606 501 2636 Romani
526 2609 593 2637 MS.
730 2616 782 2645 45.
808 2607 902 2638 fierit
918 2611 988 2639 MS.
1123 2609 1173 2646 46.
1196 2608 1378 2647 singulare
1394 2610 1459 2637 MS.

320 2747 369 2776 17.
395 2737 492 2778 Piso]
528 2738 581 2769 Cf.
617 2738 680 2778 Ep.
711 2740 776 2768 216
807 2738 941 2770 introd.
987 2739 1033 2770 In
1103 2739 1252 2769 sistet-to
1260 2738 1407 2770 Charles
1417 2748 1449 2778 v,
1460 2739 1585 2769 inJan.
1597 2746 1689 2778 1522,
1700 2735 1869 2778 perished

277 2781 339 2820 Ep.
357 2790 421 2820 943
438 2781 607 2813 Erasmus
630 2781 785 2822 perhaps
805 2781 957 2813 omitted
972 2783 1034 2813 the
1104 2784 1141 2813 at
1158 2782 1303 2814 Mohacs
1318 2783 1358 2813 in
1374 2782 1437 2813 the
1454 2782 1535 2813 rout
1556 2781 1678 2812 which
1701 2779 1869 2812 followed

276 2825 461 2855 Christian
478 2834 584 2856 name
600 2825 722 2856 rather
738 2826 828 2856 than
844 2826 978 2856 correct
996 2827 1037 2857 it.
1104 2826 1167 2857 the
1183 2825 1338 2856 Turkish
1355 2827 1503 2865 victory.

323 2869 371 2898 18.
398 2868 587 2908 Ludouici]
617 2869 723 2899 Louis
747 2878 776 2899 Π
795 2870 826 2910 (1
849 2869 870 2900 J
874 2869 936 2908 uly
955 2870 1038 2908 1506
1152 2879 1201 2908 19.
1224 2869 1392 2910 Vrsinus]
1412 2869 1464 2901 cf.
1481 2869 1543 2909 Ep.
1563 2869 1638 2908 548.
1657 2878 1711 2908 3,4
1724 2878 1788 2900 nn.

276 2929 318 2933 --
333 2919 376 2949 29
393 2911 480 2950 Aug.
503 2912 612 2953 1526),
631 2913 693 2943 the
719 2912 873 2943 ill-fated
894 2913 982 2952 king
1005 2913 1043 2944 of
1150 2922 1202 2943 20.
1224 2912 1342 2954 aures]
1361 2912 1413 2944 Cf.
1432 2913 1520 2944 Hor.
1536 2915 1597 2949 Ep.
1615 2922 1644 2942 2.
1658 2922 1689 2943 2.
1711 2921 1781 2951 105.

279 2954 463 2994 Hungary,
482 2955 562 2985 who
578 2955 769 2986 succeeded
785 2956 843 2986 his
866 2956 985 2987 father
1001 2957 1041 2987 in
1153 2957 1203 2987 26.
1229 2956 1438 2998 Homerica]
1459 2959 1512 2987 Od.
1531 2966 1563 2995 9.
1581 2965 1678 2995 94—7.

278 2997 399 3033 March
419 2999 501 3036 1516
515 3009 522 3036 ;
539 2999 610 3030 and
627 2999 719 3032 after
729 3000 913 3040 marrying
926 3000 1038 3040 Mary,
1152 3009 1204 3039 37.
1229 2999 1420 3040 Gaditani]
1437 3000 1488 3031 Cf.
1505 2999 1569 3039 Ep.
1587 3008 1661 3037 401.
1675 3007 1763 3037 21,2.
