2034 3433
263 132 343 170 138
730 126 980 167 LETTERS
1019 125 1088 164 OF
1127 124 1393 164 ERASMUS
1735 120 1773 175 [1
1783 135 1804 172 5
1814 137 1828 160 1
1839 135 1858 171 7

262 233 398 272 adhuc
435 229 692 271 difficultatis
729 229 959 279 superesset
995 226 1151 275 lectori,
1189 227 1299 278 quod
1333 240 1429 266 cum
1462 226 1659 265 scriberet
1690 226 1864 265 rudibus

263 298 399 337 adhuc
428 299 469 336 et
501 309 635 346 nuper
667 294 834 334 Christo
863 291 1051 338 initiatis,
1090 292 1290 341 mysteria
1323 292 1527 342 quaedam
1559 293 1694 341 magis
1724 291 1863 341 attigit

209 380 245 411 15
264 377 389 415 quam
408 361 613 407 tractauit,
637 362 678 398 et
703 358 905 397 indicauit
923 356 1064 395 verius
1089 369 1213 407 quam
1235 357 1445 408 explicuit,
1469 356 1662 395 videlicet
1687 356 1865 406 tempori

264 428 459 467 seruiens.
520 426 644 464 Nunc
674 437 772 463 vero
806 436 902 461 cum
933 422 1066 461 Roma
1093 423 1183 461 tota
1216 423 1317 461 adeo
1351 423 1407 461 sit
1437 422 1675 461 Christiana
1699 424 1748 461 vt
1778 421 1865 460 illic

264 494 394 532 totius
427 491 689 531 Christianae
718 487 933 538 religionis
966 487 1022 526 sit
1053 500 1128 526 arx
1154 488 1413 538 culmenque,
1445 500 1492 526 ac
1519 501 1591 537 per
1619 487 1866 526 vniuersum

266 562 471 597 terrarum
492 556 635 595 orbem
654 555 843 592 Romane
867 553 1092 603 loquantur
1117 553 1354 603 quicunque
1374 553 1613 591 Romanum
1635 554 1866 601 agnoscunt

265 623 527 670 Pontificem,
557 619 730 659 videbar
757 618 866 657 mihi
893 618 1079 657 facturus
1107 618 1451 668 operaeprecium,
1482 618 1519 656 si
1554 618 1784 656 effecissem
1820 619 1867 655 vt

209 708 248 729 20
266 689 423 728 Paulus
446 688 532 726 iam
558 699 671 724 mere
694 684 894 723 Romanis
922 696 968 722 ac
997 683 1120 733 plene
1148 682 1399 721 Christianis
1419 696 1503 721 non
1522 683 1661 721 solum
1680 683 1868 721 Romane

265 767 413 793 verum
441 754 568 791 etiam
595 750 859 801 explanatius
888 749 1151 799 loqueretur:
1179 751 1304 798 atque
1333 748 1392 787 ita
1420 748 1658 798 loqueretur
1681 749 1867 786 Romane

265 823 310 859 vt
332 819 571 858 Hebraeum
585 817 754 867 quidem
768 829 856 854 non
867 827 1075 865 agnoscaS,
1092 827 1290 864 agnoscas
1304 816 1449 853 tamen
1465 813 1718 864 Apostolum
1736 812 1865 862 loqui.

267 886 424 925 Solitus
443 886 506 922 est
527 883 595 921 ille
616 883 777 920 mutare
796 881 993 936 linguam,
1017 892 1180 929 semper
1208 880 1424 918 obseruata
1442 879 1636 930 Apostoli
1655 878 1866 928 dignitate.

320 950 416 989 Non
441 950 510 988 hic
536 947 728 986 attollam
746 946 887 985 verbis
912 945 1059 996 quanti
1084 945 1192 983 mihi
1217 945 1453 984 constiterit
1481 945 1559 984 hoc
1585 944 1781 996 quicquid
1808 944 1871 981 est

211 1036 224 1056 2
233 1035 250 1067 5
266 1015 461 1066 opusculi,
485 1014 595 1064 quod
611 1013 654 1051 id
669 1012 799 1051 sciam
817 1011 980 1050 nemini
994 1011 1178 1060 procliue
1190 1011 1258 1049 vel
1277 1011 1492 1049 aestimare
1508 1011 1575 1049 vel
1595 1010 1770 1057 credere,
1786 1008 1870 1047 nisi

267 1082 340 1132 qui
359 1082 446 1131 ipse
465 1080 700 1131 periculum
725 1078 772 1116 in
794 1077 925 1115 simili
948 1077 1112 1127 negotio
1132 1076 1284 1123 fecerit,
1310 1077 1410 1126 quid
1430 1077 1486 1115 sit
1504 1076 1666 1115 hiantia
1685 1074 1871 1114 commit-

266 1152 365 1196 tere,
401 1147 575 1196 abrupta
605 1144 781 1190 mollire,
817 1144 987 1182 confusa
1019 1143 1213 1194 digerere,
1247 1143 1439 1181 inuoluta
1477 1143 1680 1189 euoluere,
1716 1140 1871 1179 nodosa

267 1213 483 1263 explicare,
493 1210 680 1250 obscuris
692 1209 829 1247 lucem
842 1208 1002 1256 addere,
1014 1208 1311 1247 Hebraismum
1323 1209 1511 1247 Romana
1523 1207 1692 1246 ciuitate
1704 1207 1873 1245 donare:

268 1278 446 1329 denique
465 1276 598 1324 Pauli,
621 1276 699 1314 hoc
720 1278 781 1314 est
801 1274 987 1313 coelestis
1007 1274 1189 1320 oratoris,
1209 1277 1371 1313 mutare
1391 1274 1580 1324 linguam
1595 1289 1605 1322 3
1635 1275 1676 1311 et
1696 1273 1755 1311 ita
1773 1273 1873 1310 tem·

210 1362 250 1392 30
268 1357 410 1395 perare
438 1343 684 1393 παράφρασιν
717 1354 770 1379 ne
797 1341 870 1379 fiat.
898 1341 1196 1391 παραφρόνησις,
1227 1341 1305 1379 hoc
1333 1342 1396 1378 est
1426 1340 1483 1378 sic
1513 1340 1634 1378 aliter
1663 1338 1799 1377 dicere
1826 1339 1873 1376 vt

268 1413 411 1448 tamen
430 1422 515 1447 non
537 1408 648 1445 dicas
666 1407 755 1454 alia,
778 1406 1022 1456 praesertim
1047 1406 1094 1444 in
1116 1407 1362 1456 argumento
1389 1419 1475 1444 non
1501 1405 1638 1444 solum
1657 1406 1720 1443 tot
1739 1403 1875 1442 modis

269 1474 516 1513 difficillimo
536 1473 811 1512 verumetiam
836 1484 950 1510 sacro
975 1485 1020 1510 ac
1050 1472 1259 1510 maiestati
1286 1471 1563 1521 Euangelicae
1582 1470 1798 1520 proximo:
1829 1469 1874 1506 in

272 1554 353 1590 quo
377 1553 473 1578 cum
492 1540 536 1577 in
556 1538 717 1576 lubrico
737 1537 912 1575 verseris
940 1540 981 1575 et
1010 1537 1097 1575 labi
1125 1537 1180 1575 sit
1208 1536 1469 1582 facillimum,
1490 1536 1593 1574 citra
1619 1548 1744 1585 graue
1772 1534 1874 1584 peri·

271 1606 414 1644 culum
443 1604 529 1643 labi
558 1617 640 1641 non
669 1603 813 1652 possis.
869 1602 981 1640 Illud
1011 1601 1133 1640 modo
1162 1602 1358 1650 testabor,
1381 1603 1561 1651 ingenue
1588 1601 1722 1650 magis
1748 1613 1873 1649 quam

213 1690 251 1721 35
271 1672 520 1721 arroganter,
544 1683 629 1707 non
658 1668 842 1706 multum
870 1667 1024 1705 laboris
1052 1680 1313 1706 accessurum
1341 1668 1483 1715 fuisse,
1516 1667 1552 1705 si
1580 1667 1739 1705 iustum
1768 1678 1874 1703 com-

271 1737 525 1775 mentarium
553 1735 597 1772 in
627 1734 732 1772 hanc
761 1732 980 1782 epistolam
1010 1732 1153 1770 aedere
1172 1733 1407 1771 voluissem.
1468 1731 1718 1770 Arbitrabor
1735 1732 1875 1770 autem

271 1803 442 1841 huiusce
471 1794 601 1840 studii
629 1798 861 1848 praemium
889 1798 1051 1836 abunde
1080 1811 1281 1848 magnum
1304 1799 1411 1836 mihi
1436 1798 1705 1848 persolutum,
1729 1797 1875 1835 simeo

272 1867 413 1906 studio
434 1879 599 1905 sensero
619 1865 848 1915 perfectum
868 1877 956 1902 esse
977 1866 1023 1902 vt
1043 1864 1203 1902 Paulus
1219 1865 1407 1914 primum
1424 1864 1472 1902 R.
1493 1865 1537 1902 T.
1555 1864 1617 1911 D„
1636 1863 1784 1901 deinde
1804 1875 1875 1913 per

273 1946 362 1971 eam
371 1932 540 1971 caeteris
548 1930 765 1977 Romanis,
775 1929 830 1968 sit
842 1929 1053 1979 aliquanto
1066 1930 1397 1968 commendatior
1412 1932 1483 1968 aut
1495 1932 1602 1967 certe
1610 1928 1855 1967 familiarior
1866 1942 1875 1974 ;

213 2015 254 2046 40
273 1999 425 2049 quibus
444 2000 486 2036 et
505 1994 968 2034 commendatissimum
988 1997 1029 2033 et
1043 1995 1421 2034 familiarissimum
1435 2009 1524 2033 esse
1538 2008 1611 2045 par
1627 1997 1700 2033 est.
1760 1994 1878 2034 Com-

272 2066 439 2115 pertum
471 2063 586 2101 enim
619 2061 749 2099 habeo
783 2074 910 2110 quam
945 2060 1102 2099 multos
1135 2062 1309 2099 antehac
1348 2061 1552 2099 sermonis
1588 2059 1875 2110 peregrinitas,

273 2132 429 2180 quanto
456 2129 598 2179 plures
628 2130 720 2165 tum
748 2126 1038 2176 explicationis
1066 2128 1159 2164 tum
1188 2140 1329 2165 rerum
1358 2126 1578 2165 difficultas
1605 2125 1798 2165 alienarit
1825 2125 1876 2163 ab

273 2196 363 2234 eius
392 2195 593 2234 lectione:
625 2205 863 2244 quanquam
892 2205 915 2230 a
944 2194 1032 2230 tam
1066 2192 1215 2230 eximio
1246 2192 1382 2231 fructu
1415 2205 1500 2230 non
1535 2192 1747 2241 oportebat
1777 2189 1877 2229 vllis

273 2261 550 2299 incommodis
580 2260 788 2299 deterreri.
850 2258 1017 2296 Horum
1046 2257 1174 2306 igitur
1202 2259 1270 2296 vel
1298 2258 1464 2296 fastidio
1498 2257 1565 2295 vel
1600 2255 1877 2306 desperationi

215 2340 254 2372 45
273 2328 350 2365 hac
370 2329 510 2365 nostra
529 2326 736 2364 industria
755 2324 995 2362 studuimus
1015 2336 1265 2370 succurrere,
1284 2323 1344 2361 ita
1363 2323 1578 2372 negotium
1598 2323 1877 2371 temperantes

273 2395 319 2431 vt
339 2394 376 2430 ei
396 2393 468 2442 qui
487 2392 592 2430 nolit
613 2391 834 2441 quicquam
861 2391 904 2426 in
931 2389 1056 2428 sacris
1075 2389 1208 2427 literis
1228 2388 1453 2434 immutari,
1478 2387 1767 2426 commentarii
1785 2387 1876 2424 vice

274 2458 329 2496 sit
358 2457 549 2496 futurum
566 2472 575 2505 3
606 2469 751 2494 rursus
785 2455 825 2493 ei
856 2455 929 2504 qui
957 2456 1073 2493 vacet
1103 2454 1346 2493 huiusmodi
1377 2453 1686 2503 superstitione,
1720 2452 1877 2490 Paulus

275 2524 361 2573 ipse
378 2522 494 2573 loqui
513 2523 714 2561 videatur.

329 2589 602 2638 Amplectere,
626 2588 767 2635 Roma,
790 2586 1022 2636 principem
1042 2587 1113 2623 aut
1133 2587 1242 2623 certe
1262 2584 1527 2634 praecipuum
1546 2584 1763 2633 religionis
1780 2585 1876 2622 tuae

219 2669 260 2699 50
276 2654 537 2704 magistrum.
598 2653 850 2692 Exosculare
869 2652 1025 2702 priscae
1045 2651 1180 2689 laudis
1201 2652 1295 2688 tuae
1314 2662 1569 2698 praeconem,
1592 2649 1760 2688 redama
1779 2662 1876 2687 eum

276 2721 347 2771 qui
374 2723 414 2759 te
444 2720 633 2758 nondum
661 2720 797 2757 visam
826 2717 1044 2756 adamauit.
1105 2716 1138 2753 O
1167 2715 1367 2754 foeliciter
1395 2717 1694 2753 commutatam
1723 2716 1877 2753 sortem

277 2786 513 2824 foelicitatis
543 2787 664 2823 tuae!
724 2784 837 2822 Olim
871 2783 947 2821 sub
982 2781 1174 2831 tyrannis
1204 2781 1449 2820 Caesaribus
1482 2781 1611 2818 mutis
1643 2779 1876 2818 simulacris

410 2901 464 2931 37.
488 2893 600 2923 studii
617 2904 636 2921 a
653 2903 659 2921 z
684 2902 809 2931 operae
826 2903 854 2930 η.
1006 2890 1058 2927 38.
1083 2888 1121 2919 R.
1141 2888 1175 2919 T.
1195 2888 1235 2917 D.
1259 2911 1264 2917 .
1284 2911 1290 2919 .
1308 2897 1350 2926 39
1367 2897 1444 2917 eam
1463 2898 1502 2918 a:
1528 2887 1595 2918 tibi
1615 2912 1622 2918 .
1640 2911 1646 2917 .
1670 2911 1676 2918 .
1695 2889 1728 2917 te
1746 2888 1773 2918 δ.

328 2992 378 3022 15.
400 2982 569 3023 tempori]
588 2981 639 3013 Cf.
658 2981 719 3020 Ep.
742 2990 815 3018 740.
834 2990 853 3019 3
871 2990 904 3011 n.
1126 2986 1179 3016 35.
1205 2976 1519 3017 commentarium]
1539 2976 1590 3008 Cf.
1608 2977 1672 3016 Ep.
1689 2977 1762 3016 692.
1782 2977 1823 3006 28
1839 2986 1874 3006 n.
