2034 3433
150 154 202 190 66
208 153 252 204 3]
526 149 679 189 FROM
719 149 1026 189 CUTHBERT
1063 149 1362 189 TUNSTALL
1689 151 1741 190 89

148 255 274 294 Illam
293 254 430 304 itaque
449 254 765 292 annotationum
785 256 951 292 tuarum
971 253 1016 292 in
1037 253 1203 292 Nouum
1219 253 1534 292 Testamentum
1554 256 1742 293 retracta-

146 321 306 359 tionem
332 322 374 359 et
399 319 559 366 limam,
578 330 702 368 quam
728 320 771 357 te
795 319 1015 369 pollicente
1040 318 1160 357 auide
1185 321 1400 368 expectant
1429 332 1586 367 omnes,
1608 319 1670 358 fac
1697 320 1741 357 in

145 384 293 436 primis
314 397 439 423 cureS.
471 384 546 436 &Et
565 384 636 433 qui
657 384 708 422 de
726 384 953 434 prophanis
971 384 1123 423 litteris
1142 383 1247 421 bene
1266 384 1441 422 meritus
1460 384 1742 424 immortalem
1759 399 1799 430 95

144 449 223 487 tibi
249 450 406 488 famam
432 449 595 499 parasti,
626 449 728 487 dum
758 449 850 488 illas
878 462 1009 498 ornas,
1041 449 1149 499 quod
1179 452 1366 499 superest
1399 449 1546 488 aetatis
1576 450 1620 488 in
1651 450 1741 489 illu-

143 515 335 554 strandas
361 527 494 554 sacras
520 513 727 564 impende.
786 515 853 553 Ita
878 528 1056 564 namque
1083 515 1183 553 sciet
1208 515 1426 564 posteritas
1452 515 1636 554 chariora
1662 515 1740 553 tibi

143 578 270 619 fuisse
298 593 344 619 ea
371 580 509 619 studia
537 592 641 629 quae
678 580 844 618 animae
878 580 1066 628 salutem,
1099 593 1225 630 quam
1254 593 1354 629 quae
1389 580 1739 619 oblectamentum

142 647 365 694 praestant,
389 658 538 694 nempe
563 658 656 683 cum
685 644 757 683 illa
783 645 946 684 iuuenis
971 645 1105 694 magis
1130 645 1326 695 attigeris,
1347 645 1446 684 haec
1473 648 1637 684 matura
1655 645 1737 684 iam

142 709 400 759 amplexatus
419 711 549 748 aetate
569 710 694 760 digna
713 710 960 749 iudicaueris
979 710 1023 748 in
1044 710 1193 760 quibus
1212 723 1488 749 consenescas.
1760 725 1820 747 100

196 774 417 825 Theologis
437 774 767 814 Louaniensibus
792 777 878 813 tam
905 788 993 813 esse
1019 776 1060 813 te
1087 775 1259 814 charum
1287 776 1442 825 gaudeo
1465 788 1737 826 magnopere;

143 839 215 889 qui
242 839 278 878 si
302 841 345 878 te
365 839 423 888 (vt
448 839 595 878 scribis
616 840 812 889 facturos)
831 840 876 878 in
905 852 1029 878 suum
1057 840 1255 878 asciscent
1284 840 1483 888 ordinem,
1508 841 1657 880 suadeo
1687 855 1737 880 ne

142 917 314 944 recuses.
373 905 547 944 Delatus
574 905 653 943 tibi
680 905 731 943 ab
757 904 824 943 his
851 904 919 943 hic
944 905 1076 943 honor
1103 907 1225 955 atque
1255 906 1326 944 abs
1356 909 1395 944 te
1425 908 1630 956 acceptus,
1649 920 1737 956 per-

141 972 315 1020 petuum
335 972 415 1009 erit
435 971 545 1008 inter
563 983 638 1009 vos
657 970 865 1008 amiciciae
882 970 1044 1020 pignus.

195 1035 312 1083 Quod
334 1036 506 1074 nuncias
526 1035 784 1082 Strabonem,
806 1035 1051 1080 Pindarum,
1073 1036 1333 1084 Pausaniam,
1355 1039 1578 1087 vtrumque
1598 1037 1737 1075 Testa·
1760 1048 1817 1080 105

141 1102 331 1139 mentum
364 1101 506 1139 Grecis
540 1100 845 1139 characteribus
880 1101 1143 1150 proditurum
1182 1115 1231 1140 ex
1261 1102 1363 1140 Aldi
1394 1102 1568 1150 officina,
1600 1101 1738 1140 leticia

140 1166 319 1214 quadam
347 1165 583 1204 incredibili
611 1178 679 1203 me
706 1164 935 1215 perfudisti.
995 1166 1209 1216 Prospicio
1242 1167 1434 1205 futurum
1463 1169 1510 1206 vt
1540 1168 1584 1205 in
1619 1167 1736 1205 omni

139 1231 372 1270 studiorum
409 1243 554 1281 genere
592 1231 810 1280 posteritas
843 1244 939 1269 cum
973 1231 1219 1281 antiquitate
1246 1234 1394 1270 certet:
1437 1245 1539 1282 quae
1577 1232 1613 1269 si
1651 1245 1736 1270 non

140 1295 220 1333 erit
252 1295 423 1345 ingrata,
460 1308 655 1345 magnam
688 1295 755 1333 his
794 1295 987 1334 habitura
1018 1299 1082 1334 est
1118 1297 1294 1346 gratiam
1323 1310 1502 1346 quorum
1532 1297 1736 1335 industria

138 1364 412 1400 renascuntur
440 1374 488 1399 ea
515 1360 666 1400 studia.
727 1361 815 1408 Quo
843 1361 888 1399 in
917 1375 1090 1400 numero
1120 1376 1215 1400 cum
1243 1365 1290 1401 tu
1320 1363 1376 1401 sis
1408 1363 1586 1410 futurus,
1616 1375 1736 1412 perge
1761 1376 1819 1398 110

138 1425 240 1463 bene
259 1426 407 1464 mereri
427 1426 477 1464 de
497 1425 682 1476 posteris,
705 1427 776 1476 qui
795 1440 947 1465 nomen
967 1428 1131 1466 Erasmi
1150 1427 1281 1478 perire
1300 1441 1517 1478 nunquam
1538 1427 1687 1466 sinent.

190 1490 294 1529 Vale
312 1491 464 1541 Brugis
482 1491 587 1530 xviii
606 1491 700 1530 Kal.
726 1492 914 1531 octobris.

189 1555 316 1594 Prius
335 1569 462 1606 quam
481 1556 586 1595 hanc
605 1556 866 1606 obsignarem
893 1557 1123 1606 epistolam,
1145 1571 1280 1596 vnum
1300 1571 1350 1596 ex
1373 1558 1478 1596 meis
1500 1556 1731 1604 amiseram,

137 1620 254 1659 cuius
273 1634 348 1671 ego
367 1621 546 1660 salutem
566 1621 762 1660 omnibus
787 1622 893 1660 meis
911 1622 1091 1661 fortunis
1109 1622 1376 1662 redemissem
1397 1637 1406 1669 ;
1435 1623 1551 1662 cuius
1569 1623 1733 1661 animae

136 1686 248 1725 Deus
267 1687 323 1725 sit
341 1687 562 1737 propicius.
609 1688 671 1726 De
690 1687 861 1737 reliquis
881 1688 1015 1727 adhuc
1035 1688 1161 1726 dubia
1180 1702 1286 1738 spes.
1758 1704 1814 1735 115

545 1819 684 1873 664690
744 1817 778 1858 F
781 1828 874 1859 RoM
907 1818 1102 1859 THOMAS
1133 1819 1323 1860 LL‘PSET.

181 1906 372 1944 Deventer
388 1907 465 1943 MS.
485 1918 541 1953 91,
560 1909 584 1943 f.
605 1920 672 1944 222
690 1912 738 1943 v0.
1401 1909 1515 1945 Palis.

181 1965 252 2000 LB.
270 1966 366 2011 App.
385 1975 441 2011 79.
609 1987 614 1991 -
1235 1977 1274 2013 15
1296 1967 1517 2013 September
1533 1967 1683 2017 <1517>.

591 2047 703 2088 [1517,
720 2048 867 2079 because
884 2047 922 2079 of
935 2048 1114 2079 Linacre's
1131 2048 1276 2089 Galen.]

390 2133 575 2164 THOMAS
607 2134 827 2164 LVPSETVS
857 2135 985 2165 DESY.
1016 2136 1195 2166 ERASMO
1221 2136 1347 2166 ROTE.
1375 2138 1409 2167 S.
1434 2137 1472 2165 P.

189 2213 378 2252 SCRIBAM
422 2214 574 2263 paucis,
619 2215 680 2252 mi
721 2217 959 2265 praeceptor
997 2216 1380 2265 obseruandissime,
1420 2218 1562 2266 vtpote
1600 2217 1728 2255 variis

135 2278 313 2328 negotiis
339 2278 567 2328 impeditus
595 2292 651 2326 ae,
684 2282 731 2317 vt
758 2280 941 2329 apertius
970 2280 1126 2330 loquar,
1163 2281 1315 2319 dubius
1344 2281 1392 2319 de
1421 2283 1493 2319 tuo
1526 2294 1624 2330 erga
1660 2295 1728 2319 me

133 2343 282 2382 animo.
333 2343 378 2382 Si
393 2343 552 2381 exorari
571 2344 714 2394 possit,
734 2357 902 2393 orarem,
923 2345 1009 2382 imo
1024 2347 1249 2395 vtcumque
1268 2346 1555 2385 ardentissime
1570 2346 1723 2396 flagito,

132 2410 180 2448 vt
212 2421 382 2447 omnem
419 2408 504 2447 iam
535 2421 689 2459 expuas
721 2409 839 2457 iram,
878 2412 919 2448 et
957 2410 1151 2460 quicquid
1182 2424 1206 2449 a
1236 2424 1302 2449 me
1336 2413 1546 2461 peccatum
1579 2414 1651 2458 est,
1684 2412 1726 2450 id

133 2473 340 2523 puericiae
367 2473 576 2512 tributum
608 2474 827 2522 condones,
859 2477 980 2525 atque
1013 2475 1090 2513 tibi
1124 2475 1211 2525 ipse
1241 2476 1486 2526 persuadeas
1519 2477 1629 2526 quod
1662 2479 1725 2516 est
1747 2496 1764 2527 5

132 2537 411 2587 verissimum,
451 2552 519 2577 me
556 2539 602 2577 in
641 2539 756 2578 illius
792 2540 925 2578 libelli
964 2540 1195 2590 proditione
1234 2554 1257 2580 a
1294 2541 1415 2591 culpa
1452 2542 1723 2588 liberandum,

176 2653 250 2683 663.
275 2663 328 2693 93.
353 2652 406 2685 11²:
431 2656 679 2685 testamestum
695 2654 741 2685 al.
845 2664 898 2694 99.
923 2653 976 2685 0²:
1001 2655 1182 2693 praestent
1197 2653 1243 2685 ul.
1358 2664 1430 2693 103.
1456 2655 1513 2686 his
1525 2654 1578 2686 a²z
1603 2655 1662 2685 hic
1679 2654 1725 2686 al.

137 2705 207 2735 105.
227 2696 442 2727 Pausaniam
455 2700 530 2728 add.
541 2700 579 2728 D.
651 2708 723 2737 107.
740 2698 839 2728 omni
850 2700 900 2729 D:
919 2700 1083 2728 omnium
1096 2709 1126 2728 α.
1194 2698 1270 2737 664.
1287 2708 1314 2728 1.
1330 2699 1643 2730 obseruantissime
1653 2702 1722 2730 MS.

175 2784 250 2814 663.
272 2793 344 2822 105.
358 2784 524 2825 nuncias]
540 2784 628 2824 Epp.
641 2785 717 2824 642.
729 2794 804 2824 3-5,
818 2785 894 2824 643.
1009 2794 1079 2815 111.
1103 2794 1238 2815 nomen
1255 2785 1408 2826 Erasmi]
1422 2786 1455 2816 A
1471 2786 1726 2818 relniniscence

133 2829 229 2866 24—6.
276 2827 444 2858 Erasmus
458 2827 531 2858 had
547 2829 695 2859 ordered
711 2829 774 2859 the
789 2829 896 2859 books
964 2828 1002 2858 of
1021 2828 1085 2867 Ep.
1109 2837 1183 2867 423.
1208 2829 1297 2868 47‚8,
1323 2829 1443 2860 which
1466 2829 1631 2860 Tunstall
1654 2831 1726 2861 had

133 2872 187 2902 for
201 2870 353 2901 himself
365 2872 402 2900 at
419 2880 506 2901 once
523 2881 531 2909 3
554 2881 611 2901 see
627 2871 692 2911 Ep.
707 2873 781 2911 629.
963 2871 1145 2902 doubtless
1162 2872 1246 2902 read
1262 2873 1300 2902 in
1317 2872 1358 2904 B.

219 2913 452 2954 Pausaniam]
483 2913 634 2945 Printed
666 2916 711 2955 by
740 2916 802 2946 the
831 2915 895 2946 Al·
1007 2915 1082 2945 664.
1101 2925 1131 2953 4.
1151 2917 1338 2954 peccatum
1349 2915 1418 2956 est]
1430 2916 1482 2947 Cf.
1494 2916 1557 2956 Ep.
1573 2926 1647 2956 431.
1659 2918 1725 2955 6,7.

132 2957 218 2988 dine
233 2957 328 2996 firm,
344 2957 431 2996 July
446 2958 540 2995 1516.
564 2957 632 2988 For
642 2958 716 2989 this
729 2958 897 2989 editorial
1008 2959 1039 2989 6.
1066 2957 1198 2999 libelli]
1227 2958 1425 2998 Evidently
1452 2960 1510 2991 the
1534 2962 1637 2991 Iulius
1666 2963 1727 2990 Ex·

133 3001 308 3032 insertion
325 3000 369 3032 cf.
389 3001 452 3040 Ep.
469 3001 533 3040 598
549 3001 679 3033 introd.
965 3004 1088 3038 clusum
1112 3001 1155 3033 cf.
1175 3002 1239 3042 Ep.
1262 3012 1338 3041 502.
