<?xml version="1.0" encoding="UTF-8"?>
<!DOCTYPE html PUBLIC "-//W3C//DTD XHTML 1.0 Transitional//EN"
    "http://www.w3.org/TR/xhtml1/DTD/xhtml1-transitional.dtd">
<html xmlns="http://www.w3.org/1999/xhtml" xml:lang="en" lang="en">
 <head>
  <title>
</title>
<meta http-equiv="Content-Type" content="text/html;charset=utf-8" />
  <meta name='ocr-system' content='tesseract 3.04.00' />
  <meta name='ocr-capabilities' content='ocr_page ocr_carea ocr_par ocr_line ocrx_word'/>
</head>
<body>
  <div class='ocr_page' id='page_1' title='image "./opusepistolarumd03erasuoft_0239.png"; bbox 0 0 2034 3433; ppageno 0'>
   <div class='ocr_carea' id='block_1_1' title="bbox 139 136 1724 190">
    <p class='ocr_par' dir='ltr' id='par_1_1' title="bbox 139 136 1724 190">
     <span class='ocr_line' id='line_1_1' title="bbox 139 136 1724 190; baseline 0.005 -14"><span class='ocrx_word' id='word_1_1' title='bbox 139 136 234 190; x_wconf 85' lang='lat'>761]</span> <span class='ocrx_word' id='word_1_2' title='bbox 575 141 644 180; x_wconf 74' lang='lat' dir='ltr'>To</span> <span class='ocrx_word' id='word_1_3' title='bbox 681 140 918 180; x_wconf 79' lang='lat' dir='ltr'>ANToNY</span> <span class='ocrx_word' id='word_1_4' title='bbox 957 140 1026 180; x_wconf 76' lang='lat' dir='ltr'>or</span> <span class='ocrx_word' id='word_1_5' title='bbox 1063 141 1295 181; x_wconf 76' lang='lat' dir='ltr'>BERGEN</span> <span class='ocrx_word' id='word_1_6' title='bbox 1648 146 1724 184; x_wconf 85' lang='lat'>199</span> 
     </span>
    </p>
   </div>
   <div class='ocr_carea' id='block_1_2' title="bbox 133 241 1787 1987">
    <p class='ocr_par' dir='ltr' id='par_1_2' title="bbox 133 241 1787 943">
     <span class='ocr_line' id='line_1_2' title="bbox 135 241 1725 298; baseline 0.005 -19"><span class='ocrx_word' id='word_1_7' title='bbox 135 241 374 291; x_wconf 81' lang='lat' dir='ltr'>complexus</span> <span class='ocrx_word' id='word_1_8' title='bbox 393 244 455 281; x_wconf 88' lang='lat' dir='ltr'>est</span> <span class='ocrx_word' id='word_1_9' title='bbox 473 243 572 292; x_wconf 82' lang='lat' dir='ltr'>Rex,</span> <span class='ocrx_word' id='word_1_10' title='bbox 588 243 800 281; x_wconf 86' lang='lat' dir='ltr'>fortunam</span> <span class='ocrx_word' id='word_1_11' title='bbox 820 243 973 283; x_wconf 90' lang='lat' dir='ltr'>obtulit</span> <span class='ocrx_word' id='word_1_12' title='bbox 991 245 1103 283; x_wconf 88' lang='lat' dir='ltr'>haud</span> <span class='ocrx_word' id='word_1_13' title='bbox 1122 245 1430 294; x_wconf 82' lang='lat' dir='ltr'>aspernandam.</span> <span class='ocrx_word' id='word_1_14' title='bbox 1477 247 1725 298; x_wconf 80' lang='lat' dir='ltr'>Complexus</span> 
     </span>
     <span class='ocr_line' id='line_1_3' title="bbox 133 306 1725 363; baseline 0.004 -19"><span class='ocrx_word' id='word_1_15' title='bbox 133 308 196 345; x_wconf 88' lang='lat' dir='ltr'>est</span> <span class='ocrx_word' id='word_1_16' title='bbox 216 306 445 348; x_wconf 82' lang='lat' dir='ltr'>Cardinalis</span> <span class='ocrx_word' id='word_1_17' title='bbox 464 307 743 356; x_wconf 89' lang='lat' dir='ltr'>Eboracensis‚</span> <span class='ocrx_word' id='word_1_18' title='bbox 766 321 852 347; x_wconf 88' lang='lat' dir='ltr'>non</span> <span class='ocrx_word' id='word_1_19' title='bbox 874 310 1028 359; x_wconf 88' lang='lat' dir='ltr'>passim</span> <span class='ocrx_word' id='word_1_20' title='bbox 1049 310 1177 348; x_wconf 91' lang='lat' dir='ltr'>comis</span> <span class='ocrx_word' id='word_1_21' title='bbox 1202 312 1273 348; x_wconf 84' lang='lat' dir='ltr'>aut</span> <span class='ocrx_word' id='word_1_22' title='bbox 1293 311 1437 350; x_wconf 88' lang='lat' dir='ltr'>facilis.</span> <span class='ocrx_word' id='word_1_23' title='bbox 1499 311 1640 363; x_wconf 88' lang='lat' dir='ltr'>Nuper</span> <span class='ocrx_word' id='word_1_24' title='bbox 1661 313 1725 352; x_wconf 91' lang='lat' dir='ltr'>bis</span> 
     </span>
     <span class='ocr_line' id='line_1_4' title="bbox 137 371 1727 425; baseline 0.005 -16"><span class='ocrx_word' id='word_1_25' title='bbox 137 371 186 409; x_wconf 87' lang='lat' dir='ltr'>ad</span> <span class='ocrx_word' id='word_1_26' title='bbox 214 385 281 410; x_wconf 91' lang='lat' dir='ltr'>me</span> <span class='ocrx_word' id='word_1_27' title='bbox 306 372 469 423; x_wconf 87' lang='lat' dir='ltr'>scripsit</span> <span class='ocrx_word' id='word_1_28' title='bbox 495 373 723 422; x_wconf 82' lang='lat' dir='ltr'>Episcopus</span> <span class='ocrx_word' id='word_1_29' title='bbox 748 373 1029 422; x_wconf 84' lang='lat' dir='ltr'>Traiectensis,</span> <span class='ocrx_word' id='word_1_30' title='bbox 1052 375 1239 425; x_wconf 83' lang='lat' dir='ltr'>proxime</span> <span class='ocrx_word' id='word_1_31' title='bbox 1268 375 1516 425; x_wconf 85' lang='lat' dir='ltr'>Leodiensis,</span> <span class='ocrx_word' id='word_1_32' title='bbox 1541 378 1727 417; x_wconf 90' lang='lat' dir='ltr'>minatus</span> 
     </span>
     <span class='ocr_line' id='line_1_5' title="bbox 135 436 1727 491; baseline 0.004 -17"><span class='ocrx_word' id='word_1_33' title='bbox 135 449 178 475; x_wconf 88' lang='lat' dir='ltr'>se</span> <span class='ocrx_word' id='word_1_34' title='bbox 192 436 274 475; x_wconf 88' lang='lat' dir='ltr'>huc</span> <span class='ocrx_word' id='word_1_35' title='bbox 287 439 525 486; x_wconf 88' lang='lat' dir='ltr'>venturum,</span> <span class='ocrx_word' id='word_1_36' title='bbox 542 438 579 476; x_wconf 87' lang='lat' dir='ltr'>si</span> <span class='ocrx_word' id='word_1_37' title='bbox 593 451 637 476; x_wconf 88' lang='lat' dir='ltr'>se</span> <span class='ocrx_word' id='word_1_38' title='bbox 652 437 783 477; x_wconf 89' lang='lat' dir='ltr'>nolim</span> <span class='ocrx_word' id='word_1_39' title='bbox 803 439 992 478; x_wconf 88' lang='lat' dir='ltr'>inuisere.</span> <span class='ocrx_word' id='word_1_40' title='bbox 1035 439 1380 490; x_wconf 88' lang='lat' dir='ltr'>Archiepiscopus</span> <span class='ocrx_word' id='word_1_41' title='bbox 1396 441 1727 491; x_wconf 84' lang='lat' dir='ltr'>Maguntinensis</span> 
     </span>
     <span class='ocr_line' id='line_1_6' title="bbox 135 502 1784 558; baseline 0.005 -19"><span class='ocrx_word' id='word_1_42' title='bbox 135 503 269 540; x_wconf 90' lang='lat' dir='ltr'>totam</span> <span class='ocrx_word' id='word_1_43' title='bbox 289 502 508 552; x_wconf 90' lang='lat' dir='ltr'>epistolam</span> <span class='ocrx_word' id='word_1_44' title='bbox 529 502 616 541; x_wconf 86' lang='lat' dir='ltr'>suis</span> <span class='ocrx_word' id='word_1_45' title='bbox 634 503 821 542; x_wconf 79' lang='lat' dir='ltr'>articulis</span> <span class='ocrx_word' id='word_1_46' title='bbox 848 504 1102 554; x_wconf 75' lang='lat' dir='ltr'>depinxerat,</span> <span class='ocrx_word' id='word_1_47' title='bbox 1125 518 1204 555; x_wconf 91' lang='lat' dir='ltr'>quo</span> <span class='ocrx_word' id='word_1_48' title='bbox 1230 505 1381 544; x_wconf 88' lang='lat' dir='ltr'>certius</span> <span class='ocrx_word' id='word_1_49' title='bbox 1399 507 1528 545; x_wconf 89' lang='lat' dir='ltr'>animi</span> <span class='ocrx_word' id='word_1_50' title='bbox 1547 508 1612 546; x_wconf 88' lang='lat' dir='ltr'>sui</span> <span class='ocrx_word' id='word_1_51' title='bbox 1630 521 1726 558; x_wconf 88' lang='lat' dir='ltr'>erga</span> <span class='ocrx_word' id='word_1_52' title='bbox 1746 524 1784 555; x_wconf 82' lang='lat'>35</span> 
     </span>
     <span class='ocr_line' id='line_1_7' title="bbox 137 567 1726 623; baseline 0.004 -18"><span class='ocrx_word' id='word_1_53' title='bbox 137 579 204 606; x_wconf 88' lang='lat' dir='ltr'>me</span> <span class='ocrx_word' id='word_1_54' title='bbox 230 567 418 606; x_wconf 90' lang='lat' dir='ltr'>studium</span> <span class='ocrx_word' id='word_1_55' title='bbox 448 567 684 607; x_wconf 72' lang='lat' dir='ltr'>declararet.</span> <span class='ocrx_word' id='word_1_56' title='bbox 745 568 973 619; x_wconf 84' lang='lat' dir='ltr'>Episcopus</span> <span class='ocrx_word' id='word_1_57' title='bbox 1002 570 1245 609; x_wconf 89' lang='lat' dir='ltr'>Basiliensis</span> <span class='ocrx_word' id='word_1_58' title='bbox 1278 571 1328 609; x_wconf 92' lang='lat' dir='ltr'>ad</span> <span class='ocrx_word' id='word_1_59' title='bbox 1358 571 1581 611; x_wconf 88' lang='lat' dir='ltr'>dimidium</span> <span class='ocrx_word' id='word_1_60' title='bbox 1610 573 1726 623; x_wconf 88' lang='lat' dir='ltr'>regni</span> 
     </span>
     <span class='ocr_line' id='line_1_8' title="bbox 136 632 1727 677; baseline 0.003 -6"><span class='ocrx_word' id='word_1_61' title='bbox 136 633 202 671; x_wconf 89' lang='lat' dir='ltr'>sui</span> <span class='ocrx_word' id='word_1_62' title='bbox 226 632 393 672; x_wconf 90' lang='lat' dir='ltr'>inuitat.</span> <span class='ocrx_word' id='word_1_63' title='bbox 450 634 512 671; x_wconf 90' lang='lat' dir='ltr'>Ac</span> <span class='ocrx_word' id='word_1_64' title='bbox 540 634 689 672; x_wconf 88' lang='lat' dir='ltr'>misere</span> <span class='ocrx_word' id='word_1_65' title='bbox 720 634 845 673; x_wconf 90' lang='lat' dir='ltr'>timeo</span> <span class='ocrx_word' id='word_1_66' title='bbox 875 648 926 673; x_wconf 90' lang='lat' dir='ltr'>ne</span> <span class='ocrx_word' id='word_1_67' title='bbox 954 648 1022 673; x_wconf 90' lang='lat' dir='ltr'>me</span> <span class='ocrx_word' id='word_1_68' title='bbox 1050 635 1138 673; x_wconf 84' lang='lat' dir='ltr'>Rex</span> <span class='ocrx_word' id='word_1_69' title='bbox 1168 635 1407 675; x_wconf 87' lang='lat' dir='ltr'>Catholicus</span> <span class='ocrx_word' id='word_1_70' title='bbox 1432 636 1577 676; x_wconf 88' lang='lat' dir='ltr'>Indiae</span> <span class='ocrx_word' id='word_1_71' title='bbox 1604 638 1727 677; x_wconf 88' lang='lat' dir='ltr'>faciat</span> 
     </span>
     <span class='ocr_line' id='line_1_9' title="bbox 135 697 1727 749; baseline 0.004 -14"><span class='ocrx_word' id='word_1_72' title='bbox 135 697 385 748; x_wconf 88' lang='lat' dir='ltr'>episcopum.</span> <span class='ocrx_word' id='word_1_73' title='bbox 445 698 524 737; x_wconf 87' lang='lat' dir='ltr'>Sed</span> <span class='ocrx_word' id='word_1_74' title='bbox 564 700 679 737; x_wconf 82' lang='lat' dir='ltr'>extra</span> <span class='ocrx_word' id='word_1_75' title='bbox 716 699 866 748; x_wconf 89' lang='lat' dir='ltr'>iocum,</span> <span class='ocrx_word' id='word_1_76' title='bbox 904 714 954 738; x_wconf 81' lang='lat' dir='ltr'>ex</span> <span class='ocrx_word' id='word_1_77' title='bbox 993 700 1131 738; x_wconf 90' lang='lat' dir='ltr'>animo</span> <span class='ocrx_word' id='word_1_78' title='bbox 1169 701 1325 749; x_wconf 85' lang='lat' dir='ltr'>gaudeo</span> <span class='ocrx_word' id='word_1_79' title='bbox 1362 701 1439 740; x_wconf 88' lang='lat' dir='ltr'>hoc</span> <span class='ocrx_word' id='word_1_80' title='bbox 1472 702 1606 741; x_wconf 90' lang='lat' dir='ltr'>animi</span> <span class='ocrx_word' id='word_1_81' title='bbox 1638 716 1727 742; x_wconf 88' lang='lat' dir='ltr'>esse</span> 
     </span>
     <span class='ocr_line' id='line_1_10' title="bbox 136 762 1727 816; baseline 0.004 -16"><span class='ocrx_word' id='word_1_82' title='bbox 136 762 411 812; x_wconf 87' lang='lat' dir='ltr'>magnatibus,</span> <span class='ocrx_word' id='word_1_83' title='bbox 446 776 531 802; x_wconf 89' lang='lat' dir='ltr'>non</span> <span class='ocrx_word' id='word_1_84' title='bbox 564 764 647 802; x_wconf 90' lang='lat' dir='ltr'>mei</span> <span class='ocrx_word' id='word_1_85' title='bbox 677 777 808 811; x_wconf 88' lang='lat' dir='ltr'>causa,</span> <span class='ocrx_word' id='word_1_86' title='bbox 842 764 912 802; x_wconf 87' lang='lat' dir='ltr'>sed</span> <span class='ocrx_word' id='word_1_87' title='bbox 945 764 1161 811; x_wconf 85' lang='lat' dir='ltr'>omnium;</span> <span class='ocrx_word' id='word_1_88' title='bbox 1201 765 1273 815; x_wconf 85' lang='lat' dir='ltr'>qui</span> <span class='ocrx_word' id='word_1_89' title='bbox 1306 766 1342 804; x_wconf 89' lang='lat' dir='ltr'>si</span> <span class='ocrx_word' id='word_1_90' title='bbox 1374 769 1558 816; x_wconf 78' lang='lat' dir='ltr'>pergant,</span> <span class='ocrx_word' id='word_1_91' title='bbox 1593 767 1727 807; x_wconf 89' lang='lat' dir='ltr'>multo</span> 
     </span>
     <span class='ocr_line' id='line_1_11' title="bbox 136 827 1787 883; baseline 0.004 -18"><span class='ocrx_word' id='word_1_92' title='bbox 136 827 286 866; x_wconf 88' lang='lat' dir='ltr'>melius</span> <span class='ocrx_word' id='word_1_93' title='bbox 315 829 459 877; x_wconf 86' lang='lat' dir='ltr'>agetur</span> <span class='ocrx_word' id='word_1_94' title='bbox 487 841 581 866; x_wconf 91' lang='lat' dir='ltr'>cum</span> <span class='ocrx_word' id='word_1_95' title='bbox 611 828 732 867; x_wconf 86' lang='lat' dir='ltr'>rebus</span> <span class='ocrx_word' id='word_1_96' title='bbox 761 828 1018 867; x_wconf 77' lang='lat' dir='ltr'>mortalium.</span> <span class='ocrx_word' id='word_1_97' title='bbox 1074 829 1176 879; x_wconf 88' lang='lat' dir='ltr'>Agit</span> <span class='ocrx_word' id='word_1_98' title='bbox 1203 829 1271 867; x_wconf 89' lang='grc'>1110</span> <span class='ocrx_word' id='word_1_99' title='bbox 1297 829 1442 869; x_wconf 89' lang='lat' dir='ltr'>Abbas</span> <span class='ocrx_word' id='word_1_100' title='bbox 1466 832 1504 870; x_wconf 83' lang='lat' dir='ltr'>S.</span> <span class='ocrx_word' id='word_1_101' title='bbox 1529 832 1724 883; x_wconf 85' lang='lat' dir='ltr'>Amandi,</span> <span class='ocrx_word' id='word_1_102' title='bbox 1745 850 1787 881; x_wconf 85' lang='lat'>40</span> 
     </span>
     <span class='ocr_line' id='line_1_12' title="bbox 135 892 1641 943; baseline 0.004 -13"><span class='ocrx_word' id='word_1_103' title='bbox 135 894 255 931; x_wconf 88' lang='lat' dir='ltr'>vetus</span> <span class='ocrx_word' id='word_1_104' title='bbox 275 892 424 942; x_wconf 89' lang='lat' dir='ltr'>optimi</span> <span class='ocrx_word' id='word_1_105' title='bbox 442 892 582 932; x_wconf 87' lang='lat' dir='ltr'>fratris</span> <span class='ocrx_word' id='word_1_106' title='bbox 601 893 665 931; x_wconf 89' lang='lat' dir='ltr'>tui</span> <span class='ocrx_word' id='word_1_107' title='bbox 684 893 775 943; x_wconf 87' lang='lat' dir='ltr'>piae</span> <span class='ocrx_word' id='word_1_108' title='bbox 796 893 1018 932; x_wconf 87' lang='lat' dir='ltr'>memoriae</span> <span class='ocrx_word' id='word_1_109' title='bbox 1040 893 1229 932; x_wconf 92' lang='lat' dir='ltr'>Heinrici</span> <span class='ocrx_word' id='word_1_110' title='bbox 1250 907 1415 934; x_wconf 88' lang='lat' dir='ltr'>mecum</span> <span class='ocrx_word' id='word_1_111' title='bbox 1434 896 1641 936; x_wconf 87' lang='lat' dir='ltr'>alumnus.</span> 
     </span>
    </p>

    <p class='ocr_par' dir='ltr' id='par_1_3' title="bbox 133 957 1786 1987">
     <span class='ocr_line' id='line_1_13' title="bbox 190 957 1726 1012; baseline 0.004 -17"><span class='ocrx_word' id='word_1_112' title='bbox 190 957 270 1006; x_wconf 78' lang='lat' dir='ltr'>Qui</span> <span class='ocrx_word' id='word_1_113' title='bbox 299 957 373 996; x_wconf 86' lang='lat' dir='ltr'>has</span> <span class='ocrx_word' id='word_1_114' title='bbox 402 957 557 1007; x_wconf 87' lang='lat' dir='ltr'>perfert</span> <span class='ocrx_word' id='word_1_115' title='bbox 588 958 740 1003; x_wconf 75' lang='lat' dir='ltr'>literas,</span> <span class='ocrx_word' id='word_1_116' title='bbox 769 958 984 1008; x_wconf 87' lang='lat' dir='ltr'>theologus</span> <span class='ocrx_word' id='word_1_117' title='bbox 1013 960 1076 997; x_wconf 91' lang='lat' dir='ltr'>est</span> <span class='ocrx_word' id='word_1_118' title='bbox 1105 972 1189 997; x_wconf 91' lang='lat' dir='ltr'>non</span> <span class='ocrx_word' id='word_1_119' title='bbox 1218 959 1358 998; x_wconf 90' lang='lat' dir='ltr'>minus</span> <span class='ocrx_word' id='word_1_120' title='bbox 1386 961 1572 1000; x_wconf 89' lang='lat' dir='ltr'>eruditus</span> <span class='ocrx_word' id='word_1_121' title='bbox 1601 975 1726 1012; x_wconf 89' lang='lat' dir='ltr'>quam</span> 
     </span>
     <span class='ocr_line' id='line_1_14' title="bbox 135 1022 1723 1073; baseline 0.004 -13"><span class='ocrx_word' id='word_1_122' title='bbox 135 1022 293 1070; x_wconf 87' lang='lat' dir='ltr'>caeteri,</span> <span class='ocrx_word' id='word_1_123' title='bbox 326 1023 397 1061; x_wconf 92' lang='lat' dir='ltr'>sed</span> <span class='ocrx_word' id='word_1_124' title='bbox 427 1022 567 1061; x_wconf 90' lang='lat' dir='ltr'>minus</span> <span class='ocrx_word' id='word_1_125' title='bbox 596 1022 899 1073; x_wconf 85' lang='lat' dir='ltr'>superciliosus,</span> <span class='ocrx_word' id='word_1_126' title='bbox 931 1023 996 1062; x_wconf 87' lang='lat' dir='ltr'>vir</span> <span class='ocrx_word' id='word_1_127' title='bbox 1025 1025 1195 1073; x_wconf 84' lang='lat' dir='ltr'>integer,</span> <span class='ocrx_word' id='word_1_128' title='bbox 1224 1024 1433 1064; x_wconf 88' lang='lat' dir='ltr'>humanus</span> <span class='ocrx_word' id='word_1_129' title='bbox 1462 1040 1507 1065; x_wconf 90' lang='lat' dir='ltr'>ac</span> <span class='ocrx_word' id='word_1_130' title='bbox 1535 1027 1723 1066; x_wconf 89' lang='lat' dir='ltr'>festiuus.</span> 
     </span>
     <span class='ocr_line' id='line_1_15' title="bbox 135 1087 1726 1139; baseline 0.003 -13"><span class='ocrx_word' id='word_1_131' title='bbox 135 1087 248 1126; x_wconf 89' lang='lat' dir='ltr'>Huic</span> <span class='ocrx_word' id='word_1_132' title='bbox 274 1088 474 1138; x_wconf 85' lang='lat' dir='ltr'>obtigerat</span> <span class='ocrx_word' id='word_1_133' title='bbox 501 1088 776 1127; x_wconf 84' lang='lat' dir='ltr'>sacerdotium</span> <span class='ocrx_word' id='word_1_134' title='bbox 803 1089 1094 1136; x_wconf 88' lang='lat' dir='ltr'>Enseledense,</span> <span class='ocrx_word' id='word_1_135' title='bbox 1117 1089 1185 1127; x_wconf 88' lang='lat' dir='ltr'>via</span> <span class='ocrx_word' id='word_1_136' title='bbox 1212 1090 1519 1139; x_wconf 89' lang='lat' dir='ltr'>nominationis,</span> <span class='ocrx_word' id='word_1_137' title='bbox 1543 1093 1590 1130; x_wconf 89' lang='lat' dir='ltr'>vt</span> <span class='ocrx_word' id='word_1_138' title='bbox 1616 1106 1726 1131; x_wconf 91' lang='lat' dir='ltr'>nunc</span> 
     </span>
     <span class='ocr_line' id='line_1_16' title="bbox 134 1153 1785 1206; baseline 0.003 -15"><span class='ocrx_word' id='word_1_139' title='bbox 134 1153 371 1203; x_wconf 87' lang='lat' dir='ltr'>loquuntur.</span> <span class='ocrx_word' id='word_1_140' title='bbox 431 1153 481 1191; x_wconf 92' lang='lat' dir='ltr'>Id</span> <span class='ocrx_word' id='word_1_141' title='bbox 510 1166 673 1192; x_wconf 88' lang='lat' dir='ltr'>menses</span> <span class='ocrx_word' id='word_1_142' title='bbox 701 1153 784 1191; x_wconf 87' lang='lat' dir='ltr'>iam</span> <span class='ocrx_word' id='word_1_143' title='bbox 811 1153 971 1203; x_wconf 89' lang='lat' dir='ltr'>aliquot</span> <span class='ocrx_word' id='word_1_144' title='bbox 997 1153 1206 1203; x_wconf 87' lang='lat' dir='ltr'>possidet:</span> <span class='ocrx_word' id='word_1_145' title='bbox 1244 1155 1437 1194; x_wconf 87' lang='lat' dir='ltr'>conuenit</span> <span class='ocrx_word' id='word_1_146' title='bbox 1465 1155 1528 1194; x_wconf 91' lang='lat' dir='ltr'>illi</span> <span class='ocrx_word' id='word_1_147' title='bbox 1557 1169 1651 1195; x_wconf 87' lang='lat' dir='ltr'>cum</span> <span class='ocrx_word' id='word_1_148' title='bbox 1680 1170 1726 1196; x_wconf 91' lang='lat' dir='ltr'>eo</span> <span class='ocrx_word' id='word_1_149' title='bbox 1744 1175 1785 1206; x_wconf 84' lang='lat'>45</span> 
     </span>
     <span class='ocr_line' id='line_1_17' title="bbox 135 1217 1728 1267; baseline 0.003 -12"><span class='ocrx_word' id='word_1_150' title='bbox 135 1217 201 1256; x_wconf 88' lang='lat' dir='ltr'>cui</span> <span class='ocrx_word' id='word_1_151' title='bbox 233 1219 304 1256; x_wconf 86' lang='lat' dir='ltr'>tua</span> <span class='ocrx_word' id='word_1_152' title='bbox 331 1217 557 1267; x_wconf 85' lang='lat' dir='ltr'>paternitas</span> <span class='ocrx_word' id='word_1_153' title='bbox 586 1218 698 1256; x_wconf 89' lang='lat' dir='ltr'>idem</span> <span class='ocrx_word' id='word_1_154' title='bbox 727 1218 804 1257; x_wconf 91' lang='lat' dir='ltr'>hoc</span> <span class='ocrx_word' id='word_1_155' title='bbox 834 1218 1111 1256; x_wconf 88' lang='lat' dir='ltr'>sacerdotium</span> <span class='ocrx_word' id='word_1_156' title='bbox 1145 1219 1383 1267; x_wconf 87' lang='lat' dir='ltr'>contulerat,</span> <span class='ocrx_word' id='word_1_157' title='bbox 1414 1219 1451 1258; x_wconf 87' lang='lat' dir='ltr'>si</span> <span class='ocrx_word' id='word_1_158' title='bbox 1478 1221 1602 1259; x_wconf 89' lang='lat' dir='ltr'>modo</span> <span class='ocrx_word' id='word_1_159' title='bbox 1630 1224 1728 1260; x_wconf 87' lang='lat' dir='ltr'>tuus</span> 
     </span>
     <span class='ocr_line' id='line_1_18' title="bbox 134 1282 1727 1333; baseline 0.003 -13"><span class='ocrx_word' id='word_1_160' title='bbox 134 1282 348 1322; x_wconf 85' lang='lat' dir='ltr'>accesserit</span> <span class='ocrx_word' id='word_1_161' title='bbox 367 1282 498 1322; x_wconf 86' lang='lat' dir='ltr'>fauor.</span> <span class='ocrx_word' id='word_1_162' title='bbox 541 1282 703 1321; x_wconf 87' lang='lat' dir='ltr'>Mauult</span> <span class='ocrx_word' id='word_1_163' title='bbox 717 1282 794 1321; x_wconf 88' lang='lat' dir='ltr'>hoc</span> <span class='ocrx_word' id='word_1_164' title='bbox 810 1282 1011 1332; x_wconf 86' lang='lat' dir='ltr'>temporis</span> <span class='ocrx_word' id='word_1_165' title='bbox 1030 1284 1155 1333; x_wconf 81' lang='lat' dir='ltr'>atque</span> <span class='ocrx_word' id='word_1_166' title='bbox 1177 1296 1323 1333; x_wconf 87' lang='lat' dir='ltr'>operae</span> <span class='ocrx_word' id='word_1_167' title='bbox 1343 1284 1466 1323; x_wconf 88' lang='lat' dir='ltr'>rebus</span> <span class='ocrx_word' id='word_1_168' title='bbox 1483 1285 1727 1324; x_wconf 89' lang='lat' dir='ltr'>melioribus</span> 
     </span>
     <span class='ocr_line' id='line_1_19' title="bbox 134 1347 1727 1399; baseline 0.003 -14"><span class='ocrx_word' id='word_1_169' title='bbox 134 1347 342 1386; x_wconf 89' lang='lat' dir='ltr'>insumere</span> <span class='ocrx_word' id='word_1_170' title='bbox 362 1348 470 1397; x_wconf 90' lang='lat' dir='ltr'>quod</span> <span class='ocrx_word' id='word_1_171' title='bbox 489 1347 635 1386; x_wconf 86' lang='lat' dir='ltr'>litibus</span> <span class='ocrx_word' id='word_1_172' title='bbox 662 1350 767 1386; x_wconf 87' lang='lat' dir='ltr'>esset</span> <span class='ocrx_word' id='word_1_173' title='bbox 795 1347 1107 1386; x_wconf 89' lang='lat' dir='ltr'>conterendum.</span> <span class='ocrx_word' id='word_1_174' title='bbox 1168 1349 1359 1399; x_wconf 88' lang='lat' dir='ltr'>Aequum</span> <span class='ocrx_word' id='word_1_175' title='bbox 1385 1352 1446 1388; x_wconf 89' lang='lat' dir='ltr'>est</span> <span class='ocrx_word' id='word_1_176' title='bbox 1466 1351 1727 1399; x_wconf 87' lang='lat' dir='ltr'>peculiariter</span> 
     </span>
     <span class='ocr_line' id='line_1_20' title="bbox 135 1412 1727 1466; baseline 0.003 -16"><span class='ocrx_word' id='word_1_177' title='bbox 135 1413 232 1451; x_wconf 87' lang='lat' dir='ltr'>huic</span> <span class='ocrx_word' id='word_1_178' title='bbox 252 1413 388 1451; x_wconf 87' lang='lat' dir='ltr'>fauere</span> <span class='ocrx_word' id='word_1_179' title='bbox 407 1412 662 1460; x_wconf 88' lang='lat' dir='ltr'>Academiae,</span> <span class='ocrx_word' id='word_1_180' title='bbox 685 1413 752 1452; x_wconf 88' lang='lat' dir='ltr'>vel</span> <span class='ocrx_word' id='word_1_181' title='bbox 771 1413 867 1463; x_wconf 87' lang='lat' dir='ltr'>quia</span> <span class='ocrx_word' id='word_1_182' title='bbox 887 1415 1029 1452; x_wconf 86' lang='lat' dir='ltr'>nostra</span> <span class='ocrx_word' id='word_1_183' title='bbox 1049 1415 1112 1451; x_wconf 90' lang='lat' dir='ltr'>est</span> <span class='ocrx_word' id='word_1_184' title='bbox 1131 1413 1199 1451; x_wconf 90' lang='lat' dir='ltr'>vel</span> <span class='ocrx_word' id='word_1_185' title='bbox 1218 1414 1313 1464; x_wconf 86' lang='lat' dir='ltr'>quia</span> <span class='ocrx_word' id='word_1_186' title='bbox 1332 1414 1399 1453; x_wconf 93' lang='lat' dir='ltr'>his</span> <span class='ocrx_word' id='word_1_187' title='bbox 1419 1428 1516 1454; x_wconf 83' lang='lat' dir='ltr'>sane</span> <span class='ocrx_word' id='word_1_188' title='bbox 1535 1416 1727 1466; x_wconf 90' lang='lat' dir='ltr'>tempori-</span> 
     </span>
     <span class='ocr_line' id='line_1_21' title="bbox 135 1477 1786 1530; baseline 0.002 -14"><span class='ocrx_word' id='word_1_189' title='bbox 135 1478 213 1516; x_wconf 90' lang='lat' dir='ltr'>bus</span> <span class='ocrx_word' id='word_1_190' title='bbox 239 1477 428 1516; x_wconf 89' lang='lat' dir='ltr'>omnium</span> <span class='ocrx_word' id='word_1_191' title='bbox 450 1478 754 1526; x_wconf 88' lang='lat' dir='ltr'>florentissima,</span> <span class='ocrx_word' id='word_1_192' title='bbox 778 1478 843 1518; x_wconf 90' lang='lat' dir='ltr'>vel</span> <span class='ocrx_word' id='word_1_193' title='bbox 868 1479 966 1529; x_wconf 85' lang='lat' dir='ltr'>quia</span> <span class='ocrx_word' id='word_1_194' title='bbox 988 1480 1028 1517; x_wconf 89' lang='lat' dir='ltr'>te</span> <span class='ocrx_word' id='word_1_195' title='bbox 1055 1492 1216 1528; x_wconf 90' lang='lat' dir='ltr'>quoque</span> <span class='ocrx_word' id='word_1_196' title='bbox 1242 1479 1451 1530; x_wconf 86' lang='lat' dir='ltr'>quondam</span> <span class='ocrx_word' id='word_1_197' title='bbox 1477 1481 1582 1519; x_wconf 87' lang='lat' dir='ltr'>fouit</span> <span class='ocrx_word' id='word_1_198' title='bbox 1608 1482 1726 1520; x_wconf 85' lang='lat' dir='ltr'>aluit·</span> <span class='ocrx_word' id='word_1_199' title='bbox 1744 1499 1786 1530; x_wconf 84' lang='lat'>50</span> 
     </span>
     <span class='ocr_line' id='line_1_22' title="bbox 135 1543 1725 1593; baseline 0.003 -12"><span class='ocrx_word' id='word_1_200' title='bbox 135 1556 212 1593; x_wconf 89' lang='lat' dir='ltr'>que</span> <span class='ocrx_word' id='word_1_201' title='bbox 250 1545 291 1581; x_wconf 93' lang='lat' dir='ltr'>et</span> <span class='ocrx_word' id='word_1_202' title='bbox 328 1556 439 1582; x_wconf 90' lang='lat' dir='ltr'>nunc</span> <span class='ocrx_word' id='word_1_203' title='bbox 474 1543 576 1582; x_wconf 91' lang='lat' dir='ltr'>duos</span> <span class='ocrx_word' id='word_1_204' title='bbox 610 1545 780 1593; x_wconf 88' lang='lat' dir='ltr'>nepotes</span> <span class='ocrx_word' id='word_1_205' title='bbox 812 1546 907 1583; x_wconf 92' lang='lat' dir='ltr'>tuos</span> <span class='ocrx_word' id='word_1_206' title='bbox 939 1543 1024 1582; x_wconf 87' lang='lat' dir='ltr'>alit.</span> <span class='ocrx_word' id='word_1_207' title='bbox 1100 1543 1465 1584; x_wconf 87' lang='lat' dir='ltr'>Nominationibus</span> <span class='ocrx_word' id='word_1_208' title='bbox 1497 1546 1725 1586; x_wconf 89' lang='lat' dir='ltr'>minimum</span> 
     </span>
     <span class='ocr_line' id='line_1_23' title="bbox 134 1608 1727 1662; baseline 0.003 -15"><span class='ocrx_word' id='word_1_209' title='bbox 134 1608 350 1648; x_wconf 83' lang='lat' dir='ltr'>vexabitur</span> <span class='ocrx_word' id='word_1_210' title='bbox 382 1609 614 1659; x_wconf 88' lang='lat' dir='ltr'>amplitudo</span> <span class='ocrx_word' id='word_1_211' title='bbox 650 1613 744 1658; x_wconf 87' lang='lat' dir='ltr'>tua;</span> <span class='ocrx_word' id='word_1_212' title='bbox 786 1623 868 1649; x_wconf 89' lang='lat' dir='ltr'>vna</span> <span class='ocrx_word' id='word_1_213' title='bbox 900 1612 972 1649; x_wconf 89' lang='lat' dir='ltr'>aut</span> <span class='ocrx_word' id='word_1_214' title='bbox 1003 1609 1131 1648; x_wconf 87' lang='lat' dir='ltr'>altera</span> <span class='ocrx_word' id='word_1_215' title='bbox 1162 1610 1432 1660; x_wconf 85' lang='lat' dir='ltr'>defungetur:</span> <span class='ocrx_word' id='word_1_216' title='bbox 1474 1625 1554 1662; x_wconf 90' lang='lat' dir='ltr'>quo</span> <span class='ocrx_word' id='word_1_217' title='bbox 1586 1613 1727 1651; x_wconf 87' lang='lat' dir='ltr'>minus</span> 
     </span>
     <span class='ocr_line' id='line_1_24' title="bbox 133 1673 1726 1725; baseline 0.003 -13"><span class='ocrx_word' id='word_1_218' title='bbox 133 1673 339 1723; x_wconf 87' lang='lat' dir='ltr'>grauatim</span> <span class='ocrx_word' id='word_1_219' title='bbox 366 1674 552 1725; x_wconf 84' lang='lat' dir='ltr'>largiaris</span> <span class='ocrx_word' id='word_1_220' title='bbox 577 1675 653 1713; x_wconf 91' lang='lat' dir='ltr'>hoc</span> <span class='ocrx_word' id='word_1_221' title='bbox 676 1675 873 1714; x_wconf 87' lang='lat' dir='ltr'>alumnus</span> <span class='ocrx_word' id='word_1_222' title='bbox 897 1675 1079 1725; x_wconf 84' lang='lat' dir='ltr'>optimus</span> <span class='ocrx_word' id='word_1_223' title='bbox 1105 1675 1286 1725; x_wconf 89' lang='lat' dir='ltr'>optimae</span> <span class='ocrx_word' id='word_1_224' title='bbox 1315 1676 1468 1715; x_wconf 89' lang='lat' dir='ltr'>nutrici</span> <span class='ocrx_word' id='word_1_225' title='bbox 1498 1679 1600 1716; x_wconf 88' lang='lat' dir='ltr'>tuae.</span> <span class='ocrx_word' id='word_1_226' title='bbox 1659 1679 1726 1716; x_wconf 92' lang='lat' dir='ltr'>Ad</span> 
     </span>
     <span class='ocr_line' id='line_1_25' title="bbox 134 1739 1768 1790; baseline 0.003 -13"><span class='ocrx_word' id='word_1_227' title='bbox 134 1739 247 1787; x_wconf 86' lang='lat' dir='ltr'>haec,</span> <span class='ocrx_word' id='word_1_228' title='bbox 270 1739 308 1777; x_wconf 92' lang='lat' dir='ltr'>is</span> <span class='ocrx_word' id='word_1_229' title='bbox 327 1741 389 1778; x_wconf 89' lang='lat' dir='ltr'>est</span> <span class='ocrx_word' id='word_1_230' title='bbox 409 1739 686 1779; x_wconf 87' lang='lat' dir='ltr'>Theodericus</span> <span class='ocrx_word' id='word_1_231' title='bbox 705 1743 760 1789; x_wconf 91' lang='lat' dir='ltr'>vt,</span> <span class='ocrx_word' id='word_1_232' title='bbox 783 1740 818 1779; x_wconf 88' lang='lat' dir='ltr'>si</span> <span class='ocrx_word' id='word_1_233' title='bbox 837 1740 1052 1779; x_wconf 89' lang='lat' dir='ltr'>hominem</span> <span class='ocrx_word' id='word_1_234' title='bbox 1079 1753 1306 1790; x_wconf 89' lang='lat' dir='ltr'>pernosses,</span> <span class='ocrx_word' id='word_1_235' title='bbox 1330 1741 1375 1779; x_wconf 91' lang='lat' dir='ltr'>in</span> <span class='ocrx_word' id='word_1_236' title='bbox 1396 1742 1562 1780; x_wconf 89' lang='lat' dir='ltr'>nullum</span> <span class='ocrx_word' id='word_1_237' title='bbox 1581 1743 1726 1782; x_wconf 87' lang='lat' dir='ltr'>malles</span> <span class='ocrx_word' id='word_1_238' title='bbox 1752 1776 1768 1787; x_wconf 20' lang='lat'>¹,</span> 
     </span>
     <span class='ocr_line' id='line_1_26' title="bbox 135 1803 1784 1858; baseline 0.002 -15"><span class='ocrx_word' id='word_1_239' title='bbox 135 1803 333 1843; x_wconf 86' lang='lat' dir='ltr'>collatum</span> <span class='ocrx_word' id='word_1_240' title='bbox 365 1804 478 1843; x_wconf 91' lang='lat' dir='ltr'>istud</span> <span class='ocrx_word' id='word_1_241' title='bbox 511 1806 709 1855; x_wconf 86' lang='lat' dir='ltr'>quicquid</span> <span class='ocrx_word' id='word_1_242' title='bbox 743 1808 803 1844; x_wconf 88' lang='lat' dir='ltr'>est</span> <span class='ocrx_word' id='word_1_243' title='bbox 836 1805 1036 1844; x_wconf 88' lang='lat' dir='ltr'>beneficii.</span> <span class='ocrx_word' id='word_1_244' title='bbox 1109 1805 1293 1845; x_wconf 85' lang='lat' dir='ltr'>Habebis</span> <span class='ocrx_word' id='word_1_245' title='bbox 1330 1805 1561 1846; x_wconf 86' lang='lat' dir='ltr'>debitorem</span> <span class='ocrx_word' id='word_1_246' title='bbox 1594 1821 1726 1858; x_wconf 91' lang='lat' dir='ltr'>neque</span> <span class='ocrx_word' id='word_1_247' title='bbox 1745 1825 1784 1857; x_wconf 81' lang='lat'>55</span> 
     </span>
     <span class='ocr_line' id='line_1_27' title="bbox 136 1868 1727 1922; baseline 0.003 -15"><span class='ocrx_word' id='word_1_248' title='bbox 136 1868 269 1908; x_wconf 87' lang='lat' dir='ltr'>malae</span> <span class='ocrx_word' id='word_1_249' title='bbox 296 1869 394 1907; x_wconf 88' lang='lat' dir='ltr'>fidei</span> <span class='ocrx_word' id='word_1_250' title='bbox 421 1883 556 1920; x_wconf 91' lang='lat' dir='ltr'>neque</span> <span class='ocrx_word' id='word_1_251' title='bbox 583 1871 807 1922; x_wconf 90' lang='lat' dir='ltr'>ingratum.</span> <span class='ocrx_word' id='word_1_252' title='bbox 866 1870 944 1910; x_wconf 92' lang='lat' dir='ltr'>Vel</span> <span class='ocrx_word' id='word_1_253' title='bbox 972 1883 1040 1909; x_wconf 91' lang='lat' dir='ltr'>me</span> <span class='ocrx_word' id='word_1_254' title='bbox 1067 1883 1310 1921; x_wconf 89' lang='lat' dir='ltr'>sponsorem</span> <span class='ocrx_word' id='word_1_255' title='bbox 1340 1872 1539 1921; x_wconf 87' lang='lat' dir='ltr'>offerrem,</span> <span class='ocrx_word' id='word_1_256' title='bbox 1571 1873 1616 1911; x_wconf 91' lang='lat' dir='ltr'>ni</span> <span class='ocrx_word' id='word_1_257' title='bbox 1643 1874 1727 1912; x_wconf 90' lang='lat' dir='ltr'>iam</span> 
     </span>
     <span class='ocr_line' id='line_1_28' title="bbox 137 1933 1727 1987; baseline 0.003 -15"><span class='ocrx_word' id='word_1_258' title='bbox 137 1933 240 1973; x_wconf 89' lang='lat' dir='ltr'>olim</span> <span class='ocrx_word' id='word_1_259' title='bbox 278 1933 336 1973; x_wconf 90' lang='lat' dir='ltr'>sic</span> <span class='ocrx_word' id='word_1_260' title='bbox 372 1937 470 1973; x_wconf 89' lang='lat' dir='ltr'>tuus</span> <span class='ocrx_word' id='word_1_261' title='bbox 506 1949 638 1975; x_wconf 87' lang='lat' dir='ltr'>essem</span> <span class='ocrx_word' id='word_1_262' title='bbox 675 1938 721 1975; x_wconf 84' lang='lat' dir='ltr'>vt</span> <span class='ocrx_word' id='word_1_263' title='bbox 759 1935 976 1986; x_wconf 88' lang='lat' dir='ltr'>obligatior</span> <span class='ocrx_word' id='word_1_264' title='bbox 1012 1948 1136 1986; x_wconf 87' lang='lat' dir='ltr'>quam</span> <span class='ocrx_word' id='word_1_265' title='bbox 1178 1949 1272 1975; x_wconf 86' lang='lat' dir='ltr'>sum</span> <span class='ocrx_word' id='word_1_266' title='bbox 1311 1949 1397 1975; x_wconf 85' lang='lat' dir='ltr'>esse</span> <span class='ocrx_word' id='word_1_267' title='bbox 1435 1950 1520 1976; x_wconf 89' lang='lat' dir='ltr'>non</span> <span class='ocrx_word' id='word_1_268' title='bbox 1556 1938 1727 1987; x_wconf 86' lang='lat' dir='ltr'>possim.</span> 
     </span>
    </p>
   </div>
   <div class='ocr_carea' id='block_1_3' title="bbox 139 2054 1727 2183">
    <p class='ocr_par' dir='ltr' id='par_1_4' title="bbox 139 2054 1727 2183">
     <span class='ocr_line' id='line_1_29' title="bbox 180 2054 1724 2097; baseline 0.001 -11"><span class='ocrx_word' id='word_1_269' title='bbox 180 2063 233 2094; x_wconf 87' lang='lat'>35.</span> <span class='ocrx_word' id='word_1_270' title='bbox 259 2054 316 2085; x_wconf 89' lang='lat' dir='ltr'>sui</span> <span class='ocrx_word' id='word_1_271' title='bbox 330 2056 420 2086; x_wconf 68' lang='lat' dir='ltr'>Ms:</span> <span class='ocrx_word' id='word_1_272' title='bbox 444 2064 502 2085; x_wconf 81' lang='lat' dir='ltr'>om.</span> <span class='ocrx_word' id='word_1_273' title='bbox 521 2057 549 2084; x_wconf 89' lang='lat' dir='ltr'><em>D</em></span> <span class='ocrx_word' id='word_1_274' title='bbox 566 2066 573 2085; x_wconf 72' lang='grc' dir='ltr'>ε</span> <span class='ocrx_word' id='word_1_275' title='bbox 596 2057 752 2093; x_wconf 68' lang='grc' dir='ltr'>αοῐσῑ.19οετ</span> <span class='ocrx_word' id='word_1_276' title='bbox 766 2064 824 2086; x_wconf 84' lang='grc'>1110</span> <span class='ocrx_word' id='word_1_277' title='bbox 839 2058 874 2086; x_wconf 87' lang='lat' dir='ltr'>F.</span> <span class='ocrx_word' id='word_1_278' title='bbox 1030 2056 1085 2095; x_wconf 86' lang='grc'>36.</span> <span class='ocrx_word' id='word_1_279' title='bbox 1109 2054 1305 2087; x_wconf 84' lang='lat' dir='ltr'>dimidium</span> <span class='ocrx_word' id='word_1_280' title='bbox 1322 2056 1422 2096; x_wconf 84' lang='lat' dir='ltr'>regni</span> <span class='ocrx_word' id='word_1_281' title='bbox 1441 2057 1494 2087; x_wconf 83' lang='lat' dir='ltr'>sui</span> <span class='ocrx_word' id='word_1_282' title='bbox 1512 2059 1591 2097; x_wconf 63' lang='lat' dir='ltr'>MS„</span> <span class='ocrx_word' id='word_1_283' title='bbox 1611 2059 1648 2096; x_wconf 65' lang='lat' dir='ltr'>cs:</span> <span class='ocrx_word' id='word_1_284' title='bbox 1667 2060 1724 2094; x_wconf 76' lang='lat' dir='ltr'>Ep.</span> 
     </span>
     <span class='ocr_line' id='line_1_30' title="bbox 139 2098 1727 2139; baseline 0.001 -10"><span class='ocrx_word' id='word_1_285' title='bbox 139 2099 212 2138; x_wconf 88' lang='lat'><strong>756.</strong></span> <span class='ocrx_word' id='word_1_286' title='bbox 229 2108 269 2137; x_wconf 89' lang='lat'>47</span> <span class='ocrx_word' id='word_1_287' title='bbox 298 2108 305 2128; x_wconf 76' lang='grc' dir='ltr'><strong><em>τ</em></strong></span> <span class='ocrx_word' id='word_1_288' title='bbox 329 2098 440 2137; x_wconf 86' lang='lat' dir='ltr'>regni,</span> <span class='ocrx_word' id='word_1_289' title='bbox 459 2099 499 2129; x_wconf 82' lang='lat' dir='ltr'>vt</span> <span class='ocrx_word' id='word_1_290' title='bbox 515 2098 577 2139; x_wconf 83' lang='lat' dir='ltr'>ait,</span> <span class='ocrx_word' id='word_1_291' title='bbox 596 2099 651 2130; x_wconf 87' lang='lat' dir='ltr'>sui</span> <span class='ocrx_word' id='word_1_292' title='bbox 668 2099 887 2130; x_wconf 84' lang='lat' dir='ltr'>consortium</span> <span class='ocrx_word' id='word_1_293' title='bbox 903 2102 940 2130; x_wconf 93' lang='lat' dir='ltr'>D.</span> <span class='ocrx_word' id='word_1_294' title='bbox 1141 2108 1193 2138; x_wconf 85' lang='lat'>39.</span> <span class='ocrx_word' id='word_1_295' title='bbox 1219 2109 1292 2130; x_wconf 91' lang='lat' dir='ltr'>non</span> <span class='ocrx_word' id='word_1_296' title='bbox 1318 2123 1325 2130; x_wconf 94' lang='lat'>.</span> <span class='ocrx_word' id='word_1_297' title='bbox 1351 2123 1358 2131; x_wconf 96' lang='lat'>.</span> <span class='ocrx_word' id='word_1_298' title='bbox 1388 2122 1397 2131; x_wconf 89' lang='lat'>.</span> <span class='ocrx_word' id='word_1_299' title='bbox 1421 2101 1584 2130; x_wconf 89' lang='lat' dir='ltr'>omnium</span> <span class='ocrx_word' id='word_1_300' title='bbox 1607 2103 1678 2131; x_wconf 75' lang='lat' dir='ltr'>adel.</span> <span class='ocrx_word' id='word_1_301' title='bbox 1699 2103 1727 2130; x_wconf 87' lang='lat' dir='ltr'><em>D</em></span> 
     </span>
     <span class='ocr_line' id='line_1_31' title="bbox 140 2141 1724 2183; baseline 0.002 -11"><span class='ocrx_word' id='word_1_302' title='bbox 140 2143 233 2183; x_wconf 85' lang='lat' dir='ltr'>(mea</span> <span class='ocrx_word' id='word_1_303' title='bbox 248 2141 293 2182; x_wconf 79' lang='lat' dir='ltr'>F)</span> <span class='ocrx_word' id='word_1_304' title='bbox 396 2151 449 2180; x_wconf 83' lang='lat'>40.</span> <span class='ocrx_word' id='word_1_305' title='bbox 472 2141 558 2182; x_wconf 87' lang='lat' dir='ltr'>Agit</span> <span class='ocrx_word' id='word_1_306' title='bbox 574 2164 584 2174; x_wconf 93' lang='lat'>.</span> <span class='ocrx_word' id='word_1_307' title='bbox 601 2166 610 2174; x_wconf 92' lang='lat'>.</span> <span class='ocrx_word' id='word_1_308' title='bbox 630 2166 637 2173; x_wconf 94' lang='lat'>.</span> <span class='ocrx_word' id='word_1_309' title='bbox 655 2152 706 2181; x_wconf 87' lang='lat'>41.</span> <span class='ocrx_word' id='word_1_310' title='bbox 733 2142 901 2174; x_wconf 86' lang='lat' dir='ltr'>alumnus</span> <span class='ocrx_word' id='word_1_311' title='bbox 917 2152 974 2174; x_wconf 83' lang='lat' dir='ltr'>om.</span> <span class='ocrx_word' id='word_1_312' title='bbox 994 2146 1031 2173; x_wconf 90' lang='lat' dir='ltr'>D.</span> <span class='ocrx_word' id='word_1_313' title='bbox 1138 2153 1190 2181; x_wconf 88' lang='lat'>44.</span> <span class='ocrx_word' id='word_1_314' title='bbox 1217 2145 1256 2174; x_wconf 87' lang='lat' dir='ltr'>vt</span> <span class='ocrx_word' id='word_1_315' title='bbox 1272 2153 1370 2174; x_wconf 87' lang='lat' dir='ltr'>nunc</span> <span class='ocrx_word' id='word_1_316' title='bbox 1386 2143 1583 2182; x_wconf 84' lang='lat' dir='ltr'>loquuntur</span> <span class='ocrx_word' id='word_1_317' title='bbox 1599 2147 1672 2176; x_wconf 78' lang='lat' dir='ltr'>add.</span> <span class='ocrx_word' id='word_1_318' title='bbox 1689 2147 1724 2175; x_wconf 84' lang='lat' dir='ltr'>F.</span> 
     </span>
    </p>
   </div>
   <div class='ocr_carea' id='block_1_4' title="bbox 139 2185 775 2225">
    <p class='ocr_par' dir='ltr' id='par_1_5' title="bbox 139 2185 775 2225">
     <span class='ocr_line' id='line_1_32' title="bbox 139 2185 775 2225; baseline 0.003 -10"><span class='ocrx_word' id='word_1_319' title='bbox 139 2185 193 2223; x_wconf 87' lang='lat'>46.</span> <span class='ocrx_word' id='word_1_320' title='bbox 216 2185 416 2225; x_wconf 87' lang='lat' dir='ltr'>paternitas</span> <span class='ocrx_word' id='word_1_321' title='bbox 432 2188 502 2216; x_wconf 85' lang='lat' dir='ltr'>MS.</span> <span class='ocrx_word' id='word_1_322' title='bbox 519 2195 526 2215; x_wconf 77' lang='lat' dir='ltr'><strong><em>z</em></strong></span> <span class='ocrx_word' id='word_1_323' title='bbox 551 2185 723 2216; x_wconf 81' lang='lat' dir='ltr'>celsitudo</span> <span class='ocrx_word' id='word_1_324' title='bbox 739 2188 775 2217; x_wconf 86' lang='lat' dir='ltr'>F.</span> 
     </span>
    </p>
   </div>
   <div class='ocr_carea' id='block_1_5' title="bbox 181 2291 1729 2551">
    <p class='ocr_par' dir='ltr' id='par_1_6' title="bbox 182 2291 1726 2334">
     <span class='ocr_line' id='line_1_33' title="bbox 182 2291 1726 2334; baseline -0.001 -10"><span class='ocrx_word' id='word_1_325' title='bbox 182 2303 236 2332; x_wconf 87' lang='grc'>31.</span> <span class='ocrx_word' id='word_1_326' title='bbox 262 2292 352 2334; x_wconf 88' lang='lat' dir='ltr'>Rex]</span> <span class='ocrx_word' id='word_1_327' title='bbox 370 2293 420 2324; x_wconf 85' lang='lat' dir='ltr'>Cf.</span> <span class='ocrx_word' id='word_1_328' title='bbox 440 2293 504 2332; x_wconf 92' lang='lat' dir='ltr'>Ep.</span> <span class='ocrx_word' id='word_1_329' title='bbox 523 2292 598 2332; x_wconf 84' lang='lat'>694.</span> <span class='ocrx_word' id='word_1_330' title='bbox 623 2303 672 2324; x_wconf 92' lang='lat'>10.</span> <span class='ocrx_word' id='word_1_331' title='bbox 969 2292 1014 2323; x_wconf 89' lang='lat' dir='ltr'>he</span> <span class='ocrx_word' id='word_1_332' title='bbox 1035 2291 1107 2322; x_wconf 87' lang='lat' dir='ltr'>had</span> <span class='ocrx_word' id='word_1_333' title='bbox 1128 2302 1147 2322; x_wconf 80' lang='lat' dir='ltr'>a</span> <span class='ocrx_word' id='word_1_334' title='bbox 1165 2291 1236 2322; x_wconf 90' lang='lat' dir='ltr'>fine</span> <span class='ocrx_word' id='word_1_335' title='bbox 1260 2292 1372 2323; x_wconf 85' lang='lat' dir='ltr'>house</span> <span class='ocrx_word' id='word_1_336' title='bbox 1395 2292 1467 2323; x_wconf 88' lang='lat' dir='ltr'>and</span> <span class='ocrx_word' id='word_1_337' title='bbox 1490 2293 1637 2333; x_wconf 87' lang='lat' dir='ltr'>1ibrary,</span> <span class='ocrx_word' id='word_1_338' title='bbox 1655 2293 1726 2323; x_wconf 77' lang='lat' dir='ltr'>and</span> 
     </span>
    </p>

    <p class='ocr_par' dir='ltr' id='par_1_7' title="bbox 181 2335 1728 2420">
     <span class='ocr_line' id='line_1_34' title="bbox 181 2335 1728 2377; baseline 0 -9"><span class='ocrx_word' id='word_1_339' title='bbox 181 2346 237 2377; x_wconf 85' lang='lat'>33.</span> <span class='ocrx_word' id='word_1_340' title='bbox 263 2335 516 2377; x_wconf 85' lang='lat' dir='ltr'>Traiectensis]</span> <span class='ocrx_word' id='word_1_341' title='bbox 533 2336 596 2367; x_wconf 87' lang='lat' dir='ltr'>See</span> <span class='ocrx_word' id='word_1_342' title='bbox 613 2346 645 2376; x_wconf 91' lang='lat' dir='ltr'>p.</span> <span class='ocrx_word' id='word_1_343' title='bbox 665 2346 714 2374; x_wconf 89' lang='lat'>14.</span> <span class='ocrx_word' id='word_1_344' title='bbox 968 2337 1085 2367; x_wconf 84' lang='lat' dir='ltr'>where</span> <span class='ocrx_word' id='word_1_345' title='bbox 1108 2335 1154 2366; x_wconf 88' lang='lat' dir='ltr'>he</span> <span class='ocrx_word' id='word_1_346' title='bbox 1176 2335 1267 2366; x_wconf 87' lang='lat' dir='ltr'>died.</span> <span class='ocrx_word' id='word_1_347' title='bbox 1317 2336 1379 2366; x_wconf 86' lang='lat' dir='ltr'>See</span> <span class='ocrx_word' id='word_1_348' title='bbox 1400 2335 1490 2375; x_wconf 88' lang='lat' dir='ltr'>Epp.</span> <span class='ocrx_word' id='word_1_349' title='bbox 1505 2338 1623 2376; x_wconf 89' lang='lat'>671-2,</span> <span class='ocrx_word' id='word_1_350' title='bbox 1645 2347 1728 2375; x_wconf 78' lang='lat'><strong>720:</strong></span> 
     </span>
     <span class='ocr_line' id='line_1_35' title="bbox 227 2379 1726 2420; baseline -0.001 -9"><span class='ocrx_word' id='word_1_351' title='bbox 227 2379 451 2420; x_wconf 83' lang='lat' dir='ltr'>Leodiensis]</span> <span class='ocrx_word' id='word_1_352' title='bbox 467 2379 531 2419; x_wconf 91' lang='lat' dir='ltr'>Ep.</span> <span class='ocrx_word' id='word_1_353' title='bbox 550 2380 625 2418; x_wconf 91' lang='lat'><strong>746.</strong></span> <span class='ocrx_word' id='word_1_354' title='bbox 969 2379 1037 2411; x_wconf 79' lang='lat' dir='ltr'>GC.</span> <span class='ocrx_word' id='word_1_355' title='bbox 1056 2379 1108 2410; x_wconf 90' lang='lat' dir='ltr'>iii.</span> <span class='ocrx_word' id='word_1_356' title='bbox 1124 2379 1187 2417; x_wconf 87' lang='lat'>267</span> <span class='ocrx_word' id='word_1_357' title='bbox 1205 2379 1275 2409; x_wconf 86' lang='lat' dir='ltr'>and</span> <span class='ocrx_word' id='word_1_358' title='bbox 1290 2380 1410 2419; x_wconf 86' lang='lat'>964,5;</span> <span class='ocrx_word' id='word_1_359' title='bbox 1433 2379 1504 2410; x_wconf 88' lang='lat' dir='ltr'>and</span> <span class='ocrx_word' id='word_1_360' title='bbox 1524 2380 1668 2411; x_wconf 88' lang='lat' dir='ltr'>Brewer</span> <span class='ocrx_word' id='word_1_361' title='bbox 1687 2380 1726 2417; x_wconf 89' lang='lat' dir='ltr'>ii,</span> 
     </span>
    </p>

    <p class='ocr_par' dir='ltr' id='par_1_8' title="bbox 184 2422 1089 2464">
     <span class='ocr_line' id='line_1_36' title="bbox 184 2422 1089 2464; baseline -0.004 -8"><span class='ocrx_word' id='word_1_362' title='bbox 184 2434 237 2463; x_wconf 86' lang='lat'>34.</span> <span class='ocrx_word' id='word_1_363' title='bbox 262 2423 566 2464; x_wconf 83' lang='lat' dir='ltr'>Maguntinensis]</span> <span class='ocrx_word' id='word_1_364' title='bbox 580 2423 643 2463; x_wconf 88' lang='lat' dir='ltr'>Ep.</span> <span class='ocrx_word' id='word_1_365' title='bbox 661 2423 736 2454; x_wconf 85' lang='lat'>661.</span> <span class='ocrx_word' id='word_1_366' title='bbox 968 2423 1021 2455; x_wconf 84' lang='lat' dir='ltr'>iii.</span> <span class='ocrx_word' id='word_1_367' title='bbox 1037 2422 1089 2453; x_wconf 90' lang='lat'>68.</span> 
     </span>
    </p>

    <p class='ocr_par' dir='ltr' id='par_1_9' title="bbox 184 2464 1724 2508">
     <span class='ocr_line' id='line_1_37' title="bbox 184 2464 1724 2508; baseline -0.001 -10"><span class='ocrx_word' id='word_1_368' title='bbox 184 2468 237 2507; x_wconf 85' lang='lat'>36.</span> <span class='ocrx_word' id='word_1_369' title='bbox 261 2467 489 2508; x_wconf 84' lang='lat' dir='ltr'>Basiliensis]</span> <span class='ocrx_word' id='word_1_370' title='bbox 515 2466 566 2498; x_wconf 86' lang='lat' dir='ltr'>Cf.</span> <span class='ocrx_word' id='word_1_371' title='bbox 583 2467 647 2506; x_wconf 83' lang='lat' dir='ltr'>Ep.</span> <span class='ocrx_word' id='word_1_372' title='bbox 668 2467 741 2506; x_wconf 90' lang='lat'>598.</span> <span class='ocrx_word' id='word_1_373' title='bbox 1011 2476 1062 2505; x_wconf 91' lang='lat'>41.</span> <span class='ocrx_word' id='word_1_374' title='bbox 1085 2475 1223 2497; x_wconf 88' lang='lat' dir='ltr'>mecum</span> <span class='ocrx_word' id='word_1_375' title='bbox 1235 2464 1421 2506; x_wconf 81' lang='lat' dir='ltr'>alumnus]</span> <span class='ocrx_word' id='word_1_376' title='bbox 1436 2465 1563 2498; x_wconf 87' lang='lat' dir='ltr'>Cf.vol.</span> <span class='ocrx_word' id='word_1_377' title='bbox 1573 2466 1596 2506; x_wconf 89' lang='lat' dir='ltr'>i,</span> <span class='ocrx_word' id='word_1_378' title='bbox 1605 2476 1638 2506; x_wconf 90' lang='lat' dir='ltr'>p.</span> <span class='ocrx_word' id='word_1_379' title='bbox 1651 2467 1724 2506; x_wconf 87' lang='lat'>589.</span> 
     </span>
    </p>

    <p class='ocr_par' dir='ltr' id='par_1_10' title="bbox 184 2508 1729 2551">
     <span class='ocr_line' id='line_1_38' title="bbox 184 2508 1729 2551; baseline -0.001 -9"><span class='ocrx_word' id='word_1_380' title='bbox 184 2511 236 2550; x_wconf 83' lang='lat'>38.</span> <span class='ocrx_word' id='word_1_381' title='bbox 262 2510 481 2551; x_wconf 84' lang='lat' dir='ltr'>episcopum]</span> <span class='ocrx_word' id='word_1_382' title='bbox 507 2509 559 2542; x_wconf 81' lang='lat' dir='ltr'>Of.</span> <span class='ocrx_word' id='word_1_383' title='bbox 577 2510 640 2550; x_wconf 91' lang='lat' dir='ltr'>Ep.</span> <span class='ocrx_word' id='word_1_384' title='bbox 658 2519 732 2550; x_wconf 89' lang='lat'>475.</span> <span class='ocrx_word' id='word_1_385' title='bbox 751 2520 771 2549; x_wconf 91' lang='lat'><strong>4</strong></span> <span class='ocrx_word' id='word_1_386' title='bbox 789 2519 826 2540; x_wconf 88' lang='lat'>11.</span> <span class='ocrx_word' id='word_1_387' title='bbox 1013 2520 1063 2549; x_wconf 89' lang='lat'>44.</span> <span class='ocrx_word' id='word_1_388' title='bbox 1089 2508 1345 2549; x_wconf 87' lang='lat' dir='ltr'>Enseledense]</span> <span class='ocrx_word' id='word_1_389' title='bbox 1363 2509 1449 2539; x_wconf 83' lang='lat' dir='ltr'>This</span> <span class='ocrx_word' id='word_1_390' title='bbox 1464 2519 1570 2540; x_wconf 88' lang='lat' dir='ltr'>name</span> <span class='ocrx_word' id='word_1_391' title='bbox 1582 2519 1729 2550; x_wconf 81' lang='lat' dir='ltr'>appears</span> 
     </span>
    </p>
   </div>
   <div class='ocr_carea' id='block_1_6' title="bbox 143 2552 1732 3028">
    <p class='ocr_par' dir='ltr' id='par_1_11' title="bbox 143 2552 1732 3028">
     <span class='ocr_line' id='line_1_39' title="bbox 186 2552 1725 2595; baseline -0.001 -11"><span class='ocrx_word' id='word_1_392' title='bbox 186 2564 238 2592; x_wconf 87' lang='lat'>40.</span> <span class='ocrx_word' id='word_1_393' title='bbox 263 2553 399 2595; x_wconf 88' lang='lat' dir='ltr'>Abbas]</span> <span class='ocrx_word' id='word_1_394' title='bbox 427 2554 520 2585; x_wconf 91' lang='lat' dir='ltr'>Wm.</span> <span class='ocrx_word' id='word_1_395' title='bbox 549 2553 688 2584; x_wconf 87' lang='lat' dir='ltr'>Bollart</span> <span class='ocrx_word' id='word_1_396' title='bbox 715 2563 754 2584; x_wconf 85' lang='lat' dir='ltr'>or</span> <span class='ocrx_word' id='word_1_397' title='bbox 784 2552 904 2584; x_wconf 80' lang='lat' dir='ltr'>Bolais</span> <span class='ocrx_word' id='word_1_398' title='bbox 970 2553 1009 2583; x_wconf 90' lang='lat' dir='ltr'>in</span> <span class='ocrx_word' id='word_1_399' title='bbox 1025 2563 1045 2584; x_wconf 86' lang='lat' dir='ltr'>a</span> <span class='ocrx_word' id='word_1_400' title='bbox 1060 2552 1212 2592; x_wconf 83' lang='lat' dir='ltr'>slightly</span> <span class='ocrx_word' id='word_1_401' title='bbox 1227 2552 1393 2583; x_wconf 87' lang='lat' dir='ltr'>different</span> <span class='ocrx_word' id='word_1_402' title='bbox 1409 2552 1500 2583; x_wconf 86' lang='lat' dir='ltr'>form</span> <span class='ocrx_word' id='word_1_403' title='bbox 1517 2554 1556 2583; x_wconf 87' lang='lat' dir='ltr'>in</span> <span class='ocrx_word' id='word_1_404' title='bbox 1574 2553 1637 2592; x_wconf 90' lang='lat' dir='ltr'>Ep.</span> <span class='ocrx_word' id='word_1_405' title='bbox 1653 2554 1725 2592; x_wconf 89' lang='lat'>762.</span> 
     </span>
     <span class='ocr_line' id='line_1_40' title="bbox 145 2595 1732 2639; baseline 0 -12"><span class='ocrx_word' id='word_1_406' title='bbox 145 2598 227 2639; x_wconf 82' lang='lat'>(†14</span> <span class='ocrx_word' id='word_1_407' title='bbox 253 2598 340 2630; x_wconf 87' lang='lat' dir='ltr'>Nov.</span> <span class='ocrx_word' id='word_1_408' title='bbox 372 2598 470 2638; x_wconf 86' lang='lat'>1532)</span> <span class='ocrx_word' id='word_1_409' title='bbox 495 2596 534 2628; x_wconf 87' lang='lat' dir='ltr'>of</span> <span class='ocrx_word' id='word_1_410' title='bbox 554 2597 729 2628; x_wconf 83' lang='lat' dir='ltr'>Brussels.</span> <span class='ocrx_word' id='word_1_411' title='bbox 784 2597 904 2628; x_wconf 87' lang='lat' dir='ltr'>About</span> <span class='ocrx_word' id='word_1_412' title='bbox 973 2606 1022 2636; x_wconf 84' lang='lat'>13.</span> <span class='ocrx_word' id='word_1_413' title='bbox 1066 2595 1172 2627; x_wconf 87' lang='lat' dir='ltr'>From</span> <span class='ocrx_word' id='word_1_414' title='bbox 1188 2596 1249 2627; x_wconf 86' lang='lat' dir='ltr'>the</span> <span class='ocrx_word' id='word_1_415' title='bbox 1267 2597 1385 2627; x_wconf 85' lang='lat' dir='ltr'>action</span> <span class='ocrx_word' id='word_1_416' title='bbox 1401 2596 1519 2627; x_wconf 88' lang='lat' dir='ltr'>which</span> <span class='ocrx_word' id='word_1_417' title='bbox 1536 2596 1598 2627; x_wconf 86' lang='lat' dir='ltr'>the</span> <span class='ocrx_word' id='word_1_418' title='bbox 1614 2596 1679 2636; x_wconf 90' lang='lat' dir='ltr'>Bp.</span> <span class='ocrx_word' id='word_1_419' title='bbox 1693 2597 1732 2627; x_wconf 91' lang='lat' dir='ltr'>of</span> 
     </span>
     <span class='ocr_line' id='line_1_41' title="bbox 143 2639 1726 2724; baseline -0.001 -9"><span class='ocrx_word' id='word_1_420' title='bbox 143 2640 905 2724; x_wconf 49' lang='lat' dir='ltr'>32.ssffussffgffifflffe‘zafissassffiffl</span> <span class='ocrx_word' id='word_1_421' title='bbox 970 2639 1490 2714; x_wconf 50' lang='lat' dir='ltr'>{Zffi‘sshffo‘sssssseafflssntssvffifi</span> <span class='ocrx_word' id='word_1_422' title='bbox 1504 2639 1726 2714; x_wconf 52' lang='grc' dir='ltr'>ἑῗέὰῑζῖἶζὲῗ</span> 
     </span>
     <span class='ocr_line' id='line_1_42' title="bbox 146 2726 1728 2768; baseline -0.001 -10"><span class='ocrx_word' id='word_1_423' title='bbox 146 2726 299 2767; x_wconf 86' lang='lat' dir='ltr'>English</span> <span class='ocrx_word' id='word_1_424' title='bbox 317 2729 527 2767; x_wconf 83' lang='lat' dir='ltr'>occupation</span> <span class='ocrx_word' id='word_1_425' title='bbox 544 2727 591 2758; x_wconf 92' lang='lat' dir='ltr'>he</span> <span class='ocrx_word' id='word_1_426' title='bbox 606 2737 679 2759; x_wconf 87' lang='lat' dir='ltr'>was</span> <span class='ocrx_word' id='word_1_427' title='bbox 694 2727 776 2768; x_wconf 85' lang='lat' dir='ltr'>glad</span> <span class='ocrx_word' id='word_1_428' title='bbox 798 2729 834 2758; x_wconf 89' lang='lat' dir='ltr'>to</span> <span class='ocrx_word' id='word_1_429' title='bbox 851 2736 904 2757; x_wconf 84' lang='lat' dir='ltr'>re·</span> <span class='ocrx_word' id='word_1_430' title='bbox 972 2728 988 2758; x_wconf 66' lang='grc' dir='ltr'>ἱ)</span> <span class='ocrx_word' id='word_1_431' title='bbox 1005 2726 1162 2766; x_wconf 85' lang='lat' dir='ltr'>Engel‹-n</span> <span class='ocrx_word' id='word_1_432' title='bbox 1180 2735 1211 2757; x_wconf 81' lang='lat' dir='ltr'>N.</span> <span class='ocrx_word' id='word_1_433' title='bbox 1230 2726 1267 2757; x_wconf 85' lang='lat' dir='ltr'>of</span> <span class='ocrx_word' id='word_1_434' title='bbox 1281 2726 1583 2765; x_wconf 85' lang='lat' dir='ltr'>Hertogenbosch,</span> <span class='ocrx_word' id='word_1_435' title='bbox 1601 2736 1640 2756; x_wconf 85' lang='lat' dir='ltr'>or</span> <span class='ocrx_word' id='word_1_436' title='bbox 1658 2726 1728 2757; x_wconf 88' lang='lat' dir='ltr'>En-</span> 
     </span>
     <span class='ocr_line' id='line_1_43' title="bbox 145 2769 1692 2811; baseline 0 -10"><span class='ocrx_word' id='word_1_437' title='bbox 145 2771 226 2811; x_wconf 84' lang='lat' dir='ltr'>sign</span> <span class='ocrx_word' id='word_1_438' title='bbox 242 2771 283 2811; x_wconf 84' lang='lat' dir='ltr'>it,</span> <span class='ocrx_word' id='word_1_439' title='bbox 304 2771 440 2810; x_wconf 86' lang='lat'>1518-9‚</span> <span class='ocrx_word' id='word_1_440' title='bbox 460 2771 594 2810; x_wconf 81' lang='lat' dir='ltr'>having</span> <span class='ocrx_word' id='word_1_441' title='bbox 611 2771 689 2802; x_wconf 85' lang='lat' dir='ltr'>first</span> <span class='ocrx_word' id='word_1_442' title='bbox 711 2770 906 2811; x_wconf 82' lang='lat' dir='ltr'>prudently</span> <span class='ocrx_word' id='word_1_443' title='bbox 972 2770 1101 2801; x_wconf 85' lang='lat' dir='ltr'>schede</span> <span class='ocrx_word' id='word_1_444' title='bbox 1117 2779 1163 2800; x_wconf 94' lang='lat' dir='ltr'>on</span> <span class='ocrx_word' id='word_1_445' title='bbox 1179 2769 1242 2800; x_wconf 89' lang='lat' dir='ltr'>the</span> <span class='ocrx_word' id='word_1_446' title='bbox 1258 2779 1287 2800; x_wconf 81' lang='lat' dir='ltr'>E.</span> <span class='ocrx_word' id='word_1_447' title='bbox 1307 2769 1434 2799; x_wconf 83' lang='lat' dir='ltr'>berder</span> <span class='ocrx_word' id='word_1_448' title='bbox 1449 2770 1488 2799; x_wconf 86' lang='lat' dir='ltr'>of</span> <span class='ocrx_word' id='word_1_449' title='bbox 1500 2769 1692 2809; x_wconf 85' lang='lat' dir='ltr'>Overyssel.</span> 
     </span>
     <span class='ocr_line' id='line_1_44' title="bbox 146 2812 1729 2854; baseline -0.001 -8"><span class='ocrx_word' id='word_1_450' title='bbox 146 2814 314 2854; x_wconf 81' lang='lat' dir='ltr'>accepted</span> <span class='ocrx_word' id='word_1_451' title='bbox 337 2814 429 2845; x_wconf 87' lang='lat' dir='ltr'>from</span> <span class='ocrx_word' id='word_1_452' title='bbox 453 2814 604 2853; x_wconf 76' lang='lat' dir='ltr'>Antony</span> <span class='ocrx_word' id='word_1_453' title='bbox 623 2815 661 2845; x_wconf 91' lang='lat' dir='ltr'>of</span> <span class='ocrx_word' id='word_1_454' title='bbox 681 2814 819 2853; x_wconf 88' lang='lat' dir='ltr'>Bergen</span> <span class='ocrx_word' id='word_1_455' title='bbox 843 2814 906 2844; x_wconf 88' lang='lat' dir='ltr'>the</span> <span class='ocrx_word' id='word_1_456' title='bbox 1016 2823 1067 2852; x_wconf 89' lang='lat'>51.</span> <span class='ocrx_word' id='word_1_457' title='bbox 1093 2812 1180 2843; x_wconf 85' lang='lat' dir='ltr'>duos</span> <span class='ocrx_word' id='word_1_458' title='bbox 1190 2812 1352 2853; x_wconf 87' lang='lat' dir='ltr'>nepotes]</span> <span class='ocrx_word' id='word_1_459' title='bbox 1366 2813 1525 2852; x_wconf 87' lang='lat' dir='ltr'>Possibly</span> <span class='ocrx_word' id='word_1_460' title='bbox 1536 2813 1670 2853; x_wconf 88' lang='lat' dir='ltr'>Philip,</span> <span class='ocrx_word' id='word_1_461' title='bbox 1682 2822 1729 2844; x_wconf 86' lang='lat' dir='ltr'>an</span> 
     </span>
     <span class='ocr_line' id='line_1_45' title="bbox 147 2856 1727 2898; baseline -0.001 -10"><span class='ocrx_word' id='word_1_462' title='bbox 147 2858 261 2898; x_wconf 84' lang='lat' dir='ltr'>abbey</span> <span class='ocrx_word' id='word_1_463' title='bbox 271 2857 309 2888; x_wconf 83' lang='lat' dir='ltr'>of</span> <span class='ocrx_word' id='word_1_464' title='bbox 317 2857 366 2888; x_wconf 87' lang='lat' dir='ltr'>St.</span> <span class='ocrx_word' id='word_1_465' title='bbox 376 2858 496 2888; x_wconf 85' lang='lat' dir='ltr'>Trond</span> <span class='ocrx_word' id='word_1_466' title='bbox 506 2867 534 2888; x_wconf 92' lang='grc'>0.</span> <span class='ocrx_word' id='word_1_467' title='bbox 545 2866 637 2896; x_wconf 89' lang='lat'>1517.</span> <span class='ocrx_word' id='word_1_468' title='bbox 663 2857 721 2888; x_wconf 88' lang='lat' dir='ltr'>He</span> <span class='ocrx_word' id='word_1_469' title='bbox 731 2856 907 2888; x_wconf 87' lang='lat' dir='ltr'>reformed</span> <span class='ocrx_word' id='word_1_470' title='bbox 972 2856 1070 2888; x_wconf 89' lang='lat' dir='ltr'>elder</span> <span class='ocrx_word' id='word_1_471' title='bbox 1080 2856 1226 2886; x_wconf 82' lang='lat' dir='ltr'>brother</span> <span class='ocrx_word' id='word_1_472' title='bbox 1239 2856 1276 2886; x_wconf 91' lang='lat' dir='ltr'>of</span> <span class='ocrx_word' id='word_1_473' title='bbox 1285 2856 1444 2895; x_wconf 87' lang='lat' dir='ltr'>Antony,</span> <span class='ocrx_word' id='word_1_474' title='bbox 1458 2856 1488 2886; x_wconf 87' lang='lat' dir='ltr'>is</span> <span class='ocrx_word' id='word_1_475' title='bbox 1500 2856 1564 2886; x_wconf 87' lang='lat' dir='ltr'>the</span> <span class='ocrx_word' id='word_1_476' title='bbox 1575 2857 1705 2887; x_wconf 82' lang='lat' dir='ltr'>second</span> <span class='ocrx_word' id='word_1_477' title='bbox 1719 2869 1727 2895; x_wconf 91' lang='lat'>;</span> 
     </span>
     <span class='ocr_line' id='line_1_46' title="bbox 147 2899 1489 2940; baseline -0.002 -8"><span class='ocrx_word' id='word_1_478' title='bbox 147 2901 224 2932; x_wconf 83' lang='lat' dir='ltr'>this</span> <span class='ocrx_word' id='word_1_479' title='bbox 257 2901 296 2932; x_wconf 87' lang='lat' dir='ltr'>in</span> <span class='ocrx_word' id='word_1_480' title='bbox 330 2910 414 2939; x_wconf 84' lang='lat'>1520</span> <span class='ocrx_word' id='word_1_481' title='bbox 442 2901 489 2940; x_wconf 91' lang='lat' dir='ltr'>by</span> <span class='ocrx_word' id='word_1_482' title='bbox 519 2901 581 2931; x_wconf 89' lang='lat' dir='ltr'>the</span> <span class='ocrx_word' id='word_1_483' title='bbox 611 2901 844 2940; x_wconf 85' lang='lat' dir='ltr'>importation</span> <span class='ocrx_word' id='word_1_484' title='bbox 874 2900 912 2931; x_wconf 85' lang='lat' dir='ltr'>of</span> <span class='ocrx_word' id='word_1_485' title='bbox 972 2910 1027 2930; x_wconf 82' lang='lat' dir='ltr'>see</span> <span class='ocrx_word' id='word_1_486' title='bbox 1045 2899 1214 2931; x_wconf 84' lang='lat' dir='ltr'>Goethals</span> <span class='ocrx_word' id='word_1_487' title='bbox 1229 2899 1269 2939; x_wconf 90' lang='lat' dir='ltr'>ii,</span> <span class='ocrx_word' id='word_1_488' title='bbox 1288 2910 1312 2930; x_wconf 92' lang='lat' dir='ltr'>s.</span> <span class='ocrx_word' id='word_1_489' title='bbox 1333 2899 1489 2938; x_wconf 84' lang='lat' dir='ltr'>Glymes.</span> 
     </span>
     <span class='ocr_line' id='line_1_47' title="bbox 149 2942 1656 2984; baseline -0.001 -9"><span class='ocrx_word' id='word_1_490' title='bbox 149 2945 279 2976; x_wconf 86' lang='lat' dir='ltr'>monks</span> <span class='ocrx_word' id='word_1_491' title='bbox 298 2943 390 2975; x_wconf 88' lang='lat' dir='ltr'>from</span> <span class='ocrx_word' id='word_1_492' title='bbox 413 2944 630 2982; x_wconf 81' lang='lat' dir='ltr'>Gembloux3</span> <span class='ocrx_word' id='word_1_493' title='bbox 652 2944 716 2976; x_wconf 90' lang='lat' dir='ltr'>but</span> <span class='ocrx_word' id='word_1_494' title='bbox 739 2944 848 2975; x_wconf 90' lang='lat' dir='ltr'>much</span> <span class='ocrx_word' id='word_1_495' title='bbox 872 2944 911 2974; x_wconf 86' lang='lat' dir='ltr'>of</span> <span class='ocrx_word' id='word_1_496' title='bbox 1016 2953 1069 2982; x_wconf 85' lang='lat'>53.</span> <span class='ocrx_word' id='word_1_497' title='bbox 1092 2943 1275 2984; x_wconf 87' lang='lat' dir='ltr'>alumnus]</span> <span class='ocrx_word' id='word_1_498' title='bbox 1293 2942 1344 2974; x_wconf 85' lang='lat' dir='ltr'>Cf.</span> <span class='ocrx_word' id='word_1_499' title='bbox 1360 2942 1423 2982; x_wconf 90' lang='lat' dir='ltr'>Ep.</span> <span class='ocrx_word' id='word_1_500' title='bbox 1446 2952 1506 2982; x_wconf 85' lang='lat'>143</span> <span class='ocrx_word' id='word_1_501' title='bbox 1522 2942 1656 2974; x_wconf 88' lang='lat' dir='ltr'>introd.</span> 
     </span>
     <span class='ocr_line' id='line_1_48' title="bbox 148 2986 1715 3028; baseline -0.001 -9"><span class='ocrx_word' id='word_1_502' title='bbox 148 2988 206 3019; x_wconf 90' lang='lat' dir='ltr'>his</span> <span class='ocrx_word' id='word_1_503' title='bbox 223 2989 311 3020; x_wconf 89' lang='lat' dir='ltr'>time</span> <span class='ocrx_word' id='word_1_504' title='bbox 327 2997 400 3019; x_wconf 85' lang='lat' dir='ltr'>was</span> <span class='ocrx_word' id='word_1_505' title='bbox 416 2989 519 3027; x_wconf 81' lang='lat' dir='ltr'>spent</span> <span class='ocrx_word' id='word_1_506' title='bbox 538 2989 575 3019; x_wconf 87' lang='lat' dir='ltr'>at</span> <span class='ocrx_word' id='word_1_507' title='bbox 597 2987 766 3028; x_wconf 85' lang='lat' dir='ltr'>Louvain‚</span> <span class='ocrx_word' id='word_1_508' title='bbox 786 2988 907 3019; x_wconf 87' lang='lat' dir='ltr'>where</span> <span class='ocrx_word' id='word_1_509' title='bbox 1016 2997 1066 3025; x_wconf 89' lang='lat'>54.</span> <span class='ocrx_word' id='word_1_510' title='bbox 1092 2986 1346 3027; x_wconf 84' lang='lat' dir='ltr'>Theodericus]</span> <span class='ocrx_word' id='word_1_511' title='bbox 1373 2986 1437 3017; x_wconf 85' lang='lat' dir='ltr'>See</span> <span class='ocrx_word' id='word_1_512' title='bbox 1452 2986 1515 3026; x_wconf 89' lang='lat' dir='ltr'>Ep.</span> <span class='ocrx_word' id='word_1_513' title='bbox 1532 2987 1605 3027; x_wconf 83' lang='lat'>673.</span> <span class='ocrx_word' id='word_1_514' title='bbox 1628 2995 1666 3025; x_wconf 88' lang='lat'>15</span> <span class='ocrx_word' id='word_1_515' title='bbox 1676 2996 1715 3017; x_wconf 74' lang='lat' dir='ltr'>n.</span> 
     </span>
    </p>
   </div>
  </div>
 </body>
</html>
