2034 3433
145 167 241 223 831]
662 168 733 208 ro
770 167 922 208 JoHN
963 168 1212 210 caomER
1656 172 1731 210 301

142 272 387 312 admoueris.
448 272 649 311 Nostrum
674 272 839 322 agimus
863 273 1091 324 negocium,
1112 273 1213 312 dum
1240 273 1551 312 lucubrationes
1575 277 1738 313 nostras

142 339 291 378 talium
320 337 540 377 nominum
570 337 777 377 lenocinio
808 339 1160 378 commendamus.
1220 339 1316 378 Non
1344 341 1391 377 tu
1419 338 1538 377 libris
1567 340 1637 378 sed
1661 339 1739 377 tibi

143 403 295 443 debent
326 404 433 452 libri,
469 405 679 443 aeternam
712 416 787 453 per
814 406 856 442 te
893 405 1002 454 apud
1034 407 1221 454 posteros
1260 405 1503 443 memoriam
1540 404 1738 443 habituri.

144 469 260 518 Quod
281 471 314 509 si
334 471 512 510 maxime
532 470 582 509 ad
602 469 786 508 nominis
805 469 1165 509 immortalitatem
1180 470 1397 510 literarum
1415 470 1584 509 auxiliis
1602 473 1740 520 egeret
1760 472 1798 512 35

143 537 300 587 inclyta
320 538 466 584 virtus,
490 536 598 575 nihil
625 538 711 574 erat
737 548 901 576 necesse
929 536 1098 575 aliunde
1126 539 1260 587 petere
1286 536 1395 587 quod
1422 536 1501 574 tibi
1528 536 1641 575 domi
1664 538 1737 578 est.

144 603 214 654 qui
232 603 292 643 sic
311 603 506 642 litteratis
524 603 638 643 faues
664 606 710 642 vt
734 603 792 642 sis
817 602 926 641 inter
950 602 1158 642 litteratos
1185 602 1528 641 litteratissimus.
1589 602 1623 640 Ο
1646 615 1740 641 vere

144 682 343 720 magnum
372 671 416 708 et
443 683 569 720 regno
597 669 771 719 dignum
799 669 1018 708 animum!
1060 669 1094 708 Ο
1122 669 1283 707 felicem
1315 669 1498 707 Galliam
1526 681 1650 720 quam
1677 671 1739 708 tot

142 735 279 774 modis
307 735 525 774 nobilitas!
568 734 732 773 felicem
761 734 1013 782 Insubriam,
1045 734 1111 773 cui
1139 737 1187 773 tu
1216 735 1333 772 iuxta
1366 733 1739 773 celebratissimum

142 799 333 838 Platonis
358 799 541 850 elogium
567 798 693 838 simul
716 801 757 837 et
784 798 1069 849 magistratum
1096 799 1264 838 exhibes
1289 801 1331 838 et
1350 799 1656 849 philosophum,
1681 799 1738 838 sic
1757 808 1798 839 90

143 865 442 916 rempublicam
461 865 757 905 administrans
776 866 823 903 vt
842 864 1014 903 interim
1034 866 1272 904 studiorum
1295 865 1486 904 omnium
1506 865 1738 904 antistitem

142 932 261 981 agas!

197 995 305 1045 Quid
326 996 473 1035 multis
501 1008 632 1046 agam,
655 995 917 1034 ornatissime
944 995 1121 1034 Grolieri
1137 997 1157 1033 Ῥ
1213 996 1348 1035 Fateri
1374 996 1512 1046 pudet,
1537 997 1738 1034 ettamen

143 1062 264 1101 silere
282 1076 368 1102 non
386 1075 569 1114 possum.
630 1061 843 1101 Gestiebat
868 1061 978 1099 inter
996 1061 1094 1099 haec
1113 1061 1290 1110 animus,
1315 1074 1508 1112 magnam
1527 1061 1738 1100 felicitatis

141 1127 418 1167 accessionem
438 1128 517 1166 sibi
535 1126 746 1177 pollicens,
769 1126 805 1164 si
825 1125 1080 1177 contingeret
1101 1127 1275 1165 Erasmo
1294 1127 1404 1166 inter
1421 1128 1588 1165 tuarum
1606 1127 1738 1165 virtu·
1755 1139 1794 1170 95

143 1196 234 1233 tum
254 1208 472 1245 praecones
490 1193 672 1233 asscribi.
732 1193 788 1231 Et
806 1192 1013 1232 arridebat
1033 1193 1132 1232 haec
1151 1193 1349 1243 cogitanti
1368 1192 1520 1231 blanda
1536 1194 1738 1242 quaedam

141 1272 244 1310 speS,
280 1273 331 1299 ex
360 1259 561 1310 singulari
597 1260 670 1298 tua
699 1257 962 1296 humanitate
992 1260 1211 1308 concepta:
1252 1258 1325 1297 sed
1359 1271 1525 1296 rursum
1555 1258 1655 1296 dum
1694 1258 1738 1296 in

141 1325 283 1364 sinum
302 1338 444 1364 meum
465 1338 609 1375 expuo,
631 1325 671 1363 et
692 1322 879 1374 expendo
900 1337 1025 1373 quam
1046 1325 1098 1363 sit
1120 1324 1225 1363 mihi
1245 1324 1358 1363 domi
1378 1326 1495 1363 curta
1510 1324 1733 1374 suppellex,

145 1392 154 1409 ⁴
169 1390 204 1428 Ο
235 1390 497 1440 improbum’
527 1390 708 1441 inquam,
747 1390 756 1407 ‘
771 1388 1009 1428 somnium!
1052 1389 1160 1438 Quid
1199 1389 1356 1429 habent
1394 1392 1556 1429 nostrae
1595 1390 1736 1428 Musae

141 1455 362 1507 plusquam
382 1457 550 1496 Caricae
577 1454 768 1495 Grolierii
787 1454 919 1504 gloria
943 1455 1152 1505 dignum?
1209 1458 1265 1494 Οὐ
1284 1457 1421 1496 παντὸς
1440 1455 1569 1506 ἅνδρὸς
1589 1455 1735 1494 Iouem
1760 1472 1818 1493 100

140 1522 358 1572 effingere?
421 1523 579 1561 Verum
608 1522 691 1560 iam
720 1533 824 1571 pene
850 1521 1124 1572 despondenti
1149 1523 1338 1562 animum
1366 1523 1520 1562 Caluus
1548 1523 1736 1561 animum

140 1587 344 1628 reddidit:
373 1588 557 1638 primum
583 1587 777 1627 omnibus
799 1586 1015 1626 rhetorum
1038 1586 1140 1627 locis
1158 1602 1407 1639 exaggerans
1430 1591 1547 1628 tuam
1566 1588 1737 1627 incredi-

140 1652 266 1692 bilem
285 1654 330 1693 in
348 1654 556 1693 studiosos
575 1653 734 1692 omneis
752 1652 1069 1700 humanitatem,
1093 1654 1241 1693 deinde
1260 1667 1513 1704 propensum
1527 1654 1737 1705 quoddam

140 1731 186 1757 ac
211 1719 416 1770 peculiare
450 1719 634 1758 studium
663 1731 759 1767 erga
786 1731 929 1757 meum
957 1717 1172 1768 ingenium
1207 1733 1403 1770 meosque
1432 1719 1737 1770 qualescunque

139 1784 314 1824 libellos.
373 1785 502 1825 Cuius
534 1785 593 1823 rei
624 1797 720 1823 cum
753 1797 826 1833 per
859 1784 1001 1823 omnia
1033 1798 1147 1823 sacra
1178 1786 1367 1824 deierans
1399 1787 1562 1825 fecisset
1597 1786 1734 1831 fidem,
1760 1799 1817 1831 105

141 1849 275 1899 coepit
302 1863 446 1900 vrgere
475 1850 600 1888 homo
632 1849 964 1888 violentissimus
989 1852 1036 1888 vt
1066 1852 1107 1888 te
1136 1850 1204 1889 vel
1235 1851 1425 1901 epistolio
1456 1863 1733 1901 prouocarem.

143 1914 248 1953 Mihi
274 1928 372 1953 vero
406 1915 574 1964 quiduis
601 1915 744 1964 potius
772 1915 911 1953 visum
939 1917 1002 1954 est
1031 1929 1155 1966 quam
1190 1916 1448 1955 committere
1476 1919 1525 1954 vt
1552 1915 1737 1954 hominis

141 1978 476 2029 incomparabilis
505 1979 734 2018 amiciciam
762 1979 962 2030 neglectis
990 1981 1384 2031 extemporariisque
1414 1981 1549 2019 literis
1577 1980 1739 2019 viderer

141 2044 387 2094 auspicatus.
448 2044 555 2093 Quid
593 2045 706 2083 enim
741 2046 832 2083 tum
865 2044 977 2083 aliud
1011 2047 1235 2096 poteram?
1277 2061 1300 2085 a
1335 2046 1556 2085 Flandrico
1589 2045 1737 2083 itinere

185 2142 238 2171 82.
262 2141 432 2172 Nostrum
447 2143 585 2181 agimus
609 2165 617 2173 .
645 2164 653 2172 .
678 2165 685 2172 .
712 2142 764 2179 87.
791 2141 1077 2173 litteratissimus
1094 2146 1139 2178 βε
1165 2142 1210 2172 Et
1226 2144 1349 2173 tamen
1366 2143 1590 2173 eruditorum
1607 2142 1734 2174 literis.

143 2186 274 2224 quibus
296 2187 337 2216 tu
361 2186 398 2216 et
417 2185 531 2216 vitam
555 2185 694 2215 confers
717 2188 752 2214 et
776 2185 903 2226 lucem,
923 2186 973 2216 ita
995 2185 1127 2224 gaudes
1151 2186 1332 2225 celebrari,
1353 2187 1455 2224 quasi
1480 2186 1553 2216 illis
1577 2185 1736 2216 nominis

142 2228 389 2259 celebritatem
413 2230 448 2260 et
472 2229 655 2258 aeternam
684 2227 778 2267 apud
805 2231 963 2267 posteros
991 2229 1201 2259 memoriam
1230 2231 1410 2268 acceptam
1439 2230 1531 2260 ferre
1558 2229 1679 2268 cupias
1707 2242 1734 2260 α.

142 2272 195 2303 88.
222 2272 376 2302 Galliam
401 2295 408 2303 .
435 2295 442 2302 .
470 2295 478 2304 .
501 2272 553 2310 89.
581 2271 787 2302 Insubriam
805 2275 849 2307 fi:
872 2281 982 2311 remp.
999 2285 1028 2304 α.
1192 2273 1244 2310 89.
1270 2272 1589 2303 celebratissimum
1606 2275 1681 2304 add.
1700 2276 1733 2308 β.

143 2325 195 2354 90.
231 2316 338 2346 simul
364 2313 417 2346 a2:
450 2314 560 2345 semel
585 2313 628 2346 αἲ.
762 2315 813 2345 sio
840 2338 848 2346 .
881 2339 888 2346 .
917 2338 925 2345 .
955 2324 1006 2354 92.
1037 2325 1117 2355 agas
1144 2318 1220 2346 add.
1248 2319 1271 2352 β
1300 2325 1367 2355 &91-
1399 2316 1658 2346 administrans
1685 2318 1735 2346 D:

142 2358 409 2389 administraris
426 2361 474 2395 β»,
619 2367 673 2397 93.
699 2367 800 2397 agam
815 2361 888 2389 add.
910 2362 944 2395 β.
1084 2367 1136 2397 95.
1166 2359 1313 2389 Erasmo
1330 2361 1406 2390 acld.
1423 2363 1463 2396 B:
1489 2359 1679 2390 Erasmum
1695 2362 1734 2390 D.

142 2412 195 2441 97.
220 2402 396 2442 singulari
412 2404 484 2432 add.
502 2405 534 2438 β.
699 2402 753 2440 98.
778 2403 813 2432 et
831 2402 996 2441 expendo
1013 2425 1020 2432 .
1039 2425 1048 2433 .
1068 2427 1075 2433 .
1093 2402 1277 2442 suppellex
1294 2405 1368 2433 add.
1387 2406 1420 2440 β.
1591 2412 1644 2442 99.
1668 2403 1733 2433 im-

142 2447 294 2485 probum
326 2446 475 2484 inquam
506 2444 688 2476 somnium
719 2448 768 2481 βε
803 2454 860 2476 me
892 2445 1095 2486 improbum
1126 2447 1276 2485 inquam
1309 2459 1338 2477 α.
1517 2448 1658 2477 nostrae
1690 2450 1734 2483 βε

142 2491 224 2520 tuae
248 2503 276 2520 α.
368 2498 439 2520 100.
465 2487 656 2528 plusquam
675 2491 696 2524 β
713 2499 720 2518 :
743 2497 824 2519 vere
840 2502 868 2520 α..
982 2488 1105 2519 Iouem
1123 2489 1286 2529 effingere
1302 2492 1376 2520 add.
1395 2493 1428 2526 β.
1545 2498 1615 2520 101.
1641 2489 1733 2520 mihi

140 2537 210 2569 post
234 2532 368 2563 Caluus
391 2542 434 2563 a:
466 2542 523 2563 om.
550 2536 583 2568 β.
821 2532 985 2563 animum
1014 2537 1082 2569 post
1112 2533 1269 2564 reddidit
1292 2535 1366 2563 add.
1394 2532 1426 2564 α2
1446 2544 1453 2564 :
1484 2534 1596 2564 deleuit
1617 2537 1644 2564 et
1665 2537 1736 2563 ante

149 2575 306 2606 reddidit
321 2578 445 2612 scripsit
463 2579 496 2612 β.
658 2584 727 2606 102.
754 2577 852 2606 tuam
871 2577 953 2607 aLB
969 2586 977 2606 ε
1009 2578 1087 2607 tum
1104 2579 1201 2608 Lond.
1362 2586 1431 2616 103.
1456 2585 1674 2617 propensum
1691 2580 1713 2613 β
1728 2587 1735 2606 :

143 2619 460 2659 propensissimum
486 2633 514 2651 α..
688 2627 759 2656 104.
793 2629 832 2650 ac
856 2619 1035 2659 peculiare
1058 2622 1133 2651 add.
1152 2624 1185 2656 β.
1318 2620 1584 2659 qualescunque
1607 2622 1681 2650 add.
1699 2623 1732 2655 β.

147 2663 218 2693 106.
242 2671 472 2703 prouocarem
490 2666 534 2699 fi:
562 2661 770 2693 lacesserem
788 2676 816 2695 α.
995 2672 1066 2701 107.
1092 2664 1238 2702 quiduis
1254 2664 1374 2703 potius
1390 2667 1412 2700 β
1428 2674 1435 2693 :
1463 2672 1689 2702 nequaquam
1706 2676 1733 2694 α.

143 2715 251 2744 quam
277 2728 285 2736 .
311 2728 319 2737 .
346 2729 353 2736 .
380 2706 452 2737 108.
476 2705 769 2745 incomparabilis
785 2710 831 2742 βε
854 2707 927 2737 tam
944 2707 1069 2737 eximii
1088 2706 1280 2737 Mecenatis
1296 2721 1324 2738 α.
1499 2706 1569 2737 108.
1594 2705 1736 2736 viderer

143 2749 348 2788 auspicatus
366 2753 409 2786 βε
434 2749 611 2789 auspicari
628 2762 656 2781 α.

190 2857 261 2879 100.
286 2848 444 2889 Caricae]
462 2848 514 2879 Cf.
531 2849 636 2886 Δάας.
653 2857 716 2887 779
731 2859 739 2878 ε
766 2848 825 2879 ‘de
843 2871 850 2879 .
872 2874 878 2881 .
897 2873 904 2879 .
974 2850 1010 2879 at
1021 2848 1155 2889 Bruges
1168 2848 1272 2888 (Epp.
1286 2848 1419 2888 789,90)
1435 2858 1442 2885 ;
1458 2847 1521 2878 but
1535 2857 1580 2878 on
1597 2856 1617 2886 5
1631 2848 1734 2887 April

145 2892 281 2922 rustica
317 2894 423 2930 atque
462 2890 607 2922 indocta
649 2901 712 2923 seu
754 2892 905 2923 molesta
976 2892 1020 2922 he
1034 2891 1106 2922 had
1117 2893 1182 2922 not
1192 2893 1251 2931 yet
1263 2901 1352 2932 gone
1364 2892 1443 2931 (Ep.
1457 2890 1530 2930 809.
1545 2894 1630 2931 171).
1661 2891 1735 2922 The

145 2936 312 2966 cantione
327 2935 399 2965 dici
416 2933 587 2965 solitum.'
974 2937 1061 2966 visit
1089 2937 1185 2966 must
1216 2935 1305 2966 have
1337 2935 1423 2965 been
1461 2934 1545 2974 paid
1576 2935 1734 2965 between

190 2988 262 3017 109.
287 2977 474 3009 Flandrico
490 2977 636 3019 itinere]
655 2978 700 3009 In
713 2978 794 3010 Feb.
806 2978 907 3010 Eras-
978 2988 1082 3018 17-22
1109 2978 1234 3018 April;
1257 2978 1329 3009 and
1359 2988 1396 3009 as
1419 2979 1449 3008 it
1478 2987 1551 3009 was
1580 2979 1643 3009 not
1677 2978 1736 3009 till

144 3021 907 3062 mushadbeenproposingtovisitLaurinus
978 3031 1058 3062 1521
1076 3022 1157 3054 that
1174 3022 1220 3053 he
1236 3022 1339 3053 made
1356 3031 1417 3052 use
1435 3021 1472 3052 of
1491 3021 1555 3052 the
1579 3021 1675 3052 MSS.
1700 3024 1735 3052 at
