2034 3433
154 171 251 226 694]
503 173 573 212 ΤΟ
609 172 944 214 WILLIBALD
981 173 1391 214 PIRCKHEIMER
1667 178 1742 216 117

152 277 354 316 ditionem
389 277 568 316 oblatam
605 290 680 315 nec
714 278 934 317 reiicerem.
994 278 1077 317 Hic
1114 279 1211 316 licet
1248 277 1430 316 maximo
1468 292 1562 318 meo
1600 284 1740 318 sumtu

152 343 304 388 viuam,
324 345 462 381 tamen
478 344 639 380 certum
654 345 717 381 est
732 356 896 382 menses
910 343 1067 394 aliquot
1087 342 1281 390 desidere,
1300 343 1453 392 partim
1467 346 1513 383 vt
1527 345 1740 384 absoluam

153 408 261 457 quod
281 410 343 446 est
368 408 414 446 in
439 407 641 455 manibus,
666 408 818 457 partim
841 411 888 448 vt
916 409 1081 447 videam
1106 420 1304 458 quorsum
1330 421 1522 448 euasurae
1545 410 1630 448 sint
1650 423 1742 460 spes

152 473 432 522 amplissimae
472 485 571 522 quas
610 472 820 523 Principis
857 475 1028 512 nomine
1061 473 1168 512 mihi
1196 473 1407 512 discedens
1434 474 1533 513 hinc
1562 476 1742 514 ostendit
1764 492 1799 521 15

152 537 432 576 Cancellarius
465 537 743 587 Burgundiae,
782 538 959 578 Ioannes
989 538 1221 589 SyluagiUS,
1254 538 1319 577 vir
1348 540 1394 577 vt
1424 539 1740 587 eruditissimus,

153 602 211 641 ita
247 602 529 641 litteratorum
568 603 757 641 omnium
796 606 1004 654 patronus.
1075 603 1243 642 Nouum
1282 603 1596 643 Testamentum
1635 606 1742 656 quod

152 666 315 716 pridem
345 667 534 706 Basileae
562 667 877 717 praecipitatum
909 669 990 707 fuit
1019 668 1156 706 verius
1185 681 1307 718 quam
1336 669 1506 718 editum,
1533 672 1669 709 retexo
1698 683 1743 708 ac

153 731 312 781 recudo,
350 734 391 770 et
424 732 484 771 ita
512 732 664 771 recudo
696 735 743 771 vt
776 733 889 772 aliud
921 747 1023 783 opus
1055 733 1109 772 sit
1141 733 1339 772 futurum.
1399 734 1660 783 Absoluetur,
1698 737 1743 773 vt

152 809 279 846 spero,
302 797 410 835 inter
430 799 605 847 quatuor
622 811 796 837 menses,
1762 817 1802 838 20

205 861 445 912 Perplacuit
477 864 574 901 tuus
608 862 787 911 libellus,
818 866 864 901 vt
896 863 970 901 illa
1002 866 1090 901 tam
1123 863 1252 902 amica
1282 863 1502 902 Reuchlini
1535 864 1740 913 Defensio,

151 927 198 965 in
228 940 309 976 qua
336 927 443 965 mihi
471 927 613 966 videre
640 928 764 966 solito
792 927 1026 966 facundior:
1057 927 1175 966 credo
1205 928 1325 977 quod,
1346 929 1394 967 vt
1417 929 1571 968 Fabius
1593 929 1739 981 inquit,

152 994 292 1041 pectus
319 1006 483 1043 quoque
508 995 549 1031 te
574 993 797 1031 reddiderit
823 993 1094 1043 eloquentem,
1124 1006 1207 1031 non
1236 995 1400 1032 tantum
1428 994 1642 1044 ingenium
1671 997 1743 1034 aut

151 1057 340 1097 eruditio.
399 1058 478 1097 Sed
508 1071 583 1108 ego
613 1058 720 1097 nihil
749 1060 849 1108 puto
878 1058 1157 1097 calamitosius
1187 1071 1310 1108 quam
1344 1072 1588 1109 quocunque
1620 1059 1742 1098 modo

150 1122 331 1162 bellare:
361 1125 454 1162 tum
477 1125 616 1162 autem
636 1122 742 1162 nihil
764 1136 852 1162 esse
876 1123 1154 1162 calamitosius
1180 1136 1304 1172 quam
1324 1123 1360 1161 si
1380 1137 1445 1162 res
1472 1125 1627 1162 incidat
1647 1138 1741 1163 cum
1762 1143 1777 1163 2
1784 1144 1800 1174 5

152 1187 270 1226 hoste
302 1188 465 1226 sordido
499 1201 545 1227 ac
575 1188 779 1237 pudendo.
854 1189 962 1226 Nam
993 1202 1088 1227 cum
1128 1189 1278 1237 quibus
1316 1188 1482 1227 tandem
1514 1191 1577 1227 est
1608 1189 1742 1228 confli-

150 1252 348 1291 ctandum
361 1252 618 1291 Reuchlino‘?
660 1253 765 1292 Cum
781 1254 932 1303 populo
949 1253 1209 1301 crabronum,
1226 1267 1350 1303 quem
1365 1255 1408 1291 et
1426 1254 1512 1303 ipse
1529 1254 1743 1293 Romanus

151 1318 346 1356 Pontifex
365 1319 555 1357 vereatur
574 1330 795 1368 prouocare
812 1333 822 1366 ;
850 1318 949 1356 adeo
973 1320 1018 1356 vt
1037 1318 1275 1356 Alexander
1294 1318 1443 1356 solitus
1461 1319 1518 1356 sit
1547 1319 1679 1357 dicere
1699 1332 1741 1357 se

150 1383 284 1421 tutius
304 1383 383 1421 sibi
402 1385 547 1433 putare
568 1383 795 1433 quemlibet
815 1397 837 1422 e
856 1384 1035 1422 summis
1054 1383 1220 1433 regibus
1243 1382 1448 1421 offendere
1467 1397 1591 1433 quam
1611 1397 1740 1422 vnum

150 1448 341 1498 quemuis
371 1461 393 1487 e
422 1448 618 1498 gregibus
645 1449 822 1487 istorum
851 1448 1146 1496 mendicorum,
1176 1447 1248 1498 qui
1277 1448 1353 1486 sub
1382 1448 1530 1487 abiecti
1557 1449 1741 1488 nominis
1761 1463 1801 1493 30

148 1515 365 1563 praetextu
402 1527 545 1552 veram
582 1514 626 1552 in
668 1514 809 1552 orbem
854 1514 1138 1553 Christianum
1184 1515 1420 1551 exercerent
1461 1513 1736 1562 tyrannidem.

148 1578 328 1617 Etiamsi
353 1579 432 1617 hoc
460 1579 570 1629 quod
595 1592 820 1629 paucorum
850 1579 951 1617 vitio
976 1577 1264 1626 committitur,
1289 1591 1374 1616 non
1398 1578 1546 1627 opinor
1563 1592 1740 1628 aequum

147 1643 192 1682 in
211 1643 398 1682 ordinem
417 1645 662 1682 vniuersum
681 1645 876 1683 conferre.

200 1708 362 1747 Deinde
383 1708 489 1757 vide,
514 1722 677 1759 quaeso,
700 1722 882 1759 quonam
911 1721 1064 1758 organo
1092 1710 1264 1746 vtantur
1290 1708 1360 1746 isti
1382 1721 1501 1746 verae
1526 1708 1741 1758 religionis

147 1773 470 1824 haudquaquam
498 1774 587 1813 veri
615 1775 888 1823 professores:
917 1773 1085 1812 homine
1115 1786 1282 1822 prorsus
1311 1773 1448 1821 idiota,
1477 1773 1628 1812 frontis
1656 1787 1741 1823 per·
1759 1788 1796 1818 35

146 1838 300 1887 frictae,
324 1841 367 1878 et
387 1839 437 1877 de
456 1853 538 1889 quo
553 1839 780 1889 †peccando
793 1838 958 1877 nullum
972 1838 1142 1876 omnino
1159 1838 1458 1876 detrimentum
1478 1838 1568 1877 fieri
1587 1838 1739 1888 possit;

147 1904 212 1942 eui
241 1917 325 1942 non
353 1906 461 1942 esset
486 1904 803 1954 impingendum
833 1903 1075 1942 semiiudaei
1103 1903 1362 1950 vocabulum,
1395 1903 1477 1941 nisi
1506 1903 1624 1941 factis
1651 1917 1740 1942 sese

148 1968 371 2007 declararet
399 1968 742 2018 sesquiiudaeum.
801 1969 918 2017 Quod
951 1968 1063 2007 aliud
1098 1969 1428 2006 instrumentum
1467 1970 1625 2018 optaret
1658 1968 1739 2006 sibi

150 2032 349 2081 diabolus,
387 2034 645 2072 Christianae
682 2034 898 2083 religionis
936 2036 1126 2072 aeternus
1163 2033 1304 2080 hostis,
1343 2046 1466 2082 quam
1500 2033 1739 2071 istiusmodi

147 2098 343 2147 angelum
382 2098 556 2136 Satanae
592 2099 936 2148 transfiguratum
973 2098 1019 2136 in
1056 2098 1247 2148 angelum
1288 2098 1401 2144 lucis,
1441 2099 1481 2136 et
1516 2097 1738 2137 falsissimo
1757 2108 1797 2138 40

148 2161 427 2200 defendendae
455 2162 668 2213 religionis
696 2165 908 2213 praetextu
931 2162 974 2200 id
1001 2163 1151 2211 vbique
1179 2162 1420 2200 turbantem
1444 2163 1552 2212 quod
1572 2165 1737 2201 nostrae

148 2227 360 2277 religionis
378 2230 419 2265 et
441 2230 562 2277 caput
581 2229 643 2266 est
662 2230 702 2265 et
726 2228 944 2278 optimum,
968 2241 1116 2277 nempe
1139 2227 1349 2276 publicam
1376 2227 1485 2266 orbis
1511 2227 1737 2266 Christiani

147 2291 405 2330 concordiam
418 2293 438 2330 ‘?
495 2291 602 2340 Quid
621 2292 833 2342 indignius
853 2306 977 2342 quam
996 2293 1107 2331 viros
1125 2291 1355 2330 immortali
1374 2293 1573 2330 memoria
1591 2292 1737 2342 dignos

147 2370 243 2395 cum
264 2356 503 2396 istiusmodi
531 2359 724 2407 portento
748 2357 997 2406 digladiari?
1025 2357 1142 2395 cuius
1172 2369 1245 2407 ego
1269 2356 1354 2395 solo
1380 2357 1552 2395 nomine
1575 2357 1737 2397 chartas

146 2421 279 2472 pollui
312 2423 423 2471 puto.
485 2421 727 2471 Dispeream
761 2421 843 2460 nisi
872 2421 944 2459 ille
976 2434 1018 2458 se
1052 2434 1136 2460 non
1169 2421 1250 2459 alio
1284 2421 1455 2459 consilio
1488 2422 1735 2472 tingendum
1753 2429 1792 2459 45

147 2499 254 2536 aqua
290 2487 462 2534 curauit,
494 2486 580 2525 nisi
613 2489 659 2525 vt
691 2486 846 2524 maiore
883 2486 1064 2535 pernicie
1095 2488 1347 2536 grassaretur
1382 2486 1428 2524 in
1466 2487 1731 2536 Christianos,

147 2554 190 2589 et
208 2551 330 2590 nobis
348 2552 560 2590 admixtus
580 2551 823 2590 vniuersum
852 2551 1052 2601 populum
1072 2564 1145 2589 suo
1164 2550 1332 2589 Iudaico
1357 2564 1515 2589 veneno
1535 2552 1732 2590 inficeret.

148 2616 255 2664 Quid
288 2616 401 2655 enim
427 2617 585 2655 laedere
612 2618 782 2666 poterat,
815 2616 851 2654 si
878 2615 1066 2663 Iudaeus,
1098 2618 1144 2654 vt
1172 2617 1270 2662 erat,
1304 2616 1559 2655 mansisset?
1614 2617 1735 2656 Nunc

149 2681 319 2719 demum
334 2695 479 2720 verum
494 2681 580 2731 agit
594 2681 807 2730 Iudaeum,
822 2683 1090 2731 posteaquam
1105 2680 1330 2719 Christiani
1342 2693 1560 2729 personam
1576 2681 1735 2729 induit3

147 2759 257 2784 nunc
294 2759 367 2784 suo
406 2746 626 2796 respondet
663 2746 814 2797 generi.
874 2746 948 2784 Illi
985 2745 1197 2785 Christum
1236 2747 1334 2783 sunt
1372 2745 1622 2794 calumniati,
1663 2747 1733 2785 sed
1752 2759 1794 2790 50

190 2841 242 2869 27.
276 2830 477 2862 Reuchlino
498 2834 610 2869 scripsi
627 2843 634 2863 ι
669 2831 867 2862 Reuchline
892 2834 926 2863 Ρ.
1157 2832 1208 2869 36.
1239 2831 1416 2871 peccando
1438 2834 1490 2862 P:
1522 2833 1538 2862 ⁸?
1561 2832 1733 2865 fricando.

146 2885 199 2911 40.
224 2874 417 2905 falsissimo
433 2874 680 2906 defendendae
695 2879 818 2913 scripsi,
836 2878 872 2912 cs.
893 2877 950 2912 Ep.
971 2884 1041 2913 701.
1060 2884 1097 2904 21
1113 2886 1119 2905 :
1144 2874 1337 2905 falsissima
1352 2874 1577 2906 defendenda
1592 2878 1627 2908 P.

194 2977 240 3004 14.
268 2965 363 3006 spes]
388 2965 440 2997 Cf.
465 2966 528 3005 Ep.
555 2967 630 2997 608.
660 2977 751 3006 17-9.
1015 2976 1066 3005 34.
1080 2966 1225 3007 organo]
1238 2966 1458 2998 Pfefferkorn
1470 2978 1477 3005 ;
1488 2966 1550 3006 Ep.
1561 2968 1729 3006 487.20n.

191 3021 241 3042 22.
269 3009 416 3050 Fabius]
432 3011 510 3040 Inst.
531 3019 581 3041 10.
600 3019 628 3048 7.
652 3020 700 3049 ¹5-
1016 3021 1067 3048 40.
1081 3009 1393 3051 transfiguratum]
1405 3010 1485 3042 cf.2
1498 3010 1573 3042 Cor.
1588 3020 1636 3041 11.
1649 3020 1732 3049 13,4.
