2034 3433
266 183 347 220 542
733 183 987 222 LETTERS
1027 184 1098 222 OF
1137 184 1404 223 ERASMUS
1746 182 1874 236 [1519

265 288 437 327 vitiatus
464 290 526 326 est
555 287 693 326 affiatu
729 288 912 326 Saturni.
974 287 1157 327 Proinde
1190 289 1352 327 malum
1379 289 1458 327 hoc
1486 288 1755 338 potissimum
1781 289 1878 328 illos

267 353 424 392 afficere
453 352 523 403 qui
552 352 756 391 Mercurio
795 353 1005 401 subsunt3
1045 354 1155 391 inter
1188 367 1292 403 quos
1326 353 1549 391 nominant
1581 353 1876 393 Louanienses.

267 418 483 471 Siquidem
496 418 595 455 haec
608 417 828 466 academia,
841 417 885 455 in
900 431 981 467 qua
995 417 1340 469 tranquillissime
1353 418 1489 456 solent
1501 418 1649 457 florere
1660 418 1879 458 literarum

267 482 415 530 studia,
437 482 557 521 miris
575 483 830 521 tumultibus
849 483 1005 533 agitata
1024 485 1096 531 est,
1118 485 1165 523 vt
1185 497 1260 533 ego
1281 486 1390 522 certe
1410 484 1519 522 nihil
1537 496 1725 534 vnquam
1743 483 1880 523 simile

211 561 249 592 25
267 547 446 588 viderim
484 548 529 586 in
566 548 662 586 vita.
725 549 912 587 Dixisses
950 550 1063 588 Aten
1103 550 1346 599 quampiam
1386 550 1553 589 turbare
1595 550 1879 589 studiosorum

267 613 494 664 negotium.

323 679 543 718 Caeterum
563 679 663 728 quid
686 679 877 717 diuinent
897 679 1109 730 astrologi,
1125 680 1207 730 ipsi
1226 680 1422 720 viderint.
1483 681 1582 730 Ego,
1598 681 1633 719 si
1653 682 1753 731 quid
1774 680 1882 719 mihi

268 745 380 784 naris
410 746 484 794 est,
516 744 694 783 arbitror
727 758 814 783 rem
844 759 868 784 a
897 746 1126 784 coniuratis
1155 759 1202 784 ac
1231 746 1395 784 deuotis
1424 758 1474 784 ex
1503 747 1730 796 composito
1764 745 1882 797 geri:

267 811 369 849 adeo
390 824 463 849 ceu
484 810 580 849 dato
600 810 718 859 signo
739 810 967 849 clamatum
983 813 1046 850 est
1061 812 1216 862 vbique
1231 811 1423 860 gentium
1440 811 1485 849 in
1501 810 1667 861 linguas
1685 825 1732 850 ac
1751 812 1883 851 bonas

210 888 250 918 30
268 877 420 916 literas.
479 876 805 926 Conglomerant
838 890 881 915 se
914 876 1152 927 phalanges,
1185 891 1266 926 quo
1295 877 1362 915 vel
1395 889 1571 915 numero
1605 877 1882 916 defendantur

268 943 469 981 aduersus
499 955 665 991 paucos
728 941 979 981 Partiuntur
1012 955 1155 992 operas
1190 943 1302 980 inter
1331 955 1384 990 se,
1415 944 1462 980 vt
1497 941 1571 980 alii
1601 942 1808 981 blaterent
1837 942 1882 981 in

270 1008 475 1047 conuiuiis
505 1010 546 1046 et
574 1007 871 1056 conciliabulis,
895 1008 968 1047 alii
996 1009 1106 1058 apud
1135 1009 1376 1058 imperitam
1402 1008 1569 1057 plebem
1589 1009 1880 1057 vociferentur,

270 1074 336 1112 cui
355 1076 567 1123 imponere
586 1073 832 1111 facillimum
853 1076 936 1119 est;
965 1074 1037 1112 alii
1053 1074 1270 1123 disputent
1282 1075 1327 1112 in
1342 1074 1506 1122 scholis,
1521 1074 1594 1112 alii
1613 1073 1884 1124 magnatibus

270 1152 395 1178 suum
429 1139 545 1177 virus
581 1139 791 1177 instillent
831 1140 877 1177 in
915 1153 1070 1178 aurem.
1128 1140 1238 1178 Sunt
1271 1142 1313 1178 et
1351 1140 1423 1190 qui
1461 1139 1591 1178 libros
1631 1140 1879 1190 scriptitent,

211 1215 250 1247 35
270 1203 516 1255 praesertim
559 1204 767 1249 Coloniae,
807 1218 910 1254 quae
952 1205 1093 1243 schola
1134 1205 1280 1244 habuit
1319 1218 1483 1254 semper
1529 1205 1884 1254 pertinacissimos

270 1271 477 1309 malarum
508 1269 724 1308 literarum
750 1273 1089 1320 propugnatores.
1149 1270 1266 1309 Exiit
1289 1284 1421 1320 nuper
1445 1271 1490 1309 in
1519 1271 1674 1320 vulgus
1702 1273 1745 1309 et
1773 1270 1883 1321 apud

271 1349 348 1375 nos
368 1336 555 1386 dialogus
574 1335 714 1373 lacobi
730 1336 897 1374 Latomi
916 1336 1111 1386 theologi,
1126 1336 1207 1375 viri
1223 1336 1385 1386 pridem
1404 1349 1480 1374 nec
1499 1336 1728 1375 admodum
1747 1336 1885 1386 iniqui

271 1401 517 1440 melioribus
544 1401 687 1449 literis,
710 1403 753 1439 et
780 1401 905 1440 amici
931 1402 1034 1441 satis
1061 1402 1252 1441 candidi:
1284 1416 1361 1440 nec
1391 1402 1493 1440 satis
1521 1401 1749 1441 coniectare
1778 1415 1884 1452 queo

272 1481 376 1517 quae
405 1480 470 1505 res
498 1466 682 1504 hominis
710 1466 929 1514 ingenium
958 1467 1098 1506 subito
1127 1467 1313 1506 verterit.
1371 1469 1481 1507 Sunt
1514 1467 1585 1518 qui
1619 1467 1885 1518 suspicentur

211 1543 254 1575 4³
271 1533 425 1571 bonam
463 1535 623 1582 partem
661 1532 811 1581 prioris
847 1532 947 1571 libri
986 1533 1220 1582 oppositam
1252 1533 1430 1571 orationi
1464 1535 1559 1571 tuae
1597 1546 1679 1583 qua
1715 1532 1884 1582 linguas

270 1598 483 1648 praedicas
500 1612 509 1645 ;
533 1597 603 1635 sed
624 1597 760 1634 multo
779 1598 1007 1636 maximam
1027 1601 1187 1647 partem
1208 1598 1375 1648 oblique
1395 1600 1551 1637 tortam
1571 1598 1616 1636 in
1636 1611 1716 1638 me.
1777 1597 1883 1637 Eam

271 1663 547 1714 suspitionem
585 1677 608 1701 a
646 1676 713 1700 me
751 1663 892 1712 depuli
926 1664 1067 1702 libello
1100 1664 1217 1702 bidui
1250 1664 1388 1702 labore
1421 1665 1552 1702 effuso
1583 1664 1720 1702 verius
1755 1676 1883 1714 quam

271 1728 424 1779 scripto
443 1743 451 1776 3
481 1728 645 1779 pigebat
665 1728 778 1766 enim
802 1729 846 1766 in
867 1729 1109 1767 huiusmodi
1134 1729 1271 1768 neniis
1294 1729 1479 1767 multum
1502 1742 1649 1779 operae
1668 1729 1881 1768 collocare.

272 1794 358 1833 Nec
396 1794 472 1832 tibi
509 1807 604 1832 sum
642 1794 810 1832 futurus
847 1796 967 1832 autor
1005 1796 1051 1832 vt
1088 1794 1252 1833 homini
1289 1794 1567 1844 respondeas3
1606 1797 1677 1834 aut
1711 1793 1748 1833 si
1782 1794 1882 1844 quid

211 1871 251 1901 45
271 1860 507 1910 respondes,
530 1860 789 1910 argumentis
817 1873 906 1898 rem
936 1861 1077 1909 potius
1105 1873 1201 1909 agas
1230 1873 1355 1909 quam
1389 1859 1608 1899 conuitiis:
1638 1859 1883 1910 praesertim

271 1939 368 1965 cum
397 1926 470 1964 ille
502 1925 744 1975 temperarit
774 1939 798 1964 a
829 1925 1083 1974 nominibus,
1112 1939 1187 1964 nec
1221 1926 1449 1965 admodum
1479 1925 1688 1964 virulente
1717 1925 1882 1964 scribat.

273 1991 390 2040 Quod
429 1991 466 2030 si
504 1991 687 2030 maxime
725 1992 887 2039 faceret,
930 1994 1073 2029 tamen
1119 1992 1325 2030 suaserim
1372 1991 1529 2029 calamo
1576 1991 1796 2040 moderari,
1835 1993 1884 2030 vt

271 2058 492 2107 posteritas
522 2058 732 2107 intelligat
763 2071 839 2096 nos
872 2071 958 2096 non
991 2060 1157 2096 tantum
1188 2070 1310 2096 causa
1338 2070 1487 2096 verum
1519 2056 1645 2095 etiam
1680 2057 1886 2096 modestia

271 2124 400 2162 fuisse
421 2124 663 2173 superiores.

212 2198 254 2230 50
328 2189 440 2228 Olim
460 2190 575 2227 furor
599 2189 784 2227 tributus
811 2192 873 2228 est
900 2189 1035 2238 poetis
1056 2204 1065 2237 3
1095 2202 1206 2227 nunc
1226 2188 1262 2227 is
1283 2188 1449 2228 videtur
1468 2189 1519 2227 ad
1538 2202 1610 2228 eos
1630 2189 1883 2239 demigrasse

273 2268 376 2305 quos
414 2254 597 2293 maxime
644 2254 813 2293 decebat
860 2256 1102 2305 σωφροσύνη.
1163 2255 1409 2304 Quanquam
1445 2254 1631 2293 immane
1675 2257 1883 2304 quantum

272 2321 446 2359 interest
476 2320 586 2358 inter
613 2323 832 2370 poetarum
859 2324 901 2360 et
926 2321 1077 2360 horum
1102 2322 1299 2359 furorem.
1359 2319 1438 2358 Ille
1464 2319 1584 2358 nobis
1606 2322 1670 2359 tot
1695 2321 1884 2370 egregios

272 2386 402 2425 libros
439 2386 563 2435 dedit,
596 2386 646 2424 de
684 2386 808 2424 rebus
846 2387 947 2425 olim
987 2387 1127 2437 gestis,
1159 2386 1209 2425 de
1246 2386 1445 2434 moribus,
1483 2386 1533 2424 de
1571 2385 1798 2433 affectibus,
1832 2386 1884 2424 de

273 2451 504 2501 syderibus,
526 2451 574 2489 de
604 2451 764 2489 naturis
793 2452 1028 2501 herbarum,
1054 2452 1262 2500 arborum,
1287 2464 1564 2501 gemmarum,
1587 2451 1881 2500 animantium,

214 2527 254 2558 55
274 2517 322 2556 de
343 2519 427 2555 situ
448 2517 647 2556 locorum.
707 2517 774 2555 Ab
794 2517 945 2556 horum
966 2518 1103 2556 furore
1123 2520 1286 2568 praeter
1308 2516 1540 2556 virulentas
1560 2517 1631 2555 sed
1651 2517 1822 2567 frigidas
1841 2519 1884 2556 et

275 2582 450 2620 inutiles
484 2582 777 2632 sycophantias
806 2583 914 2620 nihil
945 2584 1156 2631 nascitur-3
1186 2583 1230 2621 in
1259 2583 1411 2632 quibus
1440 2582 1535 2621 istis
1569 2584 1656 2621 tota
1689 2582 1883 2621 victoriae

321 2703 373 2724 22.
398 2693 592 2723 nominant
608 2703 645 2722 a:
670 2693 865 2722 numerant
882 2694 920 2724 E.
1012 2701 1063 2730 25.
1092 2690 1387 2722 studiosoruma:
1414 2691 1618 2722 studiorum
1631 2694 1670 2722 Ε.
1761 2702 1815 2732 29.
1841 2703 1882 2723 ac

277 2748 296 2766 α
311 2748 317 2767 :
343 2737 381 2766 in
399 2739 438 2767 Ε.
552 2745 604 2774 31.
630 2745 667 2765 se
684 2747 703 2764 α
719 2746 727 2766 z
751 2745 825 2766 sese
842 2738 881 2767 E.
998 2746 1093 2775 32—4.
1120 2738 1170 2766 E:
1194 2735 1271 2765 Alii
1288 2735 1385 2775 apud
1401 2759 1409 2767 .
1429 2759 1438 2767 .
1458 2758 1467 2766 .
1485 2735 1731 2766 vociferantur
1747 2760 1754 2766 .
1771 2759 1780 2768 .
1800 2759 1808 2766 .
1825 2746 1878 2776 33.
1932 2731 1935 2734 ¹

277 2779 353 2810 Alii
382 2779 571 2819 disputant
600 2802 609 2810 .
639 2804 646 2811 .
676 2803 684 2809 .
717 2779 793 2809 Alii
821 2803 828 2810 .
858 2802 866 2810 .
899 2802 908 2810 .
938 2789 989 2817 34.
1022 2778 1210 2809 instillant
1241 2790 1271 2810 α.
1451 2789 1503 2818 34.
1537 2781 1590 2810 E:
1622 2779 1831 2819 scriptitant
1851 2791 1882 2811 α.

278 2825 334 2861 36.
357 2822 455 2854 affl:
479 2823 657 2853 malorum
674 2821 720 2853 N1
734 2825 833 2853 Lond.
969 2832 1021 2861 39.
1046 2824 1096 2853 E:
1120 2822 1348 2862 suspicantur
1363 2834 1393 2854 α.
1550 2832 1603 2862 45.
1630 2823 1823 2863 respondes
1837 2834 1857 2854 α
1873 2834 1881 2855 :

278 2867 495 2906 respondeas
511 2868 551 2896 N.
607 2888 609 2891 -
687 2875 739 2905 52.
764 2865 835 2897 Ille
851 2868 879 2896 E
895 2877 903 2896 :
927 2865 998 2897 Illa
1015 2877 1048 2898 α.

321 2973 373 3002 25.
400 2965 513 3005 Aten]
538 2964 590 2996 Cf.
615 2965 680 3005 Ep.
708 2975 783 3004 337.
815 2974 879 3004 373
897 2975 944 3005 n.,
975 2964 1047 2995 and
1161 2974 1214 3004 42.
1237 2965 1378 3005 depuli]
1395 2965 1448 2997 Cf.
1466 2965 1531 3005 Ep.
1549 2974 1624 3006 934.
1642 2975 1662 3005 3
1677 2975 1712 2997 n.

278 3017 310 3047 p.
327 3017 379 3045 93.
1204 3008 1321 3049 bidui]
1339 3009 1391 3040 Cf.
1408 3009 1472 3048 Ep.
1491 3019 1568 3048 952.
1584 3019 1636 3040 20.

322 3060 374 3089 37.
404 3050 558 3091 Latomi]
579 3051 630 3082 Cf.
649 3051 710 3091 Ep.
728 3062 803 3091 934.
823 3062 843 3091 3
855 3061 889 3083 n.
1159 3062 1212 3090 47.
1229 3051 1418 3094 suaserim]
1435 3063 1475 3085 sc.
1493 3053 1572 3084 tibi.
