2034 3433
89 235 187 288 985]
592 237 662 277 rro
697 236 943 277 JoDocus
978 234 1153 275 JONAs
1577 235 1652 274 611

88 341 398 390 benefaciamus,
413 342 449 381 si
461 341 559 392 quid
573 353 791 392 possumus
806 355 815 389 ;
835 343 876 380 et
889 341 940 380 ab
951 341 1041 380 aliis
1054 342 1125 381 alii
1137 339 1344 381 subleuari
1359 352 1411 379 ne
1425 351 1653 390 grauemur,
1677 351 1716 374 20

87 406 123 446 si
152 407 250 458 quid
278 420 457 458 egemus.
515 407 671 446 Verum
699 419 794 445 cum
821 406 956 445 variae
983 407 1070 446 sint
1094 407 1209 446 dotes
1234 405 1323 454 Dei,
1352 405 1454 444 aliae
1480 405 1526 443 in
1556 403 1658 444 alios

87 471 202 510 velut
220 472 265 510 in
283 472 466 511 eiusdem
485 471 663 521 corporis
677 471 838 510 diuersa
856 471 1039 512 membra
1058 471 1311 519 distributae,
1327 470 1372 509 in
1391 482 1482 509 eam
1500 470 1657 519 partem

86 537 166 575 erit
193 537 340 586 cuique
366 536 629 586 potissimum
662 536 988 575 incumbendum
1016 549 1096 587 qua
1123 534 1298 575 senserit
1324 548 1367 574 se
1396 534 1657 585 potissimum

85 601 179 641 vsui
211 613 298 641 esse
329 614 457 651 posse.
518 600 600 639 Nec
633 600 744 639 enim
777 600 925 640 sufficit
957 601 993 640 si
1024 601 1259 639 membrum
1289 599 1345 639 sis
1376 612 1459 638 non
1491 610 1658 648 prorsus

85 666 280 714 ociosum,
306 666 387 705 nisi
411 667 487 705 hac
510 666 642 716 prosis
665 666 822 716 corpori
848 679 929 716 qua
951 666 1130 704 maxime
1155 665 1342 715 prodesse
1366 676 1510 714 queas:
1549 676 1656 714 prae·
1675 675 1714 709 25

84 730 229 770 sertim
251 744 345 770 cum
369 730 559 781 quicquid
584 730 727 781 cuique
755 730 927 779 contigit
954 729 1171 775 facultatis,
1191 729 1236 767 in
1263 729 1340 768 hoc
1361 729 1498 778 ipsum
1521 741 1545 767 a
1570 728 1656 767 Deo

86 795 258 834 sortitus
289 795 355 845 sit,
391 798 436 835 vt
467 795 512 833 in
545 807 807 834 communem
840 794 1020 834 conferat
1056 793 1289 834 vtilitatem.
1350 793 1431 831 Nec
1463 793 1563 832 satis
1596 794 1656 832 est

83 858 331 899 talentorum
360 860 530 899 modum
558 859 796 910 expendere,
826 859 925 909 quin
948 862 990 898 et
1017 858 1163 898 talenti
1191 859 1385 908 cuiusque
1410 858 1510 896 ratio
1533 857 1657 907 quali·

84 925 226 975 tasque
261 925 341 964 erit
373 925 645 975 expendenda.
716 924 783 963 Ita
811 923 1002 963 videlicet
1033 924 1221 963 futurum
1251 926 1314 962 est
1350 925 1396 962 vt
1433 923 1548 961 diues
1585 922 1656 961 ille

84 988 289 1035 dominus,
304 990 374 1029 sed
386 992 526 1028 tamen
537 989 775 1028 huiusmodi
787 989 998 1028 lucrorum
1012 989 1286 1036 auidissimus,
1301 987 1471 1038 gaudeat
1486 988 1655 1026 domum
1673 998 1714 1030 30

83 1066 201 1093 suam
231 1054 416 1094 fidelium
449 1067 664 1093 seruorum
697 1053 832 1093 vsuris
863 1054 996 1105 magis
1023 1067 1069 1093 ac
1099 1054 1231 1103 magis
1263 1052 1511 1102 locupletari.
1568 1052 1655 1100 Qua

83 1119 250 1169 quidem
276 1120 321 1158 in
349 1133 392 1158 re
419 1119 674 1170 quorundam
701 1119 768 1158 vel
794 1119 1054 1170 prudentiam
1083 1119 1149 1159 vel
1176 1118 1416 1158 felicitatem
1444 1118 1650 1168 desydero,

82 1184 153 1234 qui
167 1184 405 1235 priusquam
424 1185 503 1223 sibi
523 1184 623 1223 satis
638 1184 727 1223 noti
741 1186 851 1232 sunt,
867 1185 912 1223 in
928 1197 1057 1235 genus
1071 1184 1234 1234 aliquod
1249 1183 1358 1222 vitae
1373 1196 1416 1221 se
1430 1183 1654 1222 coniiciunt

81 1248 152 1288 vbi
171 1262 246 1288 nec
265 1249 344 1288 sibi
364 1263 438 1288 nec
456 1249 548 1288 aliis
566 1249 728 1299 possint
745 1250 837 1288 vsui
856 1262 956 1288 esse.

135 1312 250 1353 Haec
267 1314 470 1364 cogitatio,
491 1314 550 1353 mi
577 1314 814 1353 charissime
842 1314 956 1363 Iona,
979 1314 1169 1364 protinus
1193 1313 1359 1352 incessit
1385 1313 1523 1351 animo
1547 1324 1650 1360 meo,
1671 1324 1709 1357 35

80 1376 152 1416 vbi
185 1391 234 1418 ex
262 1379 448 1418 oratione
476 1379 741 1429 moribusque
769 1379 864 1428 tuis,
887 1380 1054 1418 demum
1081 1381 1121 1418 et
1150 1379 1233 1418 oris
1260 1378 1514 1417 liniamentis
1543 1376 1654 1416 habi·

81 1443 218 1494 tuque,
258 1444 410 1483 mentis
447 1446 541 1483 tuae
578 1444 845 1483 simulacrum
888 1445 1052 1484 conieci.
1120 1444 1362 1494 Quanquam
1400 1443 1577 1482 arbitror
1611 1444 1652 1482 te

80 1506 158 1546 tibi
186 1521 270 1547 non
296 1509 487 1558 ignotum
508 1521 606 1556 esse,
628 1510 767 1548 tamen
792 1509 930 1549 visum
955 1511 1018 1549 est
1037 1509 1254 1548 admonere
1273 1510 1330 1557 vt,
1361 1508 1522 1559 quando
1541 1507 1652 1545 Deus

81 1573 120 1610 te
139 1585 224 1612 non
242 1573 450 1622 agitandis
472 1573 644 1613 sordidis
663 1574 796 1613 causis
816 1574 1054 1622 destinasse,
1074 1574 1143 1613 sed
1171 1573 1285 1612 velut
1311 1586 1511 1623 organum
1531 1571 1654 1622 quod·

80 1636 175 1676 dam
193 1638 370 1677 electum
388 1639 558 1678 finxisse
576 1639 752 1688 videtur,
774 1640 825 1679 ad
844 1639 1133 1679 illustrandam
1151 1638 1229 1677 filii
1257 1638 1322 1677 sui
1348 1638 1443 1677 Iesu
1465 1637 1648 1688 gloriam,
1668 1649 1710 1680 40

77 1702 128 1741 ad
160 1703 400 1742 mortalium
438 1703 598 1743 animos
634 1704 680 1743 in
716 1704 842 1744 huius
880 1705 1065 1744 studium
1102 1703 1428 1752 inflammandos,
1464 1703 1515 1741 ad
1546 1701 1651 1740 hanc

77 1767 267 1806 omnium
290 1767 599 1807 saluberrimam
627 1768 883 1808 functionem
913 1769 1051 1808 omnia
1073 1770 1144 1808 tua
1162 1768 1297 1808 studia
1315 1768 1505 1815 conferas,
1527 1766 1650 1816 idque

75 1835 245 1883 mature,
280 1834 381 1872 dum
413 1846 557 1884 corpus
593 1833 781 1873 laborum
813 1834 986 1885 patiens,
1020 1835 1119 1874 dum
1156 1833 1268 1884 viget
1306 1833 1479 1872 animus.
1537 1831 1649 1870 Bene

76 1897 306 1938 fortunabit
334 1900 429 1937 tuos
458 1900 638 1947 conatus,
669 1899 776 1937 mihi
807 1899 932 1947 crede,
964 1899 1000 1937 is
1026 1898 1097 1949 qui
1125 1899 1174 1937 ad
1202 1898 1280 1936 hoc
1307 1897 1492 1936 muneris
1518 1898 1560 1935 te
1587 1898 1649 1934 tot

76 1962 249 2014 egregiis
277 1963 443 2002 dotibus
472 1963 681 2002 instruxit.
738 1963 818 2011 Qui
850 1965 993 2013 pectus
1024 1962 1136 2002 dedit
1168 1975 1287 2001 verae
1319 1962 1483 2012 pietatis
1511 1973 1649 2000 amore
1666 1974 1706 2005 45

76 2027 264 2078 flagrans,
295 2027 365 2078 qui
399 2027 587 2077 linguam
624 2027 737 2066 dedit
774 2027 989 2077 eruditam,
1025 2029 1071 2066 vt
1109 2027 1293 2077 dissipes,
1326 2028 1372 2065 vt
1408 2025 1568 2074 euellas,
1602 2026 1649 2064 vt

76 2091 249 2141 plantes,
272 2104 357 2130 non
377 2091 506 2130 deerit
524 2091 604 2130 ista
623 2091 799 2139 conanti,
821 2091 1061 2141 praesertim
1082 2091 1117 2130 si
1137 2105 1220 2130 non
1239 2091 1318 2130 alio
1341 2093 1498 2141 spectes
1525 2101 1648 2141 quam

76 2156 127 2195 ad
146 2156 300 2196 Christi
319 2156 492 2195 lucrum.
553 2155 617 2194 Sit
642 2168 739 2194 sane
763 2155 1031 2206 magnificum
1055 2169 1183 2195 manu
1207 2158 1319 2195 mota
1344 2155 1519 2206 supplici
1545 2155 1646 2193 bene

75 2221 209 2261 dicere
237 2221 407 2272 popello,
437 2221 493 2260 sit
520 2234 584 2260 res
611 2221 771 2271 egregia
799 2221 1034 2260 ministrare
1065 2222 1318 2260 sacramenta
1348 2219 1647 2259 ecclesiastica:

74 2285 402 2337 pulcherrimum
433 2288 540 2324 certe
571 2298 744 2335 vereque
781 2285 1050 2335 apostolicum
1082 2287 1202 2336 atque
1237 2285 1458 2336 episcopale
1495 2295 1647 2323 munus
1664 2292 1704 2324 50

76 2353 139 2390 est
169 2350 339 2390 salutari
372 2350 557 2389 doctrina
588 2349 902 2389 multitudinem
934 2350 985 2388 ad
1019 2351 1202 2389 mentem
1235 2362 1445 2400 moresque
1483 2349 1646 2389 Christo

74 2415 220 2466 dignos
239 2414 447 2454 adducere.

126 2480 283 2519 Verum
312 2479 357 2517 in
382 2478 458 2517 hac
487 2478 674 2516 omnium
697 2480 743 2516 vt
766 2477 1019 2526 difficillima,
1043 2478 1101 2517 ita
1121 2477 1406 2528 pulcherrima,
1434 2478 1645 2518 functione

73 2558 175 2596 quos
196 2544 388 2584 videmus
406 2542 527 2582 hodie
545 2542 699 2582 versari
716 2542 892 2592 passim!
922 2555 1095 2593 quorum
1113 2542 1318 2593 plerisque
1333 2543 1444 2582 deest
1458 2543 1643 2591 eruditio,

73 2609 287 2648 nonnullis
302 2610 453 2659 pectus,
473 2607 562 2646 sine
578 2620 655 2658 quo
674 2607 796 2657 friget
816 2607 950 2646 omnis
969 2607 1203 2658 eloquentia
1216 2607 1448 2646 Christiana
1463 2622 1473 2655 ;
1500 2607 1645 2646 multis
1662 2613 1703 2646 55

74 2675 242 2713 naturae
269 2673 451 2721 facultas,
483 2671 614 2710 veluti
643 2672 808 2721 linguae
837 2672 1041 2722 plectrum
1068 2672 1216 2719 vocale,
1247 2672 1374 2711 latera
1401 2674 1472 2710 aut
1499 2685 1644 2722 corpus

73 2738 228 2788 alioqui
247 2737 433 2777 laborum
452 2736 688 2775 huiusmodi
706 2736 876 2786 patiens.
934 2737 1012 2777 Sed
1035 2749 1120 2787 age,
1141 2736 1239 2775 boni
1264 2736 1524 2775 consulamus
1549 2749 1643 2776 cum

73 2802 202 2842 Paulo
230 2803 372 2841 nostro
401 2800 509 2852 quod
537 2800 605 2839 isti
632 2801 872 2850 moliuntur,
905 2801 1027 2840 modo
1055 2800 1246 2840 Christus
1273 2801 1574 2848 annuncietur;
1607 2801 1644 2841 si

73 2925 126 2953 24.
149 2918 198 2946 F:
220 2924 382 2955 prorsum
398 2917 438 2945 E.
504 2914 557 2945 26.
581 2914 756 2954 contingit
771 2916 812 2945 Ν.
881 2925 933 2953 27.
958 2915 1005 2946 sit
1021 2917 1069 2946 F:
1093 2914 1140 2946 sis
1155 2917 1194 2946 E.
1263 2916 1315 2955 36.
1341 2914 1570 2948 lineamentis
1585 2915 1640 2946 N³.

117 3032 167 3062 29.
195 3022 296 3053 diues
313 3022 374 3053 ille
390 3021 570 3063 dominus]
587 3021 638 3053 Cf.
655 3022 752 3054 Matt.
769 3032 821 3062 25.
932 3024 984 3062 56.
1010 3021 1199 3063 plectrum]
1210 3023 1260 3054 Cf.
1276 3023 1345 3056 Cic.
1357 3026 1396 3055 N.
1409 3027 1445 3055 D.
1460 3033 1488 3055 2.
1502 3033 1553 3066 59.
1570 3034 1642 3065 149.

77 3076 115 3104 14
128 3075 211 3105 seq„
231 3065 328 3097 Luke
347 3074 394 3106 19.
417 3075 454 3096 12
471 3075 540 3105 seq.
931 3067 984 3103 58.
1013 3066 1135 3108 Paulo]
1152 3066 1203 3098 Cf.
1223 3067 1315 3098 Phil.
1337 3077 1363 3099 1.
1386 3077 1423 3108 15
1439 3077 1509 3108 seq.

806 3132 914 3158 Rr2
