2034 3433
133 145 232 198 90er
584 144 737 184 FROM
774 144 999 184 MARTIN
1037 143 1280 184 LYPSIUS
1649 146 1724 184 441

132 249 315 289 indicaui
345 262 646 300 nonnunquam
675 248 856 287 ciuiliter
878 249 987 287 locos
1007 248 1163 298 aliquot
1185 248 1231 287 in
1257 248 1408 298 quibus
1437 247 1542 286 mihi
1572 260 1656 286 non
1685 249 1727 286 in

131 317 267 354 totum
306 314 552 354 satisfecisse
590 314 704 352 visus
741 326 785 352 es
821 315 980 352 attento
1018 313 1171 352 lectori.
1229 314 1384 352 Verum
1420 313 1465 351 vt
1501 325 1650 351 saeuus
1688 316 1725 351 et

132 380 420 430 superciliosus
441 379 677 430 obiurgator
691 379 768 417 tibi
784 379 986 417 hactenus
1001 378 1222 428 displicuit,
1238 379 1296 418 ita
1311 378 1477 417 ciuilem
1492 380 1533 416 et
1547 378 1728 417 amicum

131 446 380 484 monitorem
394 445 524 495 gratia
535 444 709 494 dignum
721 457 883 494 semper
896 444 1104 482 censuisti.
1137 445 1205 482 An
1220 456 1332 482 nunc
1345 443 1558 483 diuersum
1572 443 1728 481 sentis?

133 511 410 561 Nequaquam.
469 509 549 558 Qui
586 509 743 548 factum
780 511 842 547 est
881 509 1008 558 igitur
1045 511 1089 547 vt
1123 509 1233 546 huuc
1274 509 1316 546 in
1355 509 1526 546 modum
1564 508 1615 546 ad
1654 521 1729 547 nos

132 575 374 625 scripseris?
420 575 494 613 Vis
515 574 704 613 diuinem
724 574 822 624 quid
844 574 922 612 tibi
941 573 1134 612 acciderit
1151 575 1171 612 ²?
1227 573 1382 623 Scripsi
1402 573 1451 612 ad
1472 575 1512 612 te
1532 572 1727 612 schedam

132 653 318 690 paruam,
331 641 453 691 idque
469 654 520 679 ex
535 642 722 690 tempore
737 655 746 688 3
773 653 872 678 nam
885 640 1087 689 vrgebant
1102 639 1194 678 alia,
1237 640 1317 677 Hic
1334 639 1498 677 Leeicae
1513 638 1727 678 cuiusdam

131 705 411 745 adnotationis
430 705 553 744 verba
572 705 802 753 interserui,
826 705 897 743 sed
917 704 1104 743 indicans
1121 717 1167 742 ea
1188 693 1296 752 Leei,
1319 717 1402 742 non
1423 703 1579 753 Lypsii.
1638 704 1727 742 Aut

132 771 259 820 igitur
294 771 560 810 semisomnis
592 773 663 809 aut
691 771 737 809 in
766 770 914 809 ecstasi
946 770 1105 820 positus
1142 783 1234 808 mea
1271 769 1423 819 scripta
1462 769 1609 818 legisti,
1641 782 1727 808 non

132 836 370 874 discernens
396 836 507 875 inter
525 837 679 875 Leeum
699 838 740 874 et
759 835 963 885 Lypsium
981 851 989 882 ;
1018 848 1117 873 nam
1143 835 1186 872 in
1209 835 1291 872 tuis
1312 835 1443 872 literis
1462 833 1601 883 palam
1622 834 1726 872 mihi

131 900 282 939 tribuis
301 914 348 939 ea
368 915 471 951 quae
491 915 535 940 re
555 914 650 940 vera
669 901 767 939 Leei
794 903 903 939 sunt.
963 900 1030 938 Sic
1059 901 1172 938 enim
1201 900 1370 938 scribis:
1403 902 1411 918 ‘
1425 899 1542 948 Vide,
1567 912 1724 949 quaeso,

132 979 214 1015 quo
233 966 451 1016 supercilio
471 967 549 1004 ista
575 967 726 1015 scripta
744 967 842 1004 sunt
861 965 934 1004 abs
953 967 1005 1004 te.
1068 965 1092 984 “
1108 965 1304 1008 Recanta,
1326 965 1507 1015 inquam,
1530 964 1602 1002 vbi
1622 964 1728 1003 male
1770 977 1781 984 ·

132 1030 378 1078 cecinisti,'”
400 1033 441 1070 et
469 1033 543 1069 cet.
603 1031 764 1080 Relege,
792 1043 953 1081 quaeso,
982 1043 1120 1068 meum
1150 1029 1391 1079 epistolium
1420 1032 1461 1068 et
1491 1030 1582 1068 vide
1611 1029 1728 1068 cuius

132 1096 230 1134 haec
248 1097 417 1135 nomine
437 1098 726 1135 recenseantur
743 1110 751 1142 3
780 1097 823 1133 et
843 1109 938 1134 mox
953 1095 1179 1144 perpendes
1198 1097 1237 1133 te
1259 1095 1366 1133 inter
1386 1095 1609 1144 legendum
1624 1095 1727 1133 mire

130 1160 259 1199 fuisse
277 1160 591 1199 hallucinatum.

185 1224 265 1263 Sed
282 1238 478 1275 quorsum
491 1239 592 1275 opus
607 1228 652 1264 vt
664 1225 709 1263 in
723 1238 844 1264 causa
859 1224 1039 1263 nimium
1054 1225 1162 1262 iusta
1174 1223 1281 1261 mihi
1293 1223 1450 1262 diutius
1464 1224 1697 1273 patrociner
1709 1226 1729 1262 ⁵?

131 1289 347 1328 Caeterum
369 1289 414 1327 in
434 1290 650 1328 literarum
670 1292 837 1328 tuarum
857 1290 966 1327 calce
984 1288 1075 1338 lego
1095 1302 1103 1326 :
1139 1288 1295 1325 ‘Perde
1316 1288 1389 1326 has
1409 1288 1549 1326 literas
1562 1289 1570 1303 ’
1591 1289 1631 1326 et
1651 1289 1724 1326 cet.

133 1352 225 1391 Non
256 1353 366 1392 soleo
395 1353 598 1393 clarorum
620 1355 807 1393 virorum
834 1354 1003 1404 perdere
1028 1353 1190 1402 scripta.
1249 1352 1487 1390 Recondam
1516 1353 1654 1401 potius
1682 1353 1727 1390 in

131 1418 295 1457 cedrina
314 1419 489 1468 capsula.

184 1483 297 1521 Bene
328 1483 434 1531 vale,
455 1484 514 1522 mi
541 1484 724 1533 Erasme,
748 1485 789 1523 et
816 1483 1015 1534 persuade
1042 1482 1121 1521 tibi
1150 1482 1353 1532 Lypsium
1382 1495 1466 1520 non
1494 1494 1584 1520 esse
1612 1482 1728 1521 mali-

130 1560 261 1596 gnum
282 1550 448 1587 tuorum
468 1562 638 1599 operum
659 1549 1005 1599 reprehensorem,
1028 1547 1098 1586 sed
1118 1547 1236 1596 pium
1260 1547 1398 1596 potius
1417 1545 1623 1585 lectorem.

184 1612 248 1651 Ex
270 1612 590 1652 Martinensium
611 1615 915 1653 Canonicorum
935 1613 1140 1651 coenobio.

558 1750 709 1791 ⁹00901.
770 1749 834 1790 To
866 1749 1054 1789 MARTIN
1086 1747 1293 1788 LYPSIUs.

179 1833 344 1870 Brussels
363 1833 440 1870 MS.
458 1836 611 1880 4850-7,
632 1835 657 1869 f.
679 1843 745 1879 150
761 1834 823 1879 (a).
1172 1832 1325 1878 Collega
1343 1833 1393 1867 du
1411 1831 1484 1875 Lis,
1502 1831 1677 1867 Louvain.

178 1891 367 1938 Horawitz
385 1892 462 1927 MS.
480 1905 517 1937 p.
535 1903 592 1936 44.
1214 1889 1268 1936 <c.
1288 1890 1497 1926 November
1516 1890 1642 1935 1518.)

179 1948 367 1984 Horawitz
385 1962 416 1986 v.
436 1959 455 1994 7
477 1952 544 1995 (β).

178 2028 337 2068 [Lipsius
357 2029 423 2061 has
443 2030 520 2061 this
541 2031 731 2071 argument
753 2031 792 2061 in
814 2041 856 2060 a:
886 2030 940 2061 ιΙΡ.
962 2029 1008 2061 M.
1026 2029 1190 2069 propriae
1213 2029 1441 2059 innocentiae
1462 2028 1531 2058 sibi
1554 2027 1724 2065 conscius,

132 2072 192 2101 vbi
209 2082 283 2103 sese
303 2073 493 2115 Eras<mo>
505 2075 698 2114 purgasset,
712 2074 901 2114 epistolam
915 2074 1125 2112 sequentem
1142 2082 1204 2102 ceu
1222 2082 1324 2102 verae
1339 2072 1522 2102 amiciciae
1539 2070 1726 2110 symbolon

133 2116 279 2155 accepit.
326 2116 509 2147 Satisfaci't
535 2118 644 2148 etiam
667 2118 796 2157 dubiis,
822 2117 1022 2157 propositos
1045 2116 1137 2146 locos
1162 2116 1339 2147 indicans.
1386 2116 1436 2145 At
1460 2125 1506 2145 ne
1529 2114 1621 2145 forte
1645 2114 1726 2153 quis

134 2159 263 2197 hereat,
283 2160 343 2190 vbi
358 2160 544 2199 “gemitus
556 2161 576 2178 ”
590 2161 727 2200 legerit,
742 2162 839 2191 norit
855 2170 911 2190 me
927 2160 1172 2190 subindicasse
1189 2159 1335 2189 Erasmo
1350 2158 1394 2189 de
1410 2160 1602 2198 perpetuae
1618 2156 1727 2188 huius

133 2202 316 2233 clausurae
333 2204 425 2234 votis
441 2204 602 2242 emissis;
626 2204 739 2244 magis
754 2206 876 2234 tamen
892 2204 956 2234 hoc
972 2204 1027 2243 egi
1049 2212 1113 2242 pro
1133 2212 1195 2232 sua
1220 2202 1376 2233 curanda
1397 2202 1594 2241 suspitione
1618 2210 1725 2240 quam

134 2248 227 2276 recte
244 2247 395 2277 rationis
411 2247 680 2278 deliberatione.
725 2247 882 2278 Verebar
897 2248 996 2277 enim
1013 2256 1057 2277 ne
1074 2246 1255 2276 contemni
1272 2255 1308 2276 se
1324 2256 1343 2276 a
1360 2255 1417 2276 me
1433 2246 1676 2284 arbitraretur,
1696 2245 1726 2275 si

134 2299 190 2319 me
207 2289 377 2321 mihimet
395 2290 463 2330 ipsi
480 2291 518 2321 in
535 2291 632 2321 hisce
648 2290 741 2321 votis
755 2291 972 2330 complacere
988 2289 1306 2329 deprehendisset.⁵

177 2333 250 2363 The
274 2333 357 2363 date
381 2333 411 2363 is
433 2334 540 2374 given
563 2334 848 2374 approximately
871 2334 917 2373 by
942 2333 1004 2364 the
1028 2332 1136 2363 books
1160 2331 1367 2362 mentioned
1392 2331 1432 2372 (l.
1459 2342 1500 2369 24
1523 2331 1602 2371 n.);
1623 2330 1725 2362 these

134 2386 226 2407 were
252 2376 426 2416 probably
450 2379 530 2408 sent
554 2378 594 2408 in
617 2378 679 2408 the
706 2377 866 2408 Louvain
891 2377 1046 2408 editions
1073 2376 1109 2406 of
1130 2376 1329 2406 November
1355 2376 1446 2415 1518,
1475 2374 1595 2405 which
1621 2374 1726 2405 share

134 2430 150 2449 ει
169 2429 333 2451 common
350 2420 561 2462 title-page]

283 2506 486 2537 ERASMVS
517 2507 848 2538 ROTERODAMVS
880 2508 922 2537 D.
954 2507 1159 2536 MARTINO
1191 2506 1348 2536 LYPSIO
1381 2505 1514 2536 BRVX.
1548 2506 1579 2534 S.

191 2589 367 2626 GAvmzo
385 2589 596 2627 somnium
615 2601 702 2627 esse
722 2589 830 2638 quod
849 2587 1003 2638 alioqui
1018 2586 1258 2626 demirabar.
1313 2586 1502 2625 Sciebam
1523 2585 1726 2634 quaedam

135 2665 223 2691 esse
250 2652 354 2701 Lei;
383 2653 453 2692 sed
481 2653 815 2692 intermiscueras
842 2647 1077 2701 tuasverba,
1093 2644 1205 2703 quod
1235 2652 1344 2690 Leus
1370 2650 1479 2700 apud
1506 2652 1548 2688 te
1576 2650 1726 2689 calum-

136 2717 275 2756 niatus
294 2719 400 2756 esset
420 2718 470 2756 de
489 2720 650 2757 mutato
665 2719 792 2758 cultu.
851 2720 913 2757 Ac
927 2731 1025 2756 mox
1039 2716 1309 2756 succedebant
1325 2729 1428 2766 quae
1441 2715 1491 2754 ad
1511 2717 1552 2753 te
1570 2715 1727 2764 scripsi,

137 2795 239 2831 quae
267 2782 414 2820 itidem
442 2783 639 2833 putabam
664 2796 753 2822 esse
778 2786 860 2822 tua.
921 2783 1041 2822 Nunc
1065 2782 1207 2820 mirari
1230 2781 1382 2827 desino,
1405 2781 1490 2819 imo
1510 2780 1618 2831 quod
1643 2793 1727 2818 non

224 2890 298 2922 900.
322 2901 352 2928 4.
380 2889 539 2921 iudicaui
563 2893 731 2923 Horawitz.
838 2891 912 2923 901.
936 2900 997 2921 Trr.
1017 2892 1061 2924 B:
1084 2899 1110 2921 s.
1129 2900 1159 2921 1².
1177 2901 1206 2921 α.
1297 2899 1328 2927 3.
1357 2891 1493 2920 mutato
1509 2891 1585 2919 add.
1604 2890 1638 2922 Β.

451 2989 526 3021 900.
553 3000 582 3028 7.
607 2990 720 3029 gratia
737 2989 904 3030 dignum]
923 2990 974 3021 Cf.
994 2989 1084 3028 Epp.
1106 2989 1177 3019 180.
1199 2998 1246 3024 12,
1272 2989 1339 3019 182.
1358 2997 1411 3026 55.

1747 328 1764 360 5

1748 652 1788 674 10

1747 1299 1786 1321 20

1746 1625 1783 1657 ²5
