2034 3433
150 146 245 201 768]
642 147 713 185 ΤΟ
751 145 1019 185 WILLIAM
1057 145 1243 186 NESEN
1659 145 1738 184 207

146 252 274 292 etiam
297 265 386 292 rara
404 251 629 302 prudentia
648 251 835 300 miroque
856 263 995 289 rerum
1013 263 1092 289 vsu
1119 249 1287 299 insigni,
1311 261 1467 287 merere
1487 248 1618 286 Musis
1636 262 1646 287 :
1675 249 1739 286 cui

146 331 241 357 cum
261 318 449 357 Grecitas
465 316 590 355 etiam
608 315 832 363 accesserit,
857 328 941 353 non
961 315 1083 354 video
1104 314 1204 365 quid
1223 313 1405 352 hominis
1425 313 1592 352 dotibus
1610 313 1741 363 possit

149 383 328 433 adiungi.
389 382 497 420 Nam
515 381 561 419 in
581 380 776 420 omnibus
796 380 982 420 honestis
1012 380 1240 430 disciplinis
1267 379 1339 417 ille
1367 379 1451 418 iam
1481 379 1582 417 olim
1601 379 1660 417 sic
1679 380 1741 418 est

147 447 372 497 absolutus,
396 448 496 486 citra
522 445 788 497 professionis
817 445 1096 496 supercilium,
1120 448 1166 483 vt
1194 458 1280 483 non
1299 444 1465 483 videam
1494 457 1617 495 quem
1645 457 1740 482 cum

147 527 196 552 eo
216 513 402 552 conferre
422 525 580 562 queam.
640 511 824 550 Proinde
843 511 968 550 etiam
987 512 1111 561 atque
1131 510 1255 549 etiam
1271 509 1366 548 vide
1380 523 1433 548 ne
1447 510 1535 559 ipse
1549 508 1659 548 desis
1669 511 1741 548 tue

148 578 348 617 felicitati.
407 577 487 616 Fac
515 590 627 615 nunc
659 577 917 615 Germanum
946 589 1054 626 agas,
1085 576 1215 624 vince,
1249 574 1388 625 spolia,
1422 576 1535 614 nuda
1562 574 1741 614 Galliam

149 644 270 683 bonis
288 643 439 682 literis:
470 642 529 680 ita
547 642 736 680 futurum
759 643 822 680 est
844 643 890 680 vt
910 654 986 679 nec
1005 641 1123 679 illam
1147 640 1358 691 relinquas
1382 640 1676 690 pauperiorem,
1701 642 1741 679 et

150 712 197 748 tu
217 707 509 760 pulcherrimis
528 695 735 746 mercibus
755 707 940 756 locuples
967 706 1012 744 in
1040 706 1218 756 patriam
1247 706 1400 744 redeas.
1460 705 1555 753 Hic,
1578 705 1646 744 hic
1665 717 1743 744 nos

151 774 280 813 fortes
298 775 338 812 et
357 772 536 812 inuictos
555 774 823 822 praestemus,
848 784 982 821 neque
1001 771 1312 809 committamus
1327 772 1373 808 vt
1393 770 1594 809 Germani
1611 770 1743 809 Gallis

151 839 316 889 ingenio
336 838 501 876 cessisse
520 837 746 876 videamur.
805 835 1004 874 Maiorem
1032 835 1076 873 in
1104 835 1276 874 modum
1305 837 1346 873 te
1375 848 1484 884 rogo,
1510 835 1630 874 adeas
1649 848 1743 873 meo

154 903 323 942 nomine
338 903 392 941 M.
411 903 586 941 Petrum
601 900 900 940 Viterium—is
919 900 1004 950 agit
1018 901 1062 938 in
1079 899 1252 948 collegio
1266 898 1538 947 Nauarrae—,
1552 901 1599 938 vt
1614 899 1743 938 sciam

153 968 253 1018 quid
275 967 421 1015 valeat,
443 967 543 1017 quid
572 979 711 1005 rerum
740 967 860 1015 agat:
894 978 991 1004 nam
1020 964 1177 1003 iamdiu
1206 964 1349 1003 scribit
1372 963 1492 1003 nihil.

155 1032 283 1071 sciam
303 1032 400 1082 quid
421 1033 514 1082 agat
533 1032 583 1070 D.
608 1030 789 1070 Thomas
810 1029 960 1069 Greius
979 1029 1153 1079 Anglus,
1175 1029 1320 1067 mutus
1339 1030 1380 1067 et
1398 1028 1496 1078 ipse.

207 1098 268 1136 De
287 1097 408 1136 Fabri
426 1097 630 1147 Apologia
658 1109 784 1146 quam
813 1095 980 1146 quidam
1008 1095 1127 1133 aiunt
1155 1107 1252 1132 eum
1280 1094 1490 1142 adornare,
1513 1093 1622 1133 nihil
1648 1107 1745 1132 sane

155 1163 330 1202 formido
347 1178 356 1202 ε
384 1164 552 1201 tantum
570 1162 795 1201 molestum
809 1163 871 1199 est
887 1161 1017 1199 bonas
1032 1159 1154 1198 horas
1165 1159 1209 1198 in
1226 1159 1381 1197 talibus
1395 1158 1519 1209 nugis
1535 1159 1742 1206 collocare,

151 1242 249 1268 cum
267 1228 511 1267 melioribus
538 1227 659 1266 rebus
687 1226 757 1265 vix
785 1225 998 1265 sufficiam.
1058 1225 1167 1263 Tum
1195 1224 1315 1263 video
1343 1224 1578 1263 litterarum
1607 1224 1746 1263 hostes

153 1295 230 1333 hoc
248 1293 385 1333 studio
404 1292 544 1332 moliri
563 1294 610 1330 vt
627 1305 703 1331 nos
722 1291 999 1339 committant,
1023 1292 1110 1329 arte
1128 1289 1250 1340 plane
1265 1290 1483 1340 tyrannica
1498 1303 1507 1336 ;
1538 1289 1746 1340 siquidem

153 1359 341 1410 tyrannis
372 1358 481 1397 nihil
510 1357 816 1396 formidabilius
848 1357 1053 1395 bonorum
1084 1354 1312 1394 concordia.
1385 1354 1491 1404 Quid
1525 1354 1628 1394 velit
1660 1355 1746 1404 ipse

155 1424 304 1464 viderit
319 1439 330 1472 ;
360 1438 436 1474 pro
464 1426 601 1462 vetere
629 1424 771 1462 nostra
798 1421 1100 1461 necessitudine
1129 1420 1257 1468 doleo,
1290 1420 1397 1470 quod
1426 1434 1492 1458 me
1520 1433 1747 1469 prouocans

156 1503 242 1529 non
263 1490 417 1539 optime
437 1489 690 1528 consuluerit
718 1488 851 1527 famae
880 1501 965 1526 sue.
1024 1487 1141 1535 Quod
1171 1486 1207 1524 si
1235 1486 1351 1524 cuius
1379 1485 1579 1524 instinctu
1609 1485 1747 1524 denuo

155 1553 397 1605 prouocabit
418 1553 612 1602 odiosius,
631 1553 821 1592 fortassis
839 1566 925 1591 non
945 1551 1069 1603 quibo
1090 1552 1292 1601 imperare
1306 1549 1446 1589 animo
1460 1564 1554 1589 meo
1565 1549 1748 1589 similem

156 1619 490 1658 moderationem.
553 1617 661 1667 Quid
682 1631 778 1656 cum
797 1617 1038 1656 huiusmodi
1058 1616 1161 1655 rixis
1187 1615 1239 1654 iis
1264 1616 1335 1666 qui
1363 1615 1518 1654 Gratiis
1546 1628 1590 1654 ac
1615 1615 1748 1654 Musis

157 1697 270 1723 sacra
286 1684 455 1732 faciunt,
477 1683 563 1722 imo
584 1683 656 1733 qui
677 1682 835 1722 Christi
855 1684 1013 1732 mystas
1032 1682 1280 1733 profitentur
1295 1682 1315 1719 ‘?
1372 1681 1534 1729 Quanto
1546 1680 1674 1719 satius
1687 1682 1748 1718 est

156 1751 309 1787 certare
330 1748 490 1787 mutuis
511 1748 653 1787 officiis
666 1749 687 1787 ⁶?
744 1747 822 1787 Sed
842 1761 964 1786 nemo
984 1749 1143 1798 pugnat
1162 1746 1297 1785 acrius
1317 1758 1441 1796 quam
1457 1745 1527 1795 qui
1542 1744 1690 1784 nolens
1708 1747 1749 1783 et

1553 965 1660 1003 Tum
1679 964 1742 1003 fac

158 1813 319 1853 inuitus
348 1814 400 1852 ad
430 1827 615 1864 pugnam
645 1813 908 1864 pertrahitur.

203 1965 232 1994 3.
258 1956 369 1987 Musis
384 1958 459 1987 adel.
476 1958 514 1986 E.

162 1999 325 2030 fessionis
340 2002 413 2030 adol.
430 2002 483 2038 F).

153 2052 242 2082 agas
257 2045 287 2073 E
302 2053 309 2072 ε
331 2043 406 2082 Age
422 2043 645 2073 Germanum
660 2044 729 2073 MS.

163 2090 231 2125 (10.
257 2087 434 2116 mercibus
449 2088 524 2116 add.
541 2086 594 2125 F).

163 2139 282 2160 rerum
299 2131 373 2160 add.
390 2131 428 2160 E.
517 2128 656 2159 iamdiu
671 2131 746 2160 add.
762 2131 800 2159 E.

993 1812 1167 1851 Vtinam
1193 1811 1299 1850 mihi
1332 1824 1495 1861 semper
1528 1811 1573 1849 in
1602 1810 1750 1860 vagina

690 1964 721 1993 5.
749 1955 841 2003 Nam
857 1976 864 1984 .
889 1978 894 1983 .
914 1979 920 1985 .
940 1963 966 2004 7..
994 1962 1145 2001 1111031113
1168 1954 1289 2001 cad-‹13E
1306 1951 1350 1990 (5.
1377 1954 1431 1982 est
1448 1953 1522 1982 add.
1539 1953 1590 1982 F:
1613 1951 1643 1981 6.
1671 1959 1749 1990 pro-

620 2008 649 2037 7.
673 1998 831 2028 Proinde
848 2021 855 2029 .
877 2021 883 2027 .
901 2021 908 2027 .
926 1997 1009 2047 vide
1026 1995 1317 2070 {jtvldrellgitur
1331 1998 1400 2026 MS.

715 2095 763 2124 13.
789 2085 835 2116 M.
855 2042 1015 2115 one-Elta
1093 2049 1159 2070 um
1223 2063 1230 2069 ι
1256 2063 1264 2070 ι
1290 2061 1298 2070 l

888 2128 943 2158 fac
959 2127 1068 2158 sciam
1085 2129 1158 2157 add.
1177 2129 1214 2157 E.

1545 1995 1576 2025 8.
1601 1993 1669 2024 Fac
1686 2015 1695 2023 .
1714 2018 1721 2025 .
1738 2016 1746 2024 .

1328 2048 1377 2070 12.
1402 2037 1550 2069 modum
1573 2039 1609 2068 te
1631 2040 1704 2068 add.
1722 2040 1751 2067 E

1441 2091 1489 2119 14.
1515 2080 1645 2121 valeat,
1661 2080 1750 2120 quid

1331 2135 1380 2164 15.
1406 2125 1446 2156 D.
1466 2127 1538 2155 add.
1555 2127 1604 2154 E:
1628 2135 1685 2156 om.
1703 2126 1748 2154 H.

1040 2084 1071 2114 is
1086 2083 1160 2123 agit
1175 2085 1249 2113 add.
1268 2085 1307 2112 Ε.

163 2172 304 2212 Anglus
320 2183 378 2203 om.
397 2175 434 2203 E.
569 2173 691 2202 mutus
708 2174 744 2202 et
758 2172 834 2211 ipse
849 2173 925 2202 add:
941 2173 978 2202 E.
1151 2171 1200 2201 16.
1225 2178 1333 2208 quam
1351 2191 1358 2199 .
1379 2192 1386 2200 .
1407 2191 1414 2199 .
1431 2168 1604 2199 adornare
1618 2170 1693 2199 add.
1710 2170 1749 2197 E.

165 2226 248 2247 sane
265 2218 337 2246 add.
357 2217 396 2246 Ε.
533 2215 583 2246 18.
610 2224 691 2245 cum
708 2238 715 2246 .
732 2238 740 2246 .
758 2238 764 2244 .
781 2213 952 2245 sufficiam
967 2217 1040 2244 add.
1060 2216 1097 2244 E.
1249 2222 1301 2251 19.
1325 2212 1505 2251 siquidem
1522 2211 1689 2250 tyrannis
1702 2213 1751 2241 E:

155 2256 294 2299 quibus
309 2261 377 2290 MS.
470 2268 522 2288 20.
548 2258 641 2297 Quid
658 2281 666 2288 .
683 2281 691 2289 .
707 2280 715 2288 .
735 2267 786 2288 21.
807 2256 1072 2288 necessitudine
1088 2259 1117 2286 E
1133 2255 1414 2295 (necessitudine
1429 2257 1458 2285 E
1475 2253 1752 2285 :consuetudine

164 2304 214 2345 Η)
236 2314 243 2333 :
261 2300 406 2333 ‘Viderit
422 2302 497 2341 ipse
513 2304 584 2332 MS.

165 2346 381 2387 profitentur
396 2348 469 2376 adel.
486 2347 524 2376 E.

157 2400 219 2429 ⁷27.
241 2392 292 2421 E:
315 2389 540 2430 protrahitur
554 2390 626 2419 MS.

170 2521 217 2551 In
235 2529 319 2559 1530
340 2520 386 2550 he
408 2530 480 2551 was
497 2518 679 2559 Principal
694 2518 733 2549 of
749 2518 811 2549 the
827 2518 930 2549 Lom-

169 2562 484 2603 bardcollegeOEp.
494 2573 569 2602 444.
578 2573 621 2602 43
631 2562 697 2603 n.)‚
709 2562 782 2593 and
791 2561 930 2602 though

172 2606 231 2637 old
251 2616 323 2637 was
345 2606 473 2646 taking
495 2616 542 2637 an
563 2607 678 2638 active
697 2608 777 2645 part
800 2607 840 2636 in
859 2615 930 2636 cor-

171 2649 310 2689 recting
334 2659 380 2680 an
404 2649 542 2681 edition
566 2650 604 2681 of
624 2649 854 2688 Chrysostom
877 2648 932 2679 for

174 2692 353 2723 Morrhius
371 2692 453 2733 (EE.
472 2693 560 2732 125).
608 2694 652 2724 In
667 2701 791 2731 1531-2
804 2692 850 2722 he
860 2701 932 2722 was

173 2735 250 2767 still
281 2735 395 2776 living
428 2736 468 2766 in
504 2737 606 2767 Paris
636 2735 708 2767 and
742 2736 864 2775 acting
897 2745 934 2766 as

173 2778 382 2810 Aleander’s
399 2781 506 2819 agent
532 2779 586 2819 (L.
608 2779 720 2810 Dorez
746 2780 785 2810 in
809 2781 882 2810 Rev.
901 2781 932 2809 cl.

172 2824 392 2862 bibliotheque&
418 2823 494 2862 viii,
525 2823 617 2862 1898,
641 2832 674 2862 p.
702 2831 776 2862 205,
802 2822 874 2852 and
897 2821 931 2852 J.

172 2866 327 2904 Paquier
343 2866 383 2896 in
399 2867 553 2903 Me'zanqes
573 2865 612 2896 of
626 2866 688 2896 the
704 2853 808 2897 &cole
825 2865 933 2896 Fran-

177 2910 269 2948 qaise
285 2909 330 2940 de
345 2909 462 2948 Rome,
482 2919 537 2948 xv,
560 2910 655 2948 1895,
673 2919 706 2948 p.
723 2909 815 2948 372).
846 2908 932 2940 MM.

175 2953 287 2983 Dorez
310 2952 383 2983 and
406 2952 561 2991 Paquier
581 2951 699 2992 prefer
716 2954 753 2983 to
776 2951 933 2991 identify

168 2995 238 3026 *the
256 3005 372 3034 name,
391 2995 509 3026 which
526 2996 567 3026 in
586 2998 679 3026 most
700 2995 738 3026 of
757 2995 820 3026 the
837 3005 933 3026 cases

750 2311 802 2332 22.
826 2301 927 2331 cuius
943 2301 1121 2331 instinctu
1136 2301 1210 2330 add.
1228 2301 1264 2329 E.

636 2346 689 2376 26.
715 2344 852 2375 mutuis
867 2347 940 2376 add.
960 2347 998 2375 E.

713 2388 862 2419 Vtinam
880 2411 887 2418 .
907 2411 913 2418 .
933 2412 938 2417 .
957 2397 1009 2427 29.
1029 2396 1170 2418 exerere
1185 2387 1259 2417 add.
1277 2388 1317 2416 Ε.

1428 2308 1481 2336 24.
1507 2297 1599 2337 Quid
1615 2320 1624 2328 .
1642 2321 1650 2328 .
1671 2319 1679 2328 .
1697 2307 1749 2336 25.

1065 2345 1094 2373 E
1109 2354 1116 2373 ε
1138 2343 1275 2382 pugnet
1290 2344 1360 2373 MS.
1428 2341 1558 2372 nolens
1573 2342 1608 2372 et
1624 2342 1696 2372 aad.
1715 2343 1753 2371 E.

996 2517 1091 2548 cited
1130 2517 1213 2547 here
1250 2516 1315 2547 has
1356 2524 1403 2546 no
1448 2524 1624 2551 surname,
1664 2515 1754 2546 with

996 2561 1150 2601 Cyprian
1162 2560 1288 2599 Benet,
1303 2569 1324 2590 a
1334 2559 1548 2590 Dominican
1555 2558 1593 2590 of
1599 2560 1752 2598 Aragon,

999 2605 1081 2635 who
1098 2605 1203 2644 spent
1218 2603 1328 2634 much
1345 2602 1384 2633 of
1394 2603 1452 2633 his
1467 2604 1557 2633 time
1573 2602 1613 2633 in
1628 2602 1746 2632 Rome.

1046 2657 1092 2686 13.
1119 2646 1316 2686 Viterium]
1331 2646 1432 2686 They
1452 2646 1605 2686 perhaps
1621 2645 1693 2676 had
1710 2655 1756 2676 no

999 2691 1321 2722 communications
1358 2690 1520 2720 between
1554 2690 1643 2728 Epp.
1678 2698 1755 2729 503,

1000 2735 1074 2774 528,
1102 2733 1173 2765 and
1190 2734 1276 2773 Epp.
1297 2743 1368 2773 779,
1387 2734 1462 2772 817.

1047 2787 1096 2816 15.
1121 2777 1265 2817 Greius]
1295 2777 1353 2807 He
1383 2778 1492 2807 wrote
1525 2778 1561 2806 to
1588 2775 1757 2806 Erasmus

1000 2822 1106 2852 about
1122 2820 1197 2851 this
1212 2821 1300 2851 time
1315 2820 1408 2851 from
1427 2820 1548 2857 Paris3
1572 2819 1637 2850 but
1652 2819 1758 2849 after-

1000 2864 1117 2895 wards
1133 2864 1217 2903 paid
1233 2874 1253 2895 3
1270 2864 1371 2894 short
1386 2864 1469 2894 visit
1485 2865 1521 2894 to
1534 2862 1754 2902 Cambridge,

1000 2908 1117 2938 before
1137 2907 1349 2947 proceeding
1369 2909 1406 2937 to
1431 2906 1592 2937 Louvain
1612 2907 1650 2936 to
1672 2906 1759 2936 visit

1002 2951 1169 2981 Erasmus
1193 2950 1294 2991 (Epp.
1322 2960 1393 2989 777.
1426 2959 1520 2990 23-4‚
1549 2949 1655 2988 26-8;
1681 2949 1755 2987 817,

998 2995 1072 3033 827,
1092 2994 1185 3035 829).

1759 395 1776 425 5

1762 721 1801 744 10

1765 1047 1801 1078 15

1767 1364 1806 1386 20
