<?xml version="1.0" encoding="UTF-8"?>
<!DOCTYPE html PUBLIC "-//W3C//DTD XHTML 1.0 Transitional//EN"
    "http://www.w3.org/TR/xhtml1/DTD/xhtml1-transitional.dtd">
<html xmlns="http://www.w3.org/1999/xhtml" xml:lang="en" lang="en">
 <head>
  <title>
</title>
<meta http-equiv="Content-Type" content="text/html;charset=utf-8" />
  <meta name='ocr-system' content='tesseract 3.04.00' />
  <meta name='ocr-capabilities' content='ocr_page ocr_carea ocr_par ocr_line ocrx_word'/>
</head>
<body>
  <div class='ocr_page' id='page_1' title='image "./opusepistolarumd03erasuoft_0113.png"; bbox 0 0 2034 3433; ppageno 0'>
   <div class='ocr_carea' id='block_1_1' title="bbox 131 161 1715 216">
    <p class='ocr_par' dir='ltr' id='par_1_1' title="bbox 131 161 1715 216">
     <span class='ocr_line' id='line_1_1' title="bbox 131 161 1715 216; baseline -0.003 -10"><span class='ocrx_word' id='word_1_1' title='bbox 131 161 229 216; x_wconf 75' lang='lat'><strong>652]</strong></span> <span class='ocrx_word' id='word_1_2' title='bbox 599 165 669 204; x_wconf 89' lang='grc' dir='ltr'><strong>ΤΟ</strong></span> <span class='ocrx_word' id='word_1_3' title='bbox 706 165 892 205; x_wconf 86' lang='lat' dir='ltr'><strong>PETER</strong></span> <span class='ocrx_word' id='word_1_4' title='bbox 932 165 1248 205; x_wconf 85' lang='lat' dir='ltr'><strong>BARBIRIUS</strong></span> <span class='ocrx_word' id='word_1_5' title='bbox 1666 166 1715 202; x_wconf 84' lang='lat'><strong>75</strong></span> 
     </span>
    </p>
   </div>
   <div class='ocr_carea' id='block_1_2' title="bbox 128 267 1774 445">
    <p class='ocr_par' dir='ltr' id='par_1_2' title="bbox 128 267 1774 445">
     <span class='ocr_line' id='line_1_2' title="bbox 128 267 1713 318; baseline 0.002 -14"><span class='ocrx_word' id='word_1_6' title='bbox 128 267 290 305; x_wconf 81' lang='lat' dir='ltr'>litterae</span> <span class='ocrx_word' id='word_1_7' title='bbox 309 267 586 307; x_wconf 77' lang='lat' dir='ltr'><strong>redderentur.</strong></span> <span class='ocrx_word' id='word_1_8' title='bbox 647 268 765 318; x_wconf 79' lang='lat' dir='ltr'><strong>Quod</strong></span> <span class='ocrx_word' id='word_1_9' title='bbox 791 269 827 308; x_wconf 85' lang='lat' dir='ltr'><strong>si</strong></span> <span class='ocrx_word' id='word_1_10' title='bbox 852 269 1032 308; x_wconf 81' lang='lat' dir='ltr'><strong>maxime</strong></span> <span class='ocrx_word' id='word_1_11' title='bbox 1051 268 1235 308; x_wconf 81' lang='lat' dir='ltr'><strong>redditae</strong></span> <span class='ocrx_word' id='word_1_12' title='bbox 1254 269 1431 307; x_wconf 86' lang='lat' dir='ltr'><strong>fuissent</strong></span> <span class='ocrx_word' id='word_1_13' title='bbox 1455 269 1500 306; x_wconf 87' lang='lat' dir='ltr'><strong>in</strong></span> <span class='ocrx_word' id='word_1_14' title='bbox 1518 270 1713 318; x_wconf 85' lang='lat' dir='ltr'><strong>tempore.</strong></span> 
     </span>
     <span class='ocr_line' id='line_1_3' title="bbox 130 331 1715 384; baseline 0.001 -14"><span class='ocrx_word' id='word_1_15' title='bbox 130 331 179 370; x_wconf 85' lang='lat' dir='ltr'><strong>ad</strong></span> <span class='ocrx_word' id='word_1_16' title='bbox 217 331 318 371; x_wconf 86' lang='lat' dir='ltr'><strong>talia</strong></span> <span class='ocrx_word' id='word_1_17' title='bbox 354 332 527 372; x_wconf 86' lang='lat' dir='ltr'><strong>crimina</strong></span> <span class='ocrx_word' id='word_1_18' title='bbox 554 346 639 372; x_wconf 93' lang='lat' dir='ltr'><strong>non</strong></span> <span class='ocrx_word' id='word_1_19' title='bbox 678 334 834 384; x_wconf 86' lang='lat' dir='ltr'><strong>possim</strong></span> <span class='ocrx_word' id='word_1_20' title='bbox 868 347 954 374; x_wconf 88' lang='lat' dir='ltr'><strong>esse</strong></span> <span class='ocrx_word' id='word_1_21' title='bbox 992 336 1146 381; x_wconf 81' lang='lat' dir='ltr'><strong>mutus,</strong></span> <span class='ocrx_word' id='word_1_22' title='bbox 1183 333 1306 372; x_wconf 83' lang='lat' dir='ltr'><strong>etiam</strong></span> <span class='ocrx_word' id='word_1_23' title='bbox 1338 334 1373 371; x_wconf 88' lang='lat' dir='ltr'><strong>si</strong></span> <span class='ocrx_word' id='word_1_24' title='bbox 1411 346 1601 372; x_wconf 89' lang='lat' dir='ltr'><strong>summus</strong></span> <span class='ocrx_word' id='word_1_25' title='bbox 1629 333 1715 382; x_wconf 90' lang='lat' dir='ltr'><strong>ipse</strong></span> 
     </span>
     <span class='ocr_line' id='line_1_4' title="bbox 128 395 1774 445; baseline 0.001 -11"><span class='ocrx_word' id='word_1_26' title='bbox 128 395 299 435; x_wconf 84' lang='lat' dir='ltr'><strong>lacessat</strong></span> <span class='ocrx_word' id='word_1_27' title='bbox 328 395 531 436; x_wconf 80' lang='lat' dir='ltr'><strong>Pontifex.</strong></span> <span class='ocrx_word' id='word_1_28' title='bbox 1737 414 1774 445; x_wconf 81' lang='lat'><strong>²5</strong></span> 
     </span>
    </p>
   </div>
   <div class='ocr_carea' id='block_1_3' title="bbox 579 517 1260 572">
    <p class='ocr_par' dir='ltr' id='par_1_3' title="bbox 579 517 1260 572">
     <span class='ocr_line' id='line_1_5' title="bbox 579 517 1260 572; baseline -0.001 -14"><span class='ocrx_word' id='word_1_29' title='bbox 579 517 730 558; x_wconf 77' lang='lat'><strong>⁵92653.</strong></span> <span class='ocrx_word' id='word_1_30' title='bbox 789 517 852 559; x_wconf 89' lang='lat' dir='ltr'><strong>To</strong></span> <span class='ocrx_word' id='word_1_31' title='bbox 883 517 1025 571; x_wconf 80' lang='lat' dir='ltr'>&lt;JOHN</span> <span class='ocrx_word' id='word_1_32' title='bbox 1057 518 1260 572; x_wconf 61' lang='lat' dir='ltr'><strong>msa-ER).</strong></span> 
     </span>
    </p>
   </div>
   <div class='ocr_carea' id='block_1_4' title="bbox 174 610 1669 716">
    <p class='ocr_par' dir='ltr' id='par_1_4' title="bbox 174 610 1669 716">
     <span class='ocr_line' id='line_1_6' title="bbox 174 610 1576 659; baseline 0.001 -13"><span class='ocrx_word' id='word_1_33' title='bbox 174 610 361 648; x_wconf 85' lang='lat' dir='ltr'><strong>Deventer</strong></span> <span class='ocrx_word' id='word_1_34' title='bbox 377 612 452 648; x_wconf 89' lang='lat' dir='ltr'><strong>MS.</strong></span> <span class='ocrx_word' id='word_1_35' title='bbox 471 622 526 657; x_wconf 90' lang='lat'><strong>91,</strong></span> <span class='ocrx_word' id='word_1_36' title='bbox 546 612 570 648; x_wconf 88' lang='lat' dir='ltr'><strong>f.</strong></span> <span class='ocrx_word' id='word_1_37' title='bbox 589 614 644 649; x_wconf 87' lang='lat'><strong>60.</strong></span> <span class='ocrx_word' id='word_1_38' title='bbox 1385 612 1576 659; x_wconf 81' lang='lat' dir='ltr'><strong>Antwerp.</strong></span> 
     </span>
     <span class='ocr_line' id='line_1_7' title="bbox 174 669 1669 716; baseline 0.001 -12"><span class='ocrx_word' id='word_1_39' title='bbox 174 669 248 704; x_wconf 91' lang='lat' dir='ltr'><strong>LB.</strong></span> <span class='ocrx_word' id='word_1_40' title='bbox 269 669 364 715; x_wconf 89' lang='lat' dir='ltr'>App.</span> <span class='ocrx_word' id='word_1_41' title='bbox 386 671 462 714; x_wconf 87' lang='lat'>178.</span> <span class='ocrx_word' id='word_1_42' title='bbox 1289 672 1309 706; x_wconf 88' lang='lat'>8</span> <span class='ocrx_word' id='word_1_43' title='bbox 1328 670 1549 716; x_wconf 83' lang='lat' dir='ltr'><strong>September</strong></span> <span class='ocrx_word' id='word_1_44' title='bbox 1569 680 1669 715; x_wconf 81' lang='lat'><strong>1517.</strong></span> 
     </span>
    </p>
   </div>
   <div class='ocr_carea' id='block_1_5' title="bbox 124 747 1777 2680">
    <p class='ocr_par' dir='ltr' id='par_1_5' title="bbox 126 747 1715 967">
     <span class='ocr_line' id='line_1_8' title="bbox 171 747 1712 793; baseline 0.001 -14"><span class='ocrx_word' id='word_1_45' title='bbox 171 747 302 789; x_wconf 86' lang='lat' dir='ltr'><strong>[There</strong></span> <span class='ocrx_word' id='word_1_46' title='bbox 318 751 349 781; x_wconf 90' lang='lat' dir='ltr'><strong>is</strong></span> <span class='ocrx_word' id='word_1_47' title='bbox 361 761 408 782; x_wconf 86' lang='lat' dir='ltr'><strong>no</strong></span> <span class='ocrx_word' id='word_1_48' title='bbox 419 751 575 793; x_wconf 85' lang='lat' dir='ltr'><strong>heading</strong></span> <span class='ocrx_word' id='word_1_49' title='bbox 586 755 623 783; x_wconf 89' lang='lat' dir='ltr'><strong>to</strong></span> <span class='ocrx_word' id='word_1_50' title='bbox 633 752 707 784; x_wconf 89' lang='lat' dir='ltr'><strong>this</strong></span> <span class='ocrx_word' id='word_1_51' title='bbox 720 752 826 783; x_wconf 90' lang='lat' dir='ltr'><strong>letter</strong></span> <span class='ocrx_word' id='word_1_52' title='bbox 838 753 876 783; x_wconf 87' lang='lat' dir='ltr'><strong>in</strong></span> <span class='ocrx_word' id='word_1_53' title='bbox 889 752 951 783; x_wconf 88' lang='lat' dir='ltr'><strong>the</strong></span> <span class='ocrx_word' id='word_1_54' title='bbox 961 752 1182 791; x_wconf 82' lang='lat' dir='ltr'><strong>manuscript</strong></span> <span class='ocrx_word' id='word_1_55' title='bbox 1199 763 1206 790; x_wconf 91' lang='lat'>;</span> <span class='ocrx_word' id='word_1_56' title='bbox 1224 753 1286 782; x_wconf 89' lang='lat' dir='ltr'><strong>but</strong></span> <span class='ocrx_word' id='word_1_57' title='bbox 1299 761 1336 783; x_wconf 84' lang='lat' dir='ltr'><strong>as</strong></span> <span class='ocrx_word' id='word_1_58' title='bbox 1348 752 1377 783; x_wconf 89' lang='lat' dir='ltr'><strong>it</strong></span> <span class='ocrx_word' id='word_1_59' title='bbox 1389 761 1545 783; x_wconf 80' lang='lat' dir='ltr'><strong>answers</strong></span> <span class='ocrx_word' id='word_1_60' title='bbox 1562 751 1622 791; x_wconf 87' lang='lat' dir='ltr'><strong>Ep.</strong></span> <span class='ocrx_word' id='word_1_61' title='bbox 1639 759 1712 789; x_wconf 80' lang='lat'>592,</span> 
     </span>
     <span class='ocr_line' id='line_1_9' title="bbox 126 791 1715 836; baseline 0.002 -14"><span class='ocrx_word' id='word_1_62' title='bbox 126 791 266 824; x_wconf 89' lang='lat' dir='ltr'><strong>Leclerc</strong></span> <span class='ocrx_word' id='word_1_63' title='bbox 282 794 313 824; x_wconf 87' lang='lat' dir='ltr'><strong>is</strong></span> <span class='ocrx_word' id='word_1_64' title='bbox 329 795 462 834; x_wconf 85' lang='lat' dir='ltr'><strong>clearly</strong></span> <span class='ocrx_word' id='word_1_65' title='bbox 477 795 573 836; x_wconf 80' lang='lat' dir='ltr'><strong>right</strong></span> <span class='ocrx_word' id='word_1_66' title='bbox 589 797 629 827; x_wconf 92' lang='lat' dir='ltr'><strong>in</strong></span> <span class='ocrx_word' id='word_1_67' title='bbox 646 795 855 835; x_wconf 82' lang='lat' dir='ltr'><strong>addressing</strong></span> <span class='ocrx_word' id='word_1_68' title='bbox 870 796 898 826; x_wconf 89' lang='lat' dir='ltr'><strong>it</strong></span> <span class='ocrx_word' id='word_1_69' title='bbox 914 797 951 826; x_wconf 90' lang='lat' dir='ltr'><strong>to</strong></span> <span class='ocrx_word' id='word_1_70' title='bbox 967 795 1104 826; x_wconf 87' lang='lat' dir='ltr'><strong>Fisher.</strong></span> <span class='ocrx_word' id='word_1_71' title='bbox 1140 795 1212 825; x_wconf 91' lang='lat' dir='ltr'><strong>The</strong></span> <span class='ocrx_word' id='word_1_72' title='bbox 1225 805 1374 835; x_wconf 84' lang='lat' dir='ltr'><strong>purpose</strong></span> <span class='ocrx_word' id='word_1_73' title='bbox 1391 795 1428 826; x_wconf 89' lang='lat' dir='ltr'><strong>of</strong></span> <span class='ocrx_word' id='word_1_74' title='bbox 1442 794 1617 826; x_wconf 82' lang='lat' dir='ltr'><strong>Erasmus&#39;</strong></span> <span class='ocrx_word' id='word_1_75' title='bbox 1631 795 1715 825; x_wconf 82' lang='lat' dir='ltr'><strong>visit</strong></span> 
     </span>
     <span class='ocr_line' id='line_1_10' title="bbox 126 835 1713 878; baseline 0.001 -13"><span class='ocrx_word' id='word_1_76' title='bbox 126 837 163 866; x_wconf 89' lang='lat' dir='ltr'><strong>to</strong></span> <span class='ocrx_word' id='word_1_77' title='bbox 178 835 354 877; x_wconf 86' lang='lat' dir='ltr'><strong>Antwerp</strong></span> <span class='ocrx_word' id='word_1_78' title='bbox 370 848 442 869; x_wconf 86' lang='lat' dir='ltr'><strong>was</strong></span> <span class='ocrx_word' id='word_1_79' title='bbox 458 838 638 870; x_wconf 88' lang='lat' dir='ltr'><strong>doubtless</strong></span> <span class='ocrx_word' id='word_1_80' title='bbox 656 841 693 870; x_wconf 86' lang='lat' dir='ltr'><strong>to</strong></span> <span class='ocrx_word' id='word_1_81' title='bbox 710 849 767 870; x_wconf 88' lang='lat' dir='ltr'><strong>see</strong></span> <span class='ocrx_word' id='word_1_82' title='bbox 784 837 926 878; x_wconf 83' lang='lat' dir='ltr'><strong>Metsys&#39;</strong></span> <span class='ocrx_word' id='word_1_83' title='bbox 944 838 1143 878; x_wconf 88' lang='lat' dir='ltr'><strong>completed</strong></span> <span class='ocrx_word' id='word_1_84' title='bbox 1166 838 1327 877; x_wconf 72' lang='lat' dir='ltr'><strong>diptychy</strong></span> <span class='ocrx_word' id='word_1_85' title='bbox 1345 839 1464 869; x_wconf 83' lang='lat' dir='ltr'><strong>before</strong></span> <span class='ocrx_word' id='word_1_86' title='bbox 1481 839 1527 868; x_wconf 85' lang='lat' dir='ltr'><strong>its</strong></span> <span class='ocrx_word' id='word_1_87' title='bbox 1548 837 1713 877; x_wconf 81' lang='lat' dir='ltr'><strong>dispatch</strong></span> 
     </span>
     <span class='ocr_line' id='line_1_11' title="bbox 126 879 1714 922; baseline 0.001 -13"><span class='ocrx_word' id='word_1_88' title='bbox 126 879 164 909; x_wconf 88' lang='lat' dir='ltr'><strong>to</strong></span> <span class='ocrx_word' id='word_1_89' title='bbox 180 879 276 910; x_wconf 84' lang='lat' dir='ltr'><strong>More</strong></span> <span class='ocrx_word' id='word_1_90' title='bbox 293 881 369 920; x_wconf 86' lang='lat' dir='ltr'><strong>(Ep.</strong></span> <span class='ocrx_word' id='word_1_91' title='bbox 389 882 480 922; x_wconf 78' lang='lat'><strong>654).</strong></span> <span class='ocrx_word' id='word_1_92' title='bbox 529 883 566 914; x_wconf 89' lang='lat' dir='ltr'><strong>It</strong></span> <span class='ocrx_word' id='word_1_93' title='bbox 582 893 655 914; x_wconf 83' lang='lat' dir='ltr'><strong>was</strong></span> <span class='ocrx_word' id='word_1_94' title='bbox 670 883 807 914; x_wconf 83' lang='lat' dir='ltr'><strong>carried</strong></span> <span class='ocrx_word' id='word_1_95' title='bbox 825 882 915 913; x_wconf 89' lang='lat' dir='ltr'><strong>with</strong></span> <span class='ocrx_word' id='word_1_96' title='bbox 931 881 1005 912; x_wconf 88' lang='lat' dir='ltr'><strong>this</strong></span> <span class='ocrx_word' id='word_1_97' title='bbox 1022 881 1154 912; x_wconf 90' lang='lat' dir='ltr'><strong>bundle</strong></span> <span class='ocrx_word' id='word_1_98' title='bbox 1176 881 1214 912; x_wconf 85' lang='lat' dir='ltr'><strong>of</strong></span> <span class='ocrx_word' id='word_1_99' title='bbox 1233 882 1385 922; x_wconf 85' lang='lat' dir='ltr'><strong>English</strong></span> <span class='ocrx_word' id='word_1_100' title='bbox 1407 882 1532 913; x_wconf 86' lang='lat' dir='ltr'><strong>letters</strong></span> <span class='ocrx_word' id='word_1_101' title='bbox 1547 882 1595 921; x_wconf 83' lang='lat' dir='ltr'><strong>by</strong></span> <span class='ocrx_word' id='word_1_102' title='bbox 1610 881 1714 912; x_wconf 90' lang='lat' dir='ltr'><strong>Peter</strong></span> 
     </span>
     <span class='ocr_line' id='line_1_12' title="bbox 127 921 623 967; baseline 0.012 -15"><span class='ocrx_word' id='word_1_103' title='bbox 127 921 279 962; x_wconf 85' lang='lat' dir='ltr'><strong>Meghen</strong></span> <span class='ocrx_word' id='word_1_104' title='bbox 295 935 303 963; x_wconf 88' lang='lat'>;</span> <span class='ocrx_word' id='word_1_105' title='bbox 326 923 369 956; x_wconf 88' lang='lat' dir='ltr'><strong>cf.</strong></span> <span class='ocrx_word' id='word_1_106' title='bbox 383 925 470 966; x_wconf 91' lang='lat' dir='ltr'><strong>Epp.</strong></span> <span class='ocrx_word' id='word_1_107' title='bbox 487 925 623 967; x_wconf 92' lang='lat'><strong>667-9.]</strong></span> 
     </span>
    </p>

    <p class='ocr_par' dir='ltr' id='par_1_6' title="bbox 124 999 1774 1835">
     <span class='ocr_line' id='line_1_13' title="bbox 181 999 1713 1052; baseline 0.001 -13"><span class='ocrx_word' id='word_1_108' title='bbox 181 999 221 1039; x_wconf 87' lang='lat' dir='ltr'><strong>S.</strong></span> <span class='ocrx_word' id='word_1_109' title='bbox 244 1001 305 1048; x_wconf 90' lang='grc' dir='ltr'><strong>Ρ.,</strong></span> <span class='ocrx_word' id='word_1_110' title='bbox 328 1004 671 1043; x_wconf 76' lang='lat' dir='ltr'><strong>renel-endissime</strong></span> <span class='ocrx_word' id='word_1_111' title='bbox 690 1003 827 1042; x_wconf 89' lang='lat' dir='ltr'><strong>Pater.</strong></span> <span class='ocrx_word' id='word_1_112' title='bbox 884 1001 1177 1052; x_wconf 86' lang='lat' dir='ltr'><strong>Expostulauit</strong></span> <span class='ocrx_word' id='word_1_113' title='bbox 1194 1002 1339 1042; x_wconf 86' lang='lat' dir='ltr'><strong>acriter</strong></span> <span class='ocrx_word' id='word_1_114' title='bbox 1361 1015 1525 1041; x_wconf 88' lang='lat' dir='ltr'><strong>mecum</strong></span> <span class='ocrx_word' id='word_1_115' title='bbox 1547 1002 1713 1041; x_wconf 84' lang='lat' dir='ltr'><strong>Coletus</strong></span> 
     </span>
     <span class='ocr_line' id='line_1_14' title="bbox 126 1066 1709 1119; baseline 0.001 -15"><span class='ocrx_word' id='word_1_116' title='bbox 126 1066 234 1114; x_wconf 88' lang='lat' dir='ltr'><strong>quod</strong></span> <span class='ocrx_word' id='word_1_117' title='bbox 273 1066 460 1106; x_wconf 88' lang='lat' dir='ltr'><strong>Reuclini</strong></span> <span class='ocrx_word' id='word_1_118' title='bbox 491 1068 682 1119; x_wconf 76' lang='lat' dir='ltr'><strong>(librum)</strong></span> <span class='ocrx_word' id='word_1_119' title='bbox 712 1068 919 1106; x_wconf 87' lang='lat' dir='ltr'><strong>misissem</strong></span> <span class='ocrx_word' id='word_1_120' title='bbox 955 1067 1006 1105; x_wconf 91' lang='lat' dir='ltr'><strong>ad</strong></span> <span class='ocrx_word' id='word_1_121' title='bbox 1045 1069 1097 1114; x_wconf 84' lang='lat' dir='ltr'><strong>te,</strong></span> <span class='ocrx_word' id='word_1_122' title='bbox 1133 1067 1182 1106; x_wconf 87' lang='lat' dir='ltr'><strong>ad</strong></span> <span class='ocrx_word' id='word_1_123' title='bbox 1217 1080 1260 1106; x_wconf 92' lang='lat' dir='ltr'><strong>se</strong></span> <span class='ocrx_word' id='word_1_124' title='bbox 1293 1067 1458 1105; x_wconf 89' lang='lat' dir='ltr'><strong>nullum</strong></span> <span class='ocrx_word' id='word_1_125' title='bbox 1491 1067 1709 1106; x_wconf 82' lang='lat' dir='ltr'><strong>misissem.</strong></span> 
     </span>
     <span class='ocr_line' id='line_1_15' title="bbox 125 1130 1714 1183; baseline 0.001 -15"><span class='ocrx_word' id='word_1_126' title='bbox 125 1130 303 1169; x_wconf 76' lang='lat' dir='ltr'><strong>Addidit</strong></span> <span class='ocrx_word' id='word_1_127' title='bbox 334 1134 474 1171; x_wconf 90' lang='lat' dir='ltr'><strong>tamen</strong></span> <span class='ocrx_word' id='word_1_128' title='bbox 503 1133 583 1171; x_wconf 84' lang='lat' dir='ltr'><strong>sibi</strong></span> <span class='ocrx_word' id='word_1_129' title='bbox 615 1133 843 1183; x_wconf 88' lang='lat' dir='ltr'><strong>perlectum</strong></span> <span class='ocrx_word' id='word_1_130' title='bbox 872 1133 1114 1182; x_wconf 87' lang='lat' dir='ltr'><strong>priusquam</strong></span> <span class='ocrx_word' id='word_1_131' title='bbox 1143 1132 1194 1170; x_wconf 89' lang='lat' dir='ltr'><strong>ad</strong></span> <span class='ocrx_word' id='word_1_132' title='bbox 1226 1134 1266 1170; x_wconf 91' lang='lat' dir='ltr'><strong>te</strong></span> <span class='ocrx_word' id='word_1_133' title='bbox 1299 1131 1524 1183; x_wconf 81' lang='lat' dir='ltr'><strong>mi&lt;si&gt;sset.</strong></span> <span class='ocrx_word' id='word_1_134' title='bbox 1584 1132 1714 1171; x_wconf 92' lang='lat' dir='ltr'><strong>Doleo</strong></span> 
     </span>
     <span class='ocr_line' id='line_1_16' title="bbox 126 1196 1711 1246; baseline 0.001 -13"><span class='ocrx_word' id='word_1_135' title='bbox 126 1207 214 1233; x_wconf 91' lang='lat' dir='ltr'><strong>rem</strong></span> <span class='ocrx_word' id='word_1_136' title='bbox 235 1197 323 1234; x_wconf 87' lang='lat' dir='ltr'><strong>tam</strong></span> <span class='ocrx_word' id='word_1_137' title='bbox 342 1196 412 1236; x_wconf 87' lang='lat' dir='ltr'><strong>diu</strong></span> <span class='ocrx_word' id='word_1_138' title='bbox 432 1198 604 1237; x_wconf 85' lang='lat' dir='ltr'><strong>dilatam</strong></span> <span class='ocrx_word' id='word_1_139' title='bbox 618 1212 628 1246; x_wconf 80' lang='lat'>3</span> <span class='ocrx_word' id='word_1_140' title='bbox 657 1200 698 1237; x_wconf 91' lang='lat' dir='ltr'><strong>et</strong></span> <span class='ocrx_word' id='word_1_141' title='bbox 716 1200 859 1236; x_wconf 90' lang='lat' dir='ltr'><strong>tamen</strong></span> <span class='ocrx_word' id='word_1_142' title='bbox 879 1197 1001 1236; x_wconf 89' lang='lat' dir='ltr'><strong>debes</strong></span> <span class='ocrx_word' id='word_1_143' title='bbox 1019 1197 1097 1235; x_wconf 89' lang='lat' dir='ltr'><strong>hoc</strong></span> <span class='ocrx_word' id='word_1_144' title='bbox 1111 1196 1245 1236; x_wconf 89' lang='lat' dir='ltr'><strong>Coleti</strong></span> <span class='ocrx_word' id='word_1_145' title='bbox 1264 1197 1453 1236; x_wconf 87' lang='lat' dir='ltr'><strong>auiditati</strong></span> <span class='ocrx_word' id='word_1_146' title='bbox 1472 1197 1711 1245; x_wconf 87' lang='lat' dir='ltr'><strong>condonare,</strong></span> 
     </span>
     <span class='ocr_line' id='line_1_17' title="bbox 126 1262 1750 1310; baseline 0.001 -12"><span class='ocrx_word' id='word_1_147' title='bbox 126 1273 203 1310; x_wconf 90' lang='lat' dir='ltr'><strong>que</strong></span> <span class='ocrx_word' id='word_1_148' title='bbox 235 1262 307 1299; x_wconf 87' lang='lat' dir='ltr'><strong>tua</strong></span> <span class='ocrx_word' id='word_1_149' title='bbox 338 1264 402 1301; x_wconf 82' lang='lat' dir='ltr'><strong>est</strong></span> <span class='ocrx_word' id='word_1_150' title='bbox 433 1262 685 1302; x_wconf 88' lang='lat' dir='ltr'><strong>humanitas.</strong></span> <span class='ocrx_word' id='word_1_151' title='bbox 753 1263 1029 1301; x_wconf 88' lang='lat' dir='ltr'><strong>Permiseram</strong></span> <span class='ocrx_word' id='word_1_152' title='bbox 1067 1262 1182 1301; x_wconf 88' lang='lat' dir='ltr'><strong>Moro</strong></span> <span class='ocrx_word' id='word_1_153' title='bbox 1219 1264 1266 1301; x_wconf 89' lang='lat' dir='ltr'><strong>vt</strong></span> <span class='ocrx_word' id='word_1_154' title='bbox 1302 1262 1443 1302; x_wconf 88' lang='lat' dir='ltr'><strong>Coleto</strong></span> <span class='ocrx_word' id='word_1_155' title='bbox 1481 1262 1714 1301; x_wconf 87' lang='lat' dir='ltr'><strong>ostenderet</strong></span> <span class='ocrx_word' id='word_1_156' title='bbox 1734 1268 1750 1299; x_wconf 88' lang='lat'>5</span> 
     </span>
     <span class='ocr_line' id='line_1_18' title="bbox 126 1325 1714 1378; baseline 0.001 -15"><span class='ocrx_word' id='word_1_157' title='bbox 126 1325 338 1375; x_wconf 83' lang='lat' dir='ltr'><strong>duntaxat,</strong></span> <span class='ocrx_word' id='word_1_158' title='bbox 380 1340 463 1365; x_wconf 92' lang='lat' dir='ltr'><strong>non</strong></span> <span class='ocrx_word' id='word_1_159' title='bbox 501 1329 548 1366; x_wconf 91' lang='lat' dir='ltr'><strong>vt</strong></span> <span class='ocrx_word' id='word_1_160' title='bbox 584 1328 692 1378; x_wconf 89' lang='lat' dir='ltr'><strong>apud</strong></span> <span class='ocrx_word' id='word_1_161' title='bbox 731 1327 853 1366; x_wconf 91' lang='lat' dir='ltr'><strong>illum</strong></span> <span class='ocrx_word' id='word_1_162' title='bbox 891 1327 1153 1377; x_wconf 89' lang='lat' dir='ltr'><strong>relinqueret.</strong></span> <span class='ocrx_word' id='word_1_163' title='bbox 1227 1327 1343 1376; x_wconf 80' lang='lat' dir='ltr'><strong>Quod</strong></span> <span class='ocrx_word' id='word_1_164' title='bbox 1383 1341 1526 1377; x_wconf 81' lang='lat' dir='ltr'><strong>operae</strong></span> <span class='ocrx_word' id='word_1_165' title='bbox 1563 1327 1714 1366; x_wconf 85' lang='lat' dir='ltr'><strong>litteris</strong></span> 
     </span>
     <span class='ocr_line' id='line_1_19' title="bbox 127 1389 1711 1444; baseline 0.001 -16"><span class='ocrx_word' id='word_1_166' title='bbox 127 1389 268 1429; x_wconf 82' lang='lat' dir='ltr'><strong>Grecis</strong></span> <span class='ocrx_word' id='word_1_167' title='bbox 297 1391 509 1441; x_wconf 88' lang='lat' dir='ltr'><strong>insumpte</strong></span> <span class='ocrx_word' id='word_1_168' title='bbox 536 1405 621 1431; x_wconf 91' lang='lat' dir='ltr'><strong>non</strong></span> <span class='ocrx_word' id='word_1_169' title='bbox 649 1393 820 1443; x_wconf 86' lang='lat' dir='ltr'><strong>penitet,</strong></span> <span class='ocrx_word' id='word_1_170' title='bbox 851 1392 1125 1438; x_wconf 87' lang='lat' dir='ltr'><strong>vehementer,</strong></span> <span class='ocrx_word' id='word_1_171' title='bbox 1157 1393 1216 1430; x_wconf 89' lang='lat' dir='ltr'><strong>ita</strong></span> <span class='ocrx_word' id='word_1_172' title='bbox 1245 1390 1327 1444; x_wconf 82' lang='lat' dir='ltr'><strong>[vt]</strong></span> <span class='ocrx_word' id='word_1_173' title='bbox 1358 1405 1423 1430; x_wconf 88' lang='lat' dir='ltr'><strong>me</strong></span> <span class='ocrx_word' id='word_1_174' title='bbox 1450 1393 1562 1431; x_wconf 89' lang='lat' dir='ltr'><strong>Deus</strong></span> <span class='ocrx_word' id='word_1_175' title='bbox 1589 1394 1711 1439; x_wconf 87' lang='lat' dir='ltr'><strong>amet,</strong></span> 
     </span>
     <span class='ocr_line' id='line_1_20' title="bbox 125 1455 1711 1507; baseline 0.002 -15"><span class='ocrx_word' id='word_1_176' title='bbox 125 1455 292 1504; x_wconf 83' lang='lat' dir='ltr'><strong>gaudeo.</strong></span> <span class='ocrx_word' id='word_1_177' title='bbox 353 1457 492 1507; x_wconf 87' lang='lat' dir='ltr'><strong>Atque</strong></span> <span class='ocrx_word' id='word_1_178' title='bbox 524 1458 685 1497; x_wconf 88' lang='lat' dir='ltr'><strong>vtinam</strong></span> <span class='ocrx_word' id='word_1_179' title='bbox 715 1458 835 1496; x_wconf 89' lang='lat' dir='ltr'><strong>liceat</strong></span> <span class='ocrx_word' id='word_1_180' title='bbox 864 1457 909 1495; x_wconf 92' lang='lat' dir='ltr'><strong>in</strong></span> <span class='ocrx_word' id='word_1_181' title='bbox 938 1459 1108 1497; x_wconf 77' lang='lat' dir='ltr'><strong>caeteris</strong></span> <span class='ocrx_word' id='word_1_182' title='bbox 1137 1458 1301 1496; x_wconf 76' lang='lat' dir='ltr'><strong>adesse!</strong></span> <span class='ocrx_word' id='word_1_183' title='bbox 1368 1458 1474 1497; x_wconf 87' lang='lat' dir='ltr'><strong>Cum</strong></span> <span class='ocrx_word' id='word_1_184' title='bbox 1505 1457 1711 1496; x_wconf 88' lang='lat' dir='ltr'><strong>Latimero</strong></span> 
     </span>
     <span class='ocr_line' id='line_1_21' title="bbox 124 1519 1713 1574; baseline 0.002 -17"><span class='ocrx_word' id='word_1_185' title='bbox 124 1519 277 1559; x_wconf 87' lang='lat' dir='ltr'><strong>litteris</strong></span> <span class='ocrx_word' id='word_1_186' title='bbox 313 1522 378 1572; x_wconf 86' lang='lat' dir='ltr'><strong>egi</strong></span> <span class='ocrx_word' id='word_1_187' title='bbox 406 1536 492 1562; x_wconf 92' lang='lat' dir='ltr'><strong>non</strong></span> <span class='ocrx_word' id='word_1_188' title='bbox 520 1523 673 1571; x_wconf 88' lang='lat' dir='ltr'><strong>semel;</strong></span> <span class='ocrx_word' id='word_1_189' title='bbox 711 1524 747 1562; x_wconf 91' lang='lat' dir='ltr'><strong>is</strong></span> <span class='ocrx_word' id='word_1_190' title='bbox 774 1523 944 1562; x_wconf 87' lang='lat' dir='ltr'><strong>tandem</strong></span> <span class='ocrx_word' id='word_1_191' title='bbox 982 1523 1204 1574; x_wconf 89' lang='lat' dir='ltr'><strong>respondit,</strong></span> <span class='ocrx_word' id='word_1_192' title='bbox 1234 1523 1306 1561; x_wconf 90' lang='lat' dir='ltr'><strong>sed</strong></span> <span class='ocrx_word' id='word_1_193' title='bbox 1335 1523 1394 1561; x_wconf 90' lang='lat' dir='ltr'><strong>ita</strong></span> <span class='ocrx_word' id='word_1_194' title='bbox 1421 1523 1639 1572; x_wconf 86' lang='lat' dir='ltr'><strong>respondet</strong></span> <span class='ocrx_word' id='word_1_195' title='bbox 1669 1523 1713 1560; x_wconf 89' lang='lat' dir='ltr'><strong>vt</strong></span> 
     </span>
     <span class='ocr_line' id='line_1_22' title="bbox 124 1587 1774 1638; baseline 0.001 -15"><span class='ocrx_word' id='word_1_196' title='bbox 124 1588 315 1635; x_wconf 86' lang='lat' dir='ltr'><strong>appareat</strong></span> <span class='ocrx_word' id='word_1_197' title='bbox 347 1587 562 1638; x_wconf 83' lang='lat' dir='ltr'><strong>hominem</strong></span> <span class='ocrx_word' id='word_1_198' title='bbox 596 1602 619 1627; x_wconf 91' lang='lat' dir='ltr'><strong>a</strong></span> <span class='ocrx_word' id='word_1_199' title='bbox 651 1588 737 1627; x_wconf 84' lang='lat' dir='ltr'><strong>suis</strong></span> <span class='ocrx_word' id='word_1_200' title='bbox 767 1588 917 1627; x_wconf 86' lang='lat' dir='ltr'><strong>litteris</strong></span> <span class='ocrx_word' id='word_1_201' title='bbox 955 1601 1040 1626; x_wconf 91' lang='lat' dir='ltr'><strong>non</strong></span> <span class='ocrx_word' id='word_1_202' title='bbox 1076 1589 1346 1638; x_wconf 88' lang='lat' dir='ltr'><strong>proditurum.</strong></span> <span class='ocrx_word' id='word_1_203' title='bbox 1417 1588 1538 1626; x_wconf 87' lang='lat' dir='ltr'><strong>Mitto</strong></span> <span class='ocrx_word' id='word_1_204' title='bbox 1572 1590 1711 1626; x_wconf 89' lang='lat' dir='ltr'><strong>tamen</strong></span> <span class='ocrx_word' id='word_1_205' title='bbox 1738 1599 1774 1620; x_wconf 92' lang='lat'><strong>10</strong></span> 
     </span>
     <span class='ocr_line' id='line_1_23' title="bbox 125 1652 1711 1704; baseline 0.002 -16"><span class='ocrx_word' id='word_1_206' title='bbox 125 1652 356 1691; x_wconf 84' lang='lat' dir='ltr'><strong>secundum</strong></span> <span class='ocrx_word' id='word_1_207' title='bbox 389 1653 594 1693; x_wconf 84' lang='lat' dir='ltr'><strong>Theodori</strong></span> <span class='ocrx_word' id='word_1_208' title='bbox 627 1653 783 1693; x_wconf 89' lang='lat' dir='ltr'><strong>librum</strong></span> <span class='ocrx_word' id='word_1_209' title='bbox 816 1667 948 1704; x_wconf 88' lang='lat' dir='ltr'><strong>nuper</strong></span> <span class='ocrx_word' id='word_1_210' title='bbox 980 1668 1004 1694; x_wconf 92' lang='lat' dir='ltr'><strong>a</strong></span> <span class='ocrx_word' id='word_1_211' title='bbox 1033 1667 1101 1693; x_wconf 91' lang='lat' dir='ltr'><strong>me</strong></span> <span class='ocrx_word' id='word_1_212' title='bbox 1134 1667 1313 1702; x_wconf 84' lang='lat' dir='ltr'><strong>versum,</strong></span> <span class='ocrx_word' id='word_1_213' title='bbox 1348 1653 1553 1703; x_wconf 82' lang='lat' dir='ltr'><strong>castigatis</strong></span> <span class='ocrx_word' id='word_1_214' title='bbox 1586 1653 1711 1691; x_wconf 91' lang='lat' dir='ltr'><strong>etiam</strong></span> 
     </span>
     <span class='ocr_line' id='line_1_24' title="bbox 125 1716 1716 1769; baseline 0.002 -15"><span class='ocrx_word' id='word_1_215' title='bbox 125 1716 226 1755; x_wconf 89' lang='lat' dir='ltr'><strong>locis</strong></span> <span class='ocrx_word' id='word_1_216' title='bbox 245 1718 401 1768; x_wconf 85' lang='lat' dir='ltr'><strong>aliquot</strong></span> <span class='ocrx_word' id='word_1_217' title='bbox 421 1732 472 1758; x_wconf 80' lang='lat' dir='ltr'><strong>ex</strong></span> <span class='ocrx_word' id='word_1_218' title='bbox 493 1719 623 1758; x_wconf 82' lang='lat' dir='ltr'><strong>Greco</strong></span> <span class='ocrx_word' id='word_1_219' title='bbox 643 1719 787 1758; x_wconf 84' lang='lat' dir='ltr'><strong>codice.</strong></span> <span class='ocrx_word' id='word_1_220' title='bbox 844 1719 962 1758; x_wconf 87' lang='lat' dir='ltr'><strong>Verti</strong></span> <span class='ocrx_word' id='word_1_221' title='bbox 980 1722 1120 1758; x_wconf 88' lang='lat' dir='ltr'><strong>autem</strong></span> <span class='ocrx_word' id='word_1_222' title='bbox 1140 1720 1239 1758; x_wconf 87' lang='lat' dir='ltr'><strong>satis</strong></span> <span class='ocrx_word' id='word_1_223' title='bbox 1264 1720 1491 1769; x_wconf 78' lang='lat' dir='ltr'><strong>explanate.</strong></span> <span class='ocrx_word' id='word_1_224' title='bbox 1553 1719 1716 1757; x_wconf 89' lang='lat' dir='ltr'><strong>Mendis</strong></span> 
     </span>
     <span class='ocr_line' id='line_1_25' title="bbox 126 1782 1710 1835; baseline 0.001 -16"><span class='ocrx_word' id='word_1_225' title='bbox 126 1782 245 1830; x_wconf 89' lang='lat' dir='ltr'><strong>pueri</strong></span> <span class='ocrx_word' id='word_1_226' title='bbox 274 1783 429 1822; x_wconf 87' lang='lat' dir='ltr'><strong>scribae</strong></span> <span class='ocrx_word' id='word_1_227' title='bbox 462 1797 548 1823; x_wconf 90' lang='lat' dir='ltr'><strong>non</strong></span> <span class='ocrx_word' id='word_1_228' title='bbox 580 1784 785 1835; x_wconf 88' lang='lat' dir='ltr'><strong>oportebit</strong></span> <span class='ocrx_word' id='word_1_229' title='bbox 815 1784 980 1833; x_wconf 87' lang='lat' dir='ltr'><strong>offendi,</strong></span> <span class='ocrx_word' id='word_1_230' title='bbox 1014 1784 1048 1823; x_wconf 89' lang='lat' dir='ltr'><strong>si</strong></span> <span class='ocrx_word' id='word_1_231' title='bbox 1078 1797 1244 1822; x_wconf 84' lang='lat' dir='ltr'><strong>summa</strong></span> <span class='ocrx_word' id='word_1_232' title='bbox 1273 1784 1463 1822; x_wconf 86' lang='lat' dir='ltr'><strong>lectionis</strong></span> <span class='ocrx_word' id='word_1_233' title='bbox 1496 1783 1710 1822; x_wconf 85' lang='lat' dir='ltr'><strong>constabit.</strong></span> 
     </span>
    </p>

    <p class='ocr_par' dir='ltr' id='par_1_7' title="bbox 127 1846 1777 2615">
     <span class='ocr_line' id='line_1_26' title="bbox 181 1846 1711 1900; baseline 0.001 -15"><span class='ocrx_word' id='word_1_234' title='bbox 181 1846 303 1886; x_wconf 86' lang='lat' dir='ltr'><strong>Mitto</strong></span> <span class='ocrx_word' id='word_1_235' title='bbox 329 1850 370 1887; x_wconf 88' lang='lat' dir='ltr'><strong>et</strong></span> <span class='ocrx_word' id='word_1_236' title='bbox 395 1849 643 1900; x_wconf 88' lang='lat' dir='ltr'><strong>Apologiam</strong></span> <span class='ocrx_word' id='word_1_237' title='bbox 671 1862 751 1900; x_wconf 88' lang='lat' dir='ltr'><strong>qua</strong></span> <span class='ocrx_word' id='word_1_238' title='bbox 770 1850 964 1900; x_wconf 89' lang='lat' dir='ltr'><strong>respondi</strong></span> <span class='ocrx_word' id='word_1_239' title='bbox 992 1849 1138 1888; x_wconf 91' lang='lat' dir='ltr'><strong>Iacobo</strong></span> <span class='ocrx_word' id='word_1_240' title='bbox 1162 1849 1303 1888; x_wconf 88' lang='lat' dir='ltr'><strong>Fabro.</strong></span> <span class='ocrx_word' id='word_1_241' title='bbox 1364 1849 1519 1887; x_wconf 88' lang='lat' dir='ltr'><strong>Omnes</strong></span> <span class='ocrx_word' id='word_1_242' title='bbox 1537 1862 1618 1887; x_wconf 84' lang='lat' dir='ltr'><strong>vno</strong></span> <span class='ocrx_word' id='word_1_243' title='bbox 1644 1862 1711 1887; x_wconf 87' lang='lat' dir='ltr'><strong>ore</strong></span> 
     </span>
     <span class='ocr_line' id='line_1_27' title="bbox 127 1911 1774 1964; baseline 0.001 -15"><span class='ocrx_word' id='word_1_244' title='bbox 127 1911 321 1962; x_wconf 86' lang='lat' dir='ltr'><strong>theologi,</strong></span> <span class='ocrx_word' id='word_1_245' title='bbox 353 1927 495 1953; x_wconf 80' lang='lat' dir='ltr'><strong>omnes</strong></span> <span class='ocrx_word' id='word_1_246' title='bbox 522 1916 647 1954; x_wconf 86' lang='lat' dir='ltr'><strong>etiam</strong></span> <span class='ocrx_word' id='word_1_247' title='bbox 674 1915 893 1963; x_wconf 87' lang='lat' dir='ltr'><strong>Fabristae,</strong></span> <span class='ocrx_word' id='word_1_248' title='bbox 917 1915 1024 1953; x_wconf 91' lang='lat' dir='ltr'><strong>mihi</strong></span> <span class='ocrx_word' id='word_1_249' title='bbox 1052 1915 1277 1953; x_wconf 85' lang='lat' dir='ltr'><strong>decernunt</strong></span> <span class='ocrx_word' id='word_1_250' title='bbox 1305 1914 1498 1964; x_wconf 88' lang='lat' dir='ltr'><strong>palmam.</strong></span> <span class='ocrx_word' id='word_1_251' title='bbox 1555 1914 1713 1953; x_wconf 90' lang='lat' dir='ltr'><strong>Verum</strong></span> <span class='ocrx_word' id='word_1_252' title='bbox 1737 1925 1774 1957; x_wconf 86' lang='lat'><strong>15</strong></span> 
     </span>
     <span class='ocr_line' id='line_1_28' title="bbox 127 1975 1716 2030; baseline 0.002 -16"><span class='ocrx_word' id='word_1_253' title='bbox 127 1975 214 2026; x_wconf 90' lang='lat' dir='ltr'><strong>ipse</strong></span> <span class='ocrx_word' id='word_1_254' title='bbox 248 1978 316 2016; x_wconf 92' lang='lat' dir='ltr'><strong>odi</strong></span> <span class='ocrx_word' id='word_1_255' title='bbox 347 1978 454 2018; x_wconf 84' lang='lat' dir='ltr'><strong>hanc</strong></span> <span class='ocrx_word' id='word_1_256' title='bbox 486 1981 772 2019; x_wconf 88' lang='lat' dir='ltr'><strong>necessitatem</strong></span> <span class='ocrx_word' id='word_1_257' title='bbox 805 1994 881 2030; x_wconf 92' lang='lat' dir='ltr'><strong>que</strong></span> <span class='ocrx_word' id='word_1_258' title='bbox 910 1993 978 2018; x_wconf 89' lang='lat' dir='ltr'><strong>me</strong></span> <span class='ocrx_word' id='word_1_259' title='bbox 1010 1980 1138 2018; x_wconf 80' lang='lat' dir='ltr'><strong>traxit</strong></span> <span class='ocrx_word' id='word_1_260' title='bbox 1169 1979 1214 2018; x_wconf 91' lang='lat' dir='ltr'><strong>in</strong></span> <span class='ocrx_word' id='word_1_261' title='bbox 1247 1980 1353 2018; x_wconf 84' lang='lat' dir='ltr'><strong>hanc</strong></span> <span class='ocrx_word' id='word_1_262' title='bbox 1387 1980 1607 2026; x_wconf 89' lang='lat' dir='ltr'><strong>harenam;</strong></span> <span class='ocrx_word' id='word_1_263' title='bbox 1647 1979 1716 2017; x_wconf 90' lang='lat' dir='ltr'><strong>odi</strong></span> 
     </span>
     <span class='ocr_line' id='line_1_29' title="bbox 127 2041 1714 2094; baseline 0.002 -15"><span class='ocrx_word' id='word_1_264' title='bbox 127 2041 357 2092; x_wconf 84' lang='lat' dir='ltr'><strong>victoriam,</strong></span> <span class='ocrx_word' id='word_1_265' title='bbox 390 2044 485 2094; x_wconf 88' lang='lat' dir='ltr'><strong>quia</strong></span> <span class='ocrx_word' id='word_1_266' title='bbox 516 2045 600 2084; x_wconf 83' lang='lat' dir='ltr'><strong>vici</strong></span> <span class='ocrx_word' id='word_1_267' title='bbox 631 2045 845 2084; x_wconf 90' lang='lat' dir='ltr'><strong>hominem</strong></span> <span class='ocrx_word' id='word_1_268' title='bbox 883 2047 970 2084; x_wconf 87' lang='lat' dir='ltr'><strong>tam</strong></span> <span class='ocrx_word' id='word_1_269' title='bbox 1007 2046 1197 2084; x_wconf 87' lang='lat' dir='ltr'><strong>amicum.</strong></span> <span class='ocrx_word' id='word_1_270' title='bbox 1257 2046 1475 2094; x_wconf 88' lang='lat' dir='ltr'><strong>Vtrunque</strong></span> <span class='ocrx_word' id='word_1_271' title='bbox 1508 2043 1714 2094; x_wconf 83' lang='lat' dir='ltr'><strong>intelliget</strong></span> 
     </span>
     <span class='ocr_line' id='line_1_30' title="bbox 128 2108 1714 2161; baseline 0.002 -17"><span class='ocrx_word' id='word_1_272' title='bbox 128 2108 199 2145; x_wconf 91' lang='lat' dir='ltr'><strong>tua</strong></span> <span class='ocrx_word' id='word_1_273' title='bbox 217 2108 438 2156; x_wconf 87' lang='lat' dir='ltr'><strong>prudentia</strong></span> <span class='ocrx_word' id='word_1_274' title='bbox 464 2110 592 2148; x_wconf 84' lang='lat' dir='ltr'><strong>simul</strong></span> <span class='ocrx_word' id='word_1_275' title='bbox 617 2112 739 2161; x_wconf 88' lang='lat' dir='ltr'><strong>atque</strong></span> <span class='ocrx_word' id='word_1_276' title='bbox 765 2111 957 2150; x_wconf 91' lang='lat' dir='ltr'><strong>libellum</strong></span> <span class='ocrx_word' id='word_1_277' title='bbox 982 2110 1214 2161; x_wconf 86' lang='lat' dir='ltr'><strong>perlegeris,</strong></span> <span class='ocrx_word' id='word_1_278' title='bbox 1238 2112 1278 2148; x_wconf 89' lang='lat' dir='ltr'><strong>et</strong></span> <span class='ocrx_word' id='word_1_279' title='bbox 1304 2112 1366 2148; x_wconf 88' lang='lat' dir='ltr'><strong>sat</strong></span> <span class='ocrx_word' id='word_1_280' title='bbox 1392 2110 1473 2148; x_wconf 83' lang='lat' dir='ltr'><strong>scio</strong></span> <span class='ocrx_word' id='word_1_281' title='bbox 1498 2110 1714 2159; x_wconf 87' lang='lat' dir='ltr'><strong>vtriusque</strong></span> 
     </span>
     <span class='ocr_line' id='line_1_31' title="bbox 128 2171 1714 2223; baseline 0.002 -14"><span class='ocrx_word' id='word_1_282' title='bbox 128 2171 260 2210; x_wconf 84' lang='lat' dir='ltr'><strong>vicem</strong></span> <span class='ocrx_word' id='word_1_283' title='bbox 280 2172 462 2221; x_wconf 89' lang='lat' dir='ltr'><strong>dolebit;</strong></span> <span class='ocrx_word' id='word_1_284' title='bbox 491 2175 618 2213; x_wconf 88' lang='lat' dir='ltr'><strong>etiam</strong></span> <span class='ocrx_word' id='word_1_285' title='bbox 643 2175 680 2214; x_wconf 91' lang='lat' dir='ltr'><strong>si</strong></span> <span class='ocrx_word' id='word_1_286' title='bbox 704 2175 781 2213; x_wconf 89' lang='lat' dir='ltr'><strong>hoc</strong></span> <span class='ocrx_word' id='word_1_287' title='bbox 809 2175 980 2213; x_wconf 89' lang='lat' dir='ltr'><strong>nomine</strong></span> <span class='ocrx_word' id='word_1_288' title='bbox 1004 2174 1135 2213; x_wconf 89' lang='lat' dir='ltr'><strong>leuior</strong></span> <span class='ocrx_word' id='word_1_289' title='bbox 1159 2177 1220 2213; x_wconf 90' lang='lat' dir='ltr'><strong>est</strong></span> <span class='ocrx_word' id='word_1_290' title='bbox 1243 2187 1334 2213; x_wconf 90' lang='lat' dir='ltr'><strong>mea</strong></span> <span class='ocrx_word' id='word_1_291' title='bbox 1359 2174 1583 2222; x_wconf 85' lang='lat' dir='ltr'><strong>calamitas⁷</strong></span> <span class='ocrx_word' id='word_1_292' title='bbox 1609 2175 1714 2223; x_wconf 92' lang='lat' dir='ltr'><strong>quod</strong></span> 
     </span>
     <span class='ocr_line' id='line_1_32' title="bbox 129 2236 1777 2290; baseline 0.001 -16"><span class='ocrx_word' id='word_1_293' title='bbox 129 2236 248 2286; x_wconf 90' lang='lat' dir='ltr'><strong>culpa</strong></span> <span class='ocrx_word' id='word_1_294' title='bbox 272 2240 400 2276; x_wconf 86' lang='lat' dir='ltr'><strong>vacet.</strong></span> <span class='ocrx_word' id='word_1_295' title='bbox 459 2239 543 2278; x_wconf 90' lang='lat' dir='ltr'><strong>Vbi</strong></span> <span class='ocrx_word' id='word_1_296' title='bbox 570 2240 733 2278; x_wconf 88' lang='lat' dir='ltr'><strong>dabitur</strong></span> <span class='ocrx_word' id='word_1_297' title='bbox 759 2242 894 2278; x_wconf 90' lang='lat' dir='ltr'><strong>certus</strong></span> <span class='ocrx_word' id='word_1_298' title='bbox 921 2240 1070 2290; x_wconf 89' lang='lat' dir='ltr'><strong>aliquis</strong></span> <span class='ocrx_word' id='word_1_299' title='bbox 1098 2239 1169 2289; x_wconf 89' lang='lat' dir='ltr'><strong>qui</strong></span> <span class='ocrx_word' id='word_1_300' title='bbox 1195 2239 1383 2289; x_wconf 86' lang='lat' dir='ltr'><strong>perferat,</strong></span> <span class='ocrx_word' id='word_1_301' title='bbox 1407 2239 1570 2277; x_wconf 88' lang='lat' dir='ltr'><strong>remitte</strong></span> <span class='ocrx_word' id='word_1_302' title='bbox 1600 2239 1718 2277; x_wconf 92' lang='lat' dir='ltr'><strong>nobis</strong></span> <span class='ocrx_word' id='word_1_303' title='bbox 1739 2252 1777 2273; x_wconf 82' lang='lat'><strong>20</strong></span> 
     </span>
     <span class='ocr_line' id='line_1_33' title="bbox 129 2301 1714 2356; baseline 0.002 -17"><span class='ocrx_word' id='word_1_304' title='bbox 129 2301 291 2341; x_wconf 89' lang='lat' dir='ltr'><strong>libellos</strong></span> <span class='ocrx_word' id='word_1_305' title='bbox 323 2303 396 2352; x_wconf 89' lang='lat' dir='ltr'><strong>qui</strong></span> <span class='ocrx_word' id='word_1_306' title='bbox 424 2302 510 2354; x_wconf 80' lang='lat' dir='ltr'><strong>(ad)</strong></span> <span class='ocrx_word' id='word_1_307' title='bbox 538 2304 761 2343; x_wconf 85' lang='lat' dir='ltr'><strong>Reuchlini</strong></span> <span class='ocrx_word' id='word_1_308' title='bbox 790 2305 1008 2356; x_wconf 82' lang='lat' dir='ltr'><strong>negocium</strong></span> <span class='ocrx_word' id='word_1_309' title='bbox 1038 2304 1257 2354; x_wconf 81' lang='lat' dir='ltr'><strong>pertinent,</strong></span> <span class='ocrx_word' id='word_1_310' title='bbox 1291 2305 1327 2342; x_wconf 89' lang='lat' dir='ltr'><strong>si</strong></span> <span class='ocrx_word' id='word_1_311' title='bbox 1359 2306 1499 2342; x_wconf 86' lang='lat' dir='ltr'><strong>tamen</strong></span> <span class='ocrx_word' id='word_1_312' title='bbox 1533 2304 1598 2342; x_wconf 87' lang='lat' dir='ltr'><strong>his</strong></span> <span class='ocrx_word' id='word_1_313' title='bbox 1631 2304 1714 2342; x_wconf 90' lang='lat' dir='ltr'><strong>iam</strong></span> 
     </span>
     <span class='ocr_line' id='line_1_34' title="bbox 129 2368 1714 2419; baseline 0 -13"><span class='ocrx_word' id='word_1_314' title='bbox 129 2380 228 2407; x_wconf 88' lang='lat' dir='ltr'><strong>vsus</strong></span> <span class='ocrx_word' id='word_1_315' title='bbox 259 2368 396 2408; x_wconf 87' lang='lat' dir='ltr'><strong>fueris.</strong></span> <span class='ocrx_word' id='word_1_316' title='bbox 467 2369 642 2418; x_wconf 80' lang='lat' dir='ltr'><strong>Quidam</strong></span> <span class='ocrx_word' id='word_1_317' title='bbox 676 2384 697 2408; x_wconf 91' lang='lat' dir='ltr'><strong>e</strong></span> <span class='ocrx_word' id='word_1_318' title='bbox 731 2370 902 2409; x_wconf 88' lang='lat' dir='ltr'><strong>Colonia</strong></span> <span class='ocrx_word' id='word_1_319' title='bbox 938 2369 1103 2419; x_wconf 85' lang='lat' dir='ltr'><strong>scripsit</strong></span> <span class='ocrx_word' id='word_1_320' title='bbox 1137 2370 1187 2407; x_wconf 88' lang='lat' dir='ltr'><strong>ad</strong></span> <span class='ocrx_word' id='word_1_321' title='bbox 1227 2382 1294 2407; x_wconf 87' lang='lat' dir='ltr'><strong>me</strong></span> <span class='ocrx_word' id='word_1_322' title='bbox 1327 2382 1493 2407; x_wconf 88' lang='lat' dir='ltr'><strong>causam</strong></span> <span class='ocrx_word' id='word_1_323' title='bbox 1524 2369 1638 2407; x_wconf 89' lang='lat' dir='ltr'><strong>illius</strong></span> <span class='ocrx_word' id='word_1_324' title='bbox 1671 2369 1714 2407; x_wconf 91' lang='lat' dir='ltr'><strong>in</strong></span> 
     </span>
     <span class='ocr_line' id='line_1_35' title="bbox 129 2432 1714 2484; baseline 0.001 -13"><span class='ocrx_word' id='word_1_325' title='bbox 129 2432 286 2482; x_wconf 88' lang='lat' dir='ltr'><strong>optimo</strong></span> <span class='ocrx_word' id='word_1_326' title='bbox 306 2445 392 2471; x_wconf 83' lang='lat' dir='ltr'><strong>esse</strong></span> <span class='ocrx_word' id='word_1_327' title='bbox 411 2434 535 2483; x_wconf 88' lang='lat' dir='ltr'><strong>statu,</strong></span> <span class='ocrx_word' id='word_1_328' title='bbox 556 2448 704 2473; x_wconf 88' lang='lat' dir='ltr'><strong>verum</strong></span> <span class='ocrx_word' id='word_1_329' title='bbox 721 2434 899 2473; x_wconf 86' lang='lat' dir='ltr'><strong>arbitror</strong></span> <span class='ocrx_word' id='word_1_330' title='bbox 918 2447 1007 2473; x_wconf 89' lang='lat' dir='ltr'><strong>eam</strong></span> <span class='ocrx_word' id='word_1_331' title='bbox 1033 2447 1196 2473; x_wconf 89' lang='lat' dir='ltr'><strong>causam</strong></span> <span class='ocrx_word' id='word_1_332' title='bbox 1220 2447 1433 2483; x_wconf 88' lang='lat' dir='ltr'><strong>nunquam</strong></span> <span class='ocrx_word' id='word_1_333' title='bbox 1453 2432 1714 2484; x_wconf 82' lang='lat' dir='ltr'><strong>fin&lt;i&gt;endam</strong></span> 
     </span>
     <span class='ocr_line' id='line_1_36' title="bbox 128 2497 1715 2549; baseline 0.001 -13"><span class='ocrx_word' id='word_1_334' title='bbox 128 2510 228 2537; x_wconf 87' lang='lat' dir='ltr'><strong>esse.</strong></span> <span class='ocrx_word' id='word_1_335' title='bbox 285 2497 459 2537; x_wconf 90' lang='lat' dir='ltr'><strong>Vtinam</strong></span> <span class='ocrx_word' id='word_1_336' title='bbox 488 2501 560 2538; x_wconf 91' lang='lat' dir='ltr'><strong>tuo</strong></span> <span class='ocrx_word' id='word_1_337' title='bbox 592 2499 664 2538; x_wconf 90' lang='lat' dir='ltr'><strong>fiat</strong></span> <span class='ocrx_word' id='word_1_338' title='bbox 693 2499 802 2538; x_wconf 91' lang='lat' dir='ltr'><strong>bono</strong></span> <span class='ocrx_word' id='word_1_339' title='bbox 829 2501 875 2538; x_wconf 88' lang='lat' dir='ltr'><strong>vt</strong></span> <span class='ocrx_word' id='word_1_340' title='bbox 908 2500 1013 2538; x_wconf 91' lang='lat' dir='ltr'><strong>hanc</strong></span> <span class='ocrx_word' id='word_1_341' title='bbox 1045 2499 1253 2549; x_wconf 89' lang='lat' dir='ltr'><strong>regionem</strong></span> <span class='ocrx_word' id='word_1_342' title='bbox 1287 2499 1442 2537; x_wconf 89' lang='lat' dir='ltr'><strong>inuisas</strong></span> <span class='ocrx_word' id='word_1_343' title='bbox 1469 2499 1715 2548; x_wconf 84' lang='lat' dir='ltr'><strong>aliquando!</strong></span> 
     </span>
     <span class='ocr_line' id='line_1_37' title="bbox 130 2562 1776 2615; baseline 0.002 -15"><span class='ocrx_word' id='word_1_344' title='bbox 130 2563 242 2601; x_wconf 88' lang='lat' dir='ltr'><strong>Bene</strong></span> <span class='ocrx_word' id='word_1_345' title='bbox 261 2562 364 2610; x_wconf 84' lang='lat' dir='ltr'><strong>vale,</strong></span> <span class='ocrx_word' id='word_1_346' title='bbox 386 2565 427 2601; x_wconf 91' lang='lat' dir='ltr'><strong>et</strong></span> <span class='ocrx_word' id='word_1_347' title='bbox 447 2564 595 2603; x_wconf 88' lang='lat' dir='ltr'><strong>saltem</strong></span> <span class='ocrx_word' id='word_1_348' title='bbox 614 2564 765 2603; x_wconf 88' lang='lat' dir='ltr'><strong>litteris</strong></span> <span class='ocrx_word' id='word_1_349' title='bbox 784 2577 860 2603; x_wconf 93' lang='lat' dir='ltr'><strong>nos</strong></span> <span class='ocrx_word' id='word_1_350' title='bbox 880 2564 1099 2615; x_wconf 85' lang='lat' dir='ltr'><strong>aliquando</strong></span> <span class='ocrx_word' id='word_1_351' title='bbox 1119 2564 1295 2613; x_wconf 87' lang='lat' dir='ltr'><strong>dignare.</strong></span> <span class='ocrx_word' id='word_1_352' title='bbox 1739 2574 1776 2604; x_wconf 81' lang='lat'><strong>25</strong></span> 
     </span>
    </p>

    <p class='ocr_par' dir='ltr' id='par_1_8' title="bbox 182 2627 1138 2680">
     <span class='ocr_line' id='line_1_38' title="bbox 182 2627 1138 2680; baseline 0 -15"><span class='ocrx_word' id='word_1_353' title='bbox 182 2627 422 2678; x_wconf 85' lang='lat' dir='ltr'><strong>Antwerpie</strong></span> <span class='ocrx_word' id='word_1_354' title='bbox 444 2630 465 2666; x_wconf 92' lang='lat'><strong>6</strong></span> <span class='ocrx_word' id='word_1_355' title='bbox 486 2628 588 2668; x_wconf 88' lang='lat' dir='ltr'><strong>Idus</strong></span> <span class='ocrx_word' id='word_1_356' title='bbox 607 2629 834 2680; x_wconf 86' lang='lat' dir='ltr'><strong>Septembr.</strong></span> <span class='ocrx_word' id='word_1_357' title='bbox 858 2630 938 2669; x_wconf 89' lang='lat' dir='ltr'><strong>An.</strong></span> <span class='ocrx_word' id='word_1_358' title='bbox 963 2642 1049 2668; x_wconf 75' lang='lat' dir='ltr'><strong>nm).</strong></span> <span class='ocrx_word' id='word_1_359' title='bbox 1081 2639 1138 2676; x_wconf 81' lang='lat'><strong>17.</strong></span> 
     </span>
    </p>
   </div>
   <div class='ocr_carea' id='block_1_6' title="bbox 126 2735 1718 2962">
    <p class='ocr_par' dir='ltr' id='par_1_9' title="bbox 126 2735 1718 2858">
     <span class='ocr_line' id='line_1_39' title="bbox 175 2735 1713 2777; baseline -0.001 -11"><span class='ocrx_word' id='word_1_360' title='bbox 175 2735 253 2767; x_wconf 85' lang='lat'><strong>653.</strong></span> <span class='ocrx_word' id='word_1_361' title='bbox 275 2745 304 2766; x_wconf 86' lang='lat'><strong>2.</strong></span> <span class='ocrx_word' id='word_1_362' title='bbox 331 2735 467 2766; x_wconf 89' lang='lat' dir='ltr'><strong>librum</strong></span> <span class='ocrx_word' id='word_1_363' title='bbox 482 2739 562 2767; x_wconf 73' lang='lat' dir='ltr'><strong>coni.</strong></span> <span class='ocrx_word' id='word_1_364' title='bbox 577 2739 639 2768; x_wconf 88' lang='lat' dir='ltr'><strong>LB.</strong></span> <span class='ocrx_word' id='word_1_365' title='bbox 764 2748 792 2777; x_wconf 93' lang='lat'><strong>7.</strong></span> <span class='ocrx_word' id='word_1_366' title='bbox 819 2739 858 2768; x_wconf 89' lang='lat' dir='ltr'><strong>vt</strong></span> <span class='ocrx_word' id='word_1_367' title='bbox 873 2739 992 2775; x_wconf 74' lang='lat' dir='ltr'><strong>seposui</strong></span> <span class='ocrx_word' id='word_1_368' title='bbox 1008 2740 1043 2767; x_wconf 78' lang='lat' dir='ltr'><strong>in</strong></span> <span class='ocrx_word' id='word_1_369' title='bbox 1052 2740 1118 2774; x_wconf 74' lang='lat' dir='ltr'><strong>fine</strong></span> <span class='ocrx_word' id='word_1_370' title='bbox 1134 2746 1235 2767; x_wconf 77' lang='lat' dir='ltr'><strong>versus</strong></span> <span class='ocrx_word' id='word_1_371' title='bbox 1251 2748 1257 2767; x_wconf 86' lang='lat'>:</span> <span class='ocrx_word' id='word_1_372' title='bbox 1281 2747 1294 2767; x_wconf 74' lang='lat' dir='ltr'><strong>e</strong></span> <span class='ocrx_word' id='word_1_373' title='bbox 1305 2740 1369 2773; x_wconf 77' lang='lat' dir='ltr'><strong>fine</strong></span> <span class='ocrx_word' id='word_1_374' title='bbox 1387 2746 1487 2766; x_wconf 68' lang='lat' dir='ltr'><strong>rer-sus</strong></span> <span class='ocrx_word' id='word_1_375' title='bbox 1497 2738 1713 2773; x_wconf 68' lang='lat' dir='ltr'><strong>praecedentis,</strong></span> 
     </span>
     <span class='ocr_line' id='line_1_40' title="bbox 130 2779 1718 2817; baseline 0.001 -9"><span class='ocrx_word' id='word_1_376' title='bbox 130 2783 159 2809; x_wconf 77' lang='lat' dir='ltr'><strong>vc</strong></span> <span class='ocrx_word' id='word_1_377' title='bbox 175 2781 304 2817; x_wconf 69' lang='lat' dir='ltr'><strong>videtur,</strong></span> <span class='ocrx_word' id='word_1_378' title='bbox 321 2781 361 2809; x_wconf 85' lang='lat' dir='ltr'><strong>ab</strong></span> <span class='ocrx_word' id='word_1_379' title='bbox 375 2783 561 2810; x_wconf 65' lang='lat' dir='ltr'><strong>amanuensi</strong></span> <span class='ocrx_word' id='word_1_380' title='bbox 577 2783 732 2812; x_wconf 72' lang='lat' dir='ltr'><strong>iteratmn.</strong></span> <span class='ocrx_word' id='word_1_381' title='bbox 894 2781 941 2811; x_wconf 89' lang='lat'><strong>16.</strong></span> <span class='ocrx_word' id='word_1_382' title='bbox 969 2780 1141 2811; x_wconf 84' lang='lat' dir='ltr'><strong>herenam</strong></span> <span class='ocrx_word' id='word_1_383' title='bbox 1156 2782 1225 2810; x_wconf 81' lang='lat' dir='ltr'><strong>MS.</strong></span> <span class='ocrx_word' id='word_1_384' title='bbox 1384 2789 1435 2810; x_wconf 88' lang='lat'><strong>21.</strong></span> <span class='ocrx_word' id='word_1_385' title='bbox 1460 2779 1503 2809; x_wconf 84' lang='lat' dir='ltr'><strong>ad</strong></span> <span class='ocrx_word' id='word_1_386' title='bbox 1522 2782 1594 2810; x_wconf 70' lang='lat' dir='ltr'><strong>add.</strong></span> <span class='ocrx_word' id='word_1_387' title='bbox 1613 2781 1666 2809; x_wconf 89' lang='lat' dir='ltr'><strong>LB</strong></span> <span class='ocrx_word' id='word_1_388' title='bbox 1683 2782 1718 2809; x_wconf 74' lang='lat' dir='ltr'><strong>in</strong></span> 
     </span>
     <span class='ocr_line' id='line_1_41' title="bbox 126 2825 1229 2858; baseline 0 -6"><span class='ocrx_word' id='word_1_389' title='bbox 126 2825 191 2858; x_wconf 70' lang='lat' dir='ltr'><strong>fine</strong></span> <span class='ocrx_word' id='word_1_390' title='bbox 206 2832 317 2853; x_wconf 72' lang='lat' dir='ltr'><strong>versus.</strong></span> <span class='ocrx_word' id='word_1_391' title='bbox 1218 2831 1229 2845; x_wconf 66' lang='lat'>³</span> 
     </span>
    </p>

    <p class='ocr_par' dir='ltr' id='par_1_10' title="bbox 175 2919 1510 2962">
     <span class='ocr_line' id='line_1_42' title="bbox 175 2919 1510 2962; baseline -0.001 -11"><span class='ocrx_word' id='word_1_392' title='bbox 175 2921 251 2951; x_wconf 83' lang='lat'><strong>653.</strong></span> <span class='ocrx_word' id='word_1_393' title='bbox 281 2931 310 2952; x_wconf 87' lang='lat'><strong>1.</strong></span> <span class='ocrx_word' id='word_1_394' title='bbox 336 2919 493 2962; x_wconf 74' lang='lat' dir='ltr'><strong>Coretus]</strong></span> <span class='ocrx_word' id='word_1_395' title='bbox 513 2921 576 2960; x_wconf 91' lang='lat' dir='ltr'><strong>Ep.</strong></span> <span class='ocrx_word' id='word_1_396' title='bbox 597 2929 669 2960; x_wconf 87' lang='lat'><strong>593.</strong></span> <span class='ocrx_word' id='word_1_397' title='bbox 1008 2931 1057 2951; x_wconf 91' lang='lat'><strong>11.</strong></span> <span class='ocrx_word' id='word_1_398' title='bbox 1081 2920 1270 2961; x_wconf 87' lang='lat' dir='ltr'><strong>Theodori]</strong></span> <span class='ocrx_word' id='word_1_399' title='bbox 1291 2920 1342 2951; x_wconf 88' lang='lat' dir='ltr'><strong>Cf.</strong></span> <span class='ocrx_word' id='word_1_400' title='bbox 1360 2920 1422 2960; x_wconf 91' lang='lat' dir='ltr'><strong>Ep.</strong></span> <span class='ocrx_word' id='word_1_401' title='bbox 1440 2930 1510 2958; x_wconf 91' lang='lat'><strong>771.</strong></span> 
     </span>
    </p>
   </div>
   <div class='ocr_carea' id='block_1_7' title="bbox 137 2962 1707 3046">
    <p class='ocr_par' dir='ltr' id='par_1_11' title="bbox 137 2962 1707 3046">
     <span class='ocr_line' id='line_1_43' title="bbox 175 2962 1707 3004; baseline 0 -10"><span class='ocrx_word' id='word_1_402' title='bbox 175 2974 206 3003; x_wconf 94' lang='lat'><strong>9.</strong></span> <span class='ocrx_word' id='word_1_403' title='bbox 232 2973 306 2994; x_wconf 90' lang='lat' dir='ltr'><strong>non</strong></span> <span class='ocrx_word' id='word_1_404' title='bbox 333 2962 460 3004; x_wconf 88' lang='lat' dir='ltr'><strong>semel]</strong></span> <span class='ocrx_word' id='word_1_405' title='bbox 487 2963 538 2995; x_wconf 89' lang='lat' dir='ltr'><strong>Cf.</strong></span> <span class='ocrx_word' id='word_1_406' title='bbox 573 2964 661 3004; x_wconf 89' lang='lat' dir='ltr'><strong>Epp.</strong></span> <span class='ocrx_word' id='word_1_407' title='bbox 696 2972 771 3004; x_wconf 85' lang='lat'><strong>520.</strong></span> <span class='ocrx_word' id='word_1_408' title='bbox 802 2974 816 2995; x_wconf 89' lang='lat'>1</span> <span class='ocrx_word' id='word_1_409' title='bbox 841 2975 889 3003; x_wconf 76' lang='lat' dir='ltr'><strong>n.,</strong></span> <span class='ocrx_word' id='word_1_410' title='bbox 1006 2974 1059 2995; x_wconf 85' lang='lat'><strong>22.</strong></span> <span class='ocrx_word' id='word_1_411' title='bbox 1084 2963 1252 3004; x_wconf 85' lang='lat' dir='ltr'><strong>Quidam]</strong></span> <span class='ocrx_word' id='word_1_412' title='bbox 1296 2963 1501 3001; x_wconf 82' lang='lat' dir='ltr'><strong>Caesarius3</strong></span> <span class='ocrx_word' id='word_1_413' title='bbox 1540 2963 1600 3004; x_wconf 87' lang='lat' dir='ltr'><strong>Ep.</strong></span> <span class='ocrx_word' id='word_1_414' title='bbox 1644 2965 1707 3002; x_wconf 84' lang='lat'><strong>615</strong></span> 
     </span>
     <span class='ocr_line' id='line_1_44' title="bbox 137 3007 1056 3046; baseline 0.001 -9"><span class='ocrx_word' id='word_1_415' title='bbox 137 3016 175 3046; x_wconf 87' lang='lat'><strong>13</strong></span> <span class='ocrx_word' id='word_1_416' title='bbox 192 3017 242 3045; x_wconf 88' lang='lat' dir='ltr'><strong>n.,</strong></span> <span class='ocrx_word' id='word_1_417' title='bbox 259 3007 332 3038; x_wconf 89' lang='lat' dir='ltr'><strong>and</strong></span> <span class='ocrx_word' id='word_1_418' title='bbox 348 3016 423 3046; x_wconf 88' lang='lat'><strong>540.</strong></span> <span class='ocrx_word' id='word_1_419' title='bbox 961 3009 1056 3038; x_wconf 87' lang='lat'><strong>8-12.</strong></span> 
     </span>
    </p>
   </div>
  </div>
 </body>
</html>
