2034 3433
552 163 622 202 ΤΟ
661 161 970 202 OUTHBERT
1008 157 1306 199 TUNSTALL
1645 151 1724 189 425

130 163 234 218 886]

129 280 248 319 posse
273 266 483 306 nominari
508 267 625 306 cuius
645 266 835 306 Christus
856 278 940 304 non
965 263 1017 302 sit
1043 262 1307 313 principium.
1365 259 1508 308 Neque
1532 255 1643 294 enim
1663 255 1727 292 est

132 333 382 384 principium
397 333 547 381 Patris,
562 335 604 371 at
619 332 746 371 Pater
757 329 943 370 absolute
958 331 1020 368 est
1032 327 1286 379 principium
1303 324 1503 364 omnium.
1552 320 1726 368 Iamque

132 400 176 437 in
212 397 552 437 annotationibus
591 396 725 447 coepit
756 396 980 435 admiscere
1017 393 1266 433 scintillulas
1304 390 1504 440 quasdam
1542 383 1726 424 iracundi

131 464 320 514 pectoris,
342 465 384 502 et
401 462 660 510 stultissime,
680 461 753 500 vbi
772 474 855 499 non
874 459 1134 498 intellexerat
1154 457 1263 507 quod
1283 454 1548 505 scripsissem.
1600 448 1726 489 Satis-

133 529 210 568 feci
247 529 293 566 in
331 528 410 573 his,
447 531 488 567 et
527 527 726 567 admonui
773 526 988 565 hominem
1027 527 1074 563 vt
1106 521 1368 562 meminisset
1405 515 1618 558 admoneri
1661 513 1728 552 me
1748 524 1788 558 70

134 593 361 641 hominem,
385 592 455 631 sed
477 592 528 630 ab
549 592 728 630 homine.
779 591 876 630 Mox
897 590 1016 629 desiit
1037 589 1269 627 admonere.
1320 587 1360 623 A
1378 584 1560 622 discessu
1579 579 1729 630 sparsit

128 659 334 698 ducentos
353 658 463 697 locos
486 671 509 696 a
534 670 578 696 se
606 658 785 706 notatos,
807 658 848 694 et
873 655 1100 694 meditatur
1123 653 1345 692 aduersum
1364 664 1438 688 nos
1458 647 1595 686 nescio
1615 644 1726 695 quid.

135 725 219 762 Nec
241 723 388 762 inuisit
413 735 486 761 nec
514 722 630 761 iubet
653 721 821 760 saluere.
882 721 960 759 Est
985 719 1055 757 ille
1081 718 1249 769 quidem
1271 715 1336 754 vir
1360 714 1506 760 bonus,
1535 711 1604 750 sed
1627 710 1730 748 mire

135 789 325 838 pertinax
362 800 460 826 suae
497 786 741 833 sententiae,
774 788 816 824 et
846 785 1063 824 irritabilis
1099 782 1257 834 ingenii
1293 794 1339 819 ac
1376 779 1544 828 linguae
1581 774 1727 815 futilis.

136 854 317 893 Putabat
341 866 384 892 se
405 866 493 891 rem
517 852 667 891 factam
692 851 843 890 habere
869 851 919 890 de
945 849 1181 901 genealogia
1206 846 1362 886 Christi
1390 845 1435 883 in
1463 844 1582 890 Luca,
1614 839 1731 891 quasi
1751 852 1789 886 75

136 918 470 957 manifestarium
489 930 670 957 errorem
692 916 973 967 comperisset,
994 928 1090 954 cum
1108 927 1183 963 ego
1201 912 1260 951 sic
1287 921 1522 949 recenseam
1540 909 1585 945 vt
1605 906 1730 944 fidem

136 997 263 1034 penes
282 983 510 1032 Iosephum
530 984 572 1021 et
590 982 783 1021 Annium
803 983 988 1020 autorem
1008 993 1099 1019 esse
1118 978 1259 1017 velim.
1320 974 1526 1014 Basileam
1541 983 1733 1011 reuersus

136 1061 209 1098 per
241 1048 379 1086 ocium
409 1061 498 1086 rem
530 1048 729 1097 expendo,
765 1050 806 1086 et
840 1047 1045 1096 comperio
1078 1045 1142 1083 τὸν
1176 1045 1286 1081 Λεῖον
1318 1044 1407 1080 toto
1437 1051 1572 1078 errare
1605 1036 1728 1076 coelo.

140 1113 322 1151 Rursum
343 1112 445 1151 vale.

617 1229 711 1269 887.
771 1228 836 1268 To
869 1227 1084 1269 RICHARD
1114 1225 1247 1265 PACE.

1423 1287 1600 1324 Louvain.

1341 1359 1384 1383 22
1402 1347 1564 1382 October
1584 1346 1687 1389 1518.

186 1295 349 1342 Farrago
367 1309 402 1341 p.
422 1307 502 1342 323.

187 1354 225 1389 F.
244 1367 281 1400 p.
300 1356 390 1398 428:
416 1354 507 1391 HN:
534 1354 649 1391 Lond.
668 1366 702 1389 x.
723 1354 788 1390 26:
815 1354 888 1390 LB.
909 1365 988 1399 342.

216 1446 418 1477 RICARDO
448 1446 591 1477 PACEO
623 1446 912 1476 SERENISSIMI
941 1444 1187 1476 ANGLORVM
1218 1442 1350 1472 REGIS
1381 1437 1658 1471 SECRETARIO

619 1515 763 1545 PRIMO
793 1514 998 1544 ERASMVS
1029 1514 1128 1544 ROT.
1155 1513 1189 1542 S.
1210 1513 1248 1541 P.

195 1597 331 1639 To'rvs
359 1596 427 1635 hic
456 1609 594 1635 annus
623 1595 729 1634 mihi
755 1595 835 1634 fuit
864 1595 1138 1645 nigerrimus:
1168 1592 1273 1632 faxit
1297 1591 1490 1631 Christus
1510 1589 1604 1639 Opt.
1626 1588 1732 1627 Max.

139 1664 188 1701 vt
214 1661 436 1701 succedant
459 1660 730 1700 candidiores.
790 1661 866 1709 Τὴν
883 1664 955 1699 τῶν
976 1663 1071 1710 ἐμῶν
1090 1662 1210 1697 κακῶν
1226 1656 1371 1696 Ἰλιάδα
1394 1655 1546 1705 partim
1565 1667 1615 1693 ex
1632 1654 1739 1693 meis

138 1727 190 1766 ad
211 1727 390 1766 Beatum
409 1726 543 1765 literis
562 1739 792 1776 cognosces,
815 1739 989 1776 quarum
1006 1725 1219 1775 exemplar
1237 1723 1335 1763 misi
1357 1720 1585 1761 Tunstallo.
1645 1720 1738 1759 Iam

140 1792 242 1831 olim
262 1793 385 1843 χανὼν
406 1794 577 1842 expecto
607 1791 816 1830 de'reditu
842 1793 937 1830 tuae
962 1791 1245 1837 bibliothecae,
1269 1789 1497 1838 misereque
1520 1788 1661 1825 metuo
1687 1799 1739 1824 ne

142 1860 306 1897 nostrae
329 1870 463 1907 nugae
480 1857 689 1907 perierint.
738 1856 925 1895 Libellus
942 1858 1040 1895 tuus
1054 1856 1175 1895 auide
1194 1855 1347 1905 legitur
1361 1853 1469 1903 apud
1490 1853 1738 1898 Germanos;
1757 1856 1774 1886 5

144 1923 215 1962 sed
252 1924 392 1961 tamen
434 1922 610 1961 offendit
646 1922 872 1961 nonnullos
910 1921 1258 1968 Constantienses,
1293 1919 1402 1969 quod
1439 1917 1618 1956 videaris
1652 1916 1740 1955 illis

144 1988 325 2027 adimere
343 1988 497 2036 literas,
519 1987 699 2026 tribuere
725 1987 1026 2026 temulentiam.
1087 1987 1321 2026 Statueram
1340 1997 1414 2023 vos
1438 1984 1515 2022 hoc
1535 1984 1740 2021 autumno

147 2052 338 2100 inuisere,
370 2052 643 2102 amplexurus
669 2053 777 2102 quod
807 2052 918 2101 regia
943 2051 1178 2101 benignitas
1206 2051 1316 2088 vltro
1342 2049 1485 2088 defert.
1543 2046 1742 2085 Extincto

150 2117 405 2157 Cancellario
422 2117 530 2155 nihil
545 2119 607 2155 est
623 2117 732 2166 quod
748 2130 909 2166 sperem
928 2131 951 2155 a
972 2116 1135 2155 nostris.
1183 2115 1340 2154 Galliae
1359 2126 1518 2152 nouum
1537 2112 1742 2162 hospitem

151 2183 241 2222 fieri
270 2195 354 2220 non
386 2181 503 2221 libet.
562 2182 608 2221 Si
636 2183 842 2221 accederet
870 2182 978 2231 quod
1008 2182 1128 2220 offert
1148 2181 1245 2227 Rex,
1269 2178 1378 2217 nihil
1404 2177 1606 2217 ambirem
1632 2189 1743 2227 prae·
1763 2180 1802 2202 ¹0

151 2252 274 2287 terea.
333 2247 523 2286 Tandem
551 2247 658 2296 apud
686 2260 764 2285 nos
783 2249 968 2296 prostare
993 2246 1128 2295 coepit
1147 2245 1330 2284 Galenus
1348 2257 1371 2282 a
1390 2243 1566 2281 Linacro
1586 2255 1740 2290 versus,

194 2368 270 2400 886.
305 2377 355 2407 75.
397 2364 618 2406 genealogia]
657 2365 709 2396 Cf.
742 2365 804 2404 Ep.
837 2374 911 2403 324.

152 2422 192 2450 14
209 2421 244 2442 11.

197 2465 249 2494 77.
275 2453 487 2494 Iosephum]
505 2453 591 2483 This
612 2462 724 2484 seems
745 2454 782 2482 to
804 2452 845 2482 be
868 2461 914 2482 an

149 2508 249 2529 error
265 2498 320 2528 for
333 2497 442 2528 Philo
455 2509 461 2527 :
480 2499 517 2527 to
530 2496 651 2527 whose
667 2496 862 2536 authority,
877 2504 915 2526 as

151 2541 247 2572 cited
271 2541 317 2580 by
344 2540 490 2571 Annius
511 2539 572 2579 (cf.
598 2540 660 2580 Ep.
687 2539 760 2578 784.
789 2549 831 2578 49
847 2539 912 2578 τι),

153 2585 321 2615 Erasmus
351 2584 455 2615 twice
487 2583 628 2623 appeals
657 2583 698 2613 in
728 2582 802 2613 this
833 2591 915 2613 eon-

154 2628 287 2659 nexion
305 2628 362 2668 (N.
380 2629 479 2658 Instr.
499 2627 537 2657 ii.
550 2637 607 2667 pp.
626 2627 752 2665 326,7).

198 2671 273 2702 887.
300 2680 330 2709 3.
355 2669 401 2701 ad
417 2670 589 2711 Beatum]
607 2670 672 2709 Ep.
689 2670 764 2708 867.

242 2713 442 2753 Tunstallo]
460 2713 513 2745 Cf.
531 2714 595 2753 Ep.
610 2713 686 2744 886.

197 2767 226 2796 5.
250 2757 383 2797 nugae]
400 2756 451 2789 Cf.
467 2756 532 2797 Ep.
547 2766 601 2795 30.
621 2759 659 2787 16
671 2766 706 2788 n.
746 2756 917 2787 Erasmus

154 2811 227 2833 was
242 2810 322 2832 now
338 2802 376 2831 at
387 2800 486 2831 work
497 2810 595 2840 upon
610 2801 673 2831 the
685 2802 893 2831 Antibarbari
909 2811 917 2838 ;

155 2845 198 2877 cf.
217 2845 279 2884 Ep.
299 2845 370 2884 706.
388 2853 430 2882 32
443 2853 478 2875 n.

197 2889 228 2919 6.
253 2885 561 2927 Constantienses]
586 2887 654 2918 For
675 2887 738 2917 the
753 2886 918 2926 indigna·

155 2933 234 2962 tion
259 2930 409 2962 aroused
432 2930 476 2961 cf.
500 2929 615 2962 MHE.
635 2930 688 2962 iii.
707 2939 769 2970 19;
792 2929 847 2961 Bl.
875 2930 915 2962 E.

155 2985 210 3014 21,
226 2975 279 3006 26.

200 3029 232 3058 7.
267 3017 425 3049 adimere
451 3016 591 3057 literas]
623 3016 668 3047 In
700 3026 765 3047 one
794 3017 833 3048 of
856 3016 918 3047 the

982 2363 1139 2403 prefaces
1163 2365 1199 2394 to
1223 2363 1287 2393 the
1310 2365 1356 2393 De
1377 2365 1503 2400 Fructu,
1534 2371 1568 2401 p.
1593 2371 1624 2400 5,
1654 2361 1743 2392 Pace

979 2407 1176 2447 apologizes
1190 2405 1247 2436 for
1262 2406 1323 2437 the
1340 2406 1601 2444 shortcomings
1621 2405 1659 2435 of
1678 2405 1743 2435 the

980 2450 1077 2481 work
1093 2460 1131 2481 as
1146 2450 1280 2489 having
1295 2451 1385 2480 been
1409 2449 1470 2479 ‘eo
1490 2448 1529 2478 in
1552 2448 1627 2478 loco
1648 2458 1743 2479 com·

979 2495 1136 2534 positum
1147 2493 1207 2523 vbi
1217 2503 1281 2524 nec
1293 2493 1478 2524 doctorum
1489 2492 1744 2522 commercium

980 2547 1045 2568 nec
1060 2537 1126 2567 vlli
1141 2537 1288 2568 fuerunt
1303 2536 1397 2571 libri,
1417 2535 1485 2566 hoc
1501 2537 1554 2565 est
1569 2534 1743 2565 Constan-

979 2581 1051 2612 tiae
1078 2581 1116 2611 in
1144 2580 1285 2620 publico
1307 2580 1535 2619 hypocausto,
1563 2578 1625 2609 vbi
1648 2577 1744 2608 nihil

980 2625 1103 2656 minus
1117 2633 1225 2663 quam
1243 2623 1285 2654 de
1301 2623 1417 2654 literis
1433 2623 1550 2662 agitur
1560 2623 1580 2653 ’.

1070 2666 1341 2706 temulentiam]
1383 2666 1456 2696 The
1498 2665 1679 2696 reference
1712 2665 1744 2695 is

982 2711 1136 2752 perhaps
1152 2713 1189 2741 to
1203 2711 1265 2742 the
1280 2713 1324 2741 De
1334 2713 1460 2748 Fructu,
1478 2719 1510 2749 p.
1525 2718 1567 2748 93
1581 2719 1589 2738 ε
1610 2713 1617 2725 ⁴
1629 2717 1692 2747 ego
1704 2707 1744 2739 in

983 2754 1206 2787 Germanicis
1212 2753 1444 2793 hypocaustis
1453 2755 1488 2783 te
1499 2753 1595 2782 inter
1605 2751 1746 2782 bibulos

982 2798 1118 2838 egregie
1133 2797 1394 2828 declamantem
1410 2795 1535 2827 audiui
1549 2794 1569 2825 '.

1069 2850 1130 2872 vos
1162 2866 1168 2872 .
1200 2866 1207 2872 .
1240 2863 1248 2871 .
1278 2837 1452 2878 inuisere]
1491 2839 1555 2870 See
1585 2838 1650 2878 Ep.
1680 2838 1744 2878 964

984 2884 1115 2916 introd.

1026 2930 1057 2959 8.
1082 2928 1177 2967 regia
1193 2924 1412 2966 benignitas]
1429 2924 1480 2956 Cf.
1492 2925 1555 2965 Ep.
1567 2926 1642 2964 694.
1658 2934 1744 2956 1011.

1027 2983 1059 3011 9.
1085 2969 1323 3010 Cancellario]
1341 2969 1389 3000 Le
1406 2968 1573 3008 Sauvage.

1032 3025 1043 3044 1
1054 3024 1079 3045 1.
1108 3012 1280 3054 Galenus]
1297 3012 1349 3045 Of.
1367 3013 1430 3052 Ep.
1449 3012 1523 3051 785.
1540 3022 1577 3051 17
1591 3022 1626 3043 n.
