2034 3433
142 166 242 222 676]
534 168 603 207 TO
643 168 839 207 ALARD
879 168 949 208 OF
985 167 1340 207 AMSTERDAM
1683 172 1734 209 9¹.)

140 275 274 312 tatum
295 286 381 312 esse
400 276 441 312 et
460 272 663 322 placuisse
687 273 872 311 memini.
932 273 976 312 Si
996 273 1095 322 quid
1115 285 1207 311 meo
1228 272 1422 321 suffragio
1443 271 1607 321 tribuis,
1629 273 1735 311 nihil

140 338 258 377 video
277 340 511 389 profectum
530 351 553 376 a
571 340 735 377 nostrae
763 337 974 388 religionis
999 338 1250 386 hominibus,
1273 338 1345 388 qui
1369 338 1624 387 eloquentiae
1645 352 1738 388 quo·

141 417 221 453 que
248 404 379 455 gloria
407 403 635 451 floruerint,
658 402 765 453 quod
792 416 887 441 cum
916 403 1042 442 huius
1069 403 1210 452 phrasi
1237 403 1290 442 sit
1314 403 1622 442 conferendum.
1680 404 1737 442 Vt

141 482 345 519 nusquam
364 481 449 507 non
468 470 648 518 praestat
667 468 879 518 egregium
905 469 1118 516 artificem,
1142 468 1230 506 siue
1257 470 1414 518 spectes
1434 468 1622 506 ordinem
1650 469 1737 507 siue

140 534 342 573 transitus
380 533 555 572 subinde
593 546 733 581 nouoS,
768 533 854 571 siue
897 547 981 572 non
1009 533 1225 584 vulgarem
1263 533 1495 583 ingressum
1524 534 1737 583 velutique

140 598 271 637 limen
292 598 664 648 argumentationis
680 600 688 637 ἱ
728 599 899 637 Nullam
918 599 1092 637 suasorii
1110 598 1273 648 generis
1291 600 1450 648 partem
1468 612 1553 637 non
1573 600 1734 638 tractat.

142 663 359 713 Nusquam
385 663 544 702 desidet
567 664 611 702 in
636 663 736 702 locis
762 664 1064 702 communibus.
1122 663 1255 712 Magis
1274 666 1391 713 vrget
1410 666 1451 701 et
1471 663 1599 702 instat
1621 676 1737 713 argu·

139 729 303 777 mentis,
320 729 424 767 mire
443 729 592 778 pungit
607 728 947 778 epiphonematis,
965 729 1137 767 delectat
1151 728 1268 767 iuxta
1284 741 1329 766 ac
1344 731 1486 767 mouet
1501 729 1734 768 sententiis.

140 794 339 844 Quodque
377 794 508 844 magis
541 793 668 833 etiam
706 794 944 832 mirandum
978 796 1055 841 est,
1093 794 1151 832 sic
1186 793 1420 832 Isocraticis
1458 794 1737 833 schematibus

140 859 361 906 modulata,
383 861 551 906 structa,
574 860 858 909 picturataque
878 861 942 897 est
965 860 1096 897 oratio
1121 861 1168 897 vt
1191 872 1398 908 nusquam
1425 862 1566 897 tamen
1592 859 1738 909 frigeat

139 927 211 964 aut
238 924 436 974 ineptiat;
465 925 522 963 sic
551 926 696 974 arguta
714 926 762 962 vt
790 924 960 962 interim
990 937 1189 971 neruosa;
1218 923 1276 961 sic
1303 923 1511 962 elaborata
1530 926 1576 963 vt
1595 926 1737 962 tamen

141 990 347 1038 dilucida;
391 990 449 1029 sic
486 1003 604 1038 noua,
637 990 707 1028 sed
736 991 781 1027 vt
818 989 953 1028 toedio
991 992 1126 1028 careat
1164 989 1456 1036 affectationis3
1500 989 1558 1028 sic
1586 989 1738 1028 festiua

141 1057 189 1094 vt
222 1056 355 1094 nihilo
390 1055 522 1094 secius
559 1054 698 1105 grauis
736 1067 781 1092 ac
819 1054 949 1102 seria;
993 1055 1049 1092 sic
1088 1053 1292 1092 rhetorica
1322 1056 1368 1092 vt
1403 1055 1565 1105 γνησίως
1596 1057 1736 1093 tamen
1779 1065 1793 1095 .·

140 1121 404 1167 Christiana;
448 1119 623 1169 denique
660 1119 717 1157 sic
754 1119 858 1157 acris
895 1132 940 1158 ac
972 1119 1194 1157 vehemens
1225 1120 1272 1156 vt
1304 1118 1369 1156 sui
1406 1121 1549 1157 tamen
1581 1119 1736 1168 vbique

141 1186 303 1233 similis,
331 1185 419 1235 pari
447 1185 680 1223 intentione
709 1184 759 1222 ad
788 1186 1021 1222 extremum
1043 1197 1172 1233 vsque
1201 1183 1356 1222 calcem
1382 1196 1616 1233 properans,
1646 1183 1738 1222 sani

140 1251 333 1290 videlicet
346 1250 563 1301 vegetique
578 1249 736 1298 ingenii
750 1251 1056 1299 argumentum.
1104 1248 1347 1287 Gennadius
1362 1248 1463 1286 dum
1478 1249 1576 1287 huic
1591 1248 1737 1287 stilum

140 1316 286 1355 tribuit
300 1315 604 1362 scholasticum,
625 1314 669 1352 ni
684 1314 814 1361 fallor,
833 1313 1072 1364 plusculum
1091 1315 1136 1352 in
1157 1327 1203 1352 eo
1224 1313 1482 1363 desyderauit
1496 1326 1737 1352 arcanarum

141 1382 369 1420 literarum.
431 1381 648 1419 Caeterum
682 1379 875 1417 libellum
909 1379 1020 1418 hunc
1048 1393 1071 1418 a
1102 1379 1317 1428 Rodolpho
1346 1378 1543 1428 Agricola
1570 1392 1738 1417 versum
1760 1391 1774 1411 2

143 1461 227 1486 non
254 1460 341 1485 esse
361 1446 427 1485 vel
455 1445 576 1484 stilus
604 1445 692 1495 ipse
721 1445 821 1483 satis
850 1445 995 1494 arguit,
1027 1445 1270 1495 praesertim
1299 1458 1394 1482 cum
1423 1444 1622 1494 quaedam
1652 1445 1738 1482 sint

141 1514 351 1552 schemata
371 1524 474 1562 quae
492 1524 544 1548 ne
563 1511 724 1560 possint
743 1509 910 1560 quidem
930 1510 980 1548 ad
1003 1510 1201 1548 Graecam
1221 1509 1450 1547 orationem
1476 1508 1735 1558 respondere.

140 1577 383 1617 Gennadius
420 1576 579 1615 indicat
616 1589 703 1614 esse
743 1575 940 1614 Eucherii
977 1575 1268 1625 Lugdimensis
1305 1574 1498 1612 ecclesiae
1536 1574 1738 1624 episcopi:

141 1655 319 1692 moxque
352 1642 479 1680 huius
516 1640 712 1679 meminit
751 1640 949 1689 epistolae
983 1653 1106 1690 quam
1145 1639 1354 1689 scripserit
1391 1639 1442 1677 ad
1470 1639 1738 1678 Valerianum

141 1707 424 1757 propinquum
455 1719 576 1745 suum
608 1706 658 1744 de
689 1708 932 1755 contemptu
960 1706 1107 1744 mundi
1139 1706 1269 1755 deque
1299 1703 1571 1754 relinquendo
1601 1704 1739 1742 studio

141 1773 378 1822 prophanae
397 1771 693 1822 philosophiae.
754 1771 896 1820 Atque
914 1771 1077 1808 vtinam
1097 1770 1256 1820 reliqua
1275 1769 1400 1807 huius
1421 1771 1608 1807 extarent
1625 1770 1634 1807 Σ
1671 1768 1739 1808 vel

141 1837 177 1876 is
196 1837 302 1876 liber
321 1850 401 1887 quo
422 1837 598 1886 carptim
618 1836 791 1874 obscura
811 1849 994 1885 quaeque
1015 1835 1254 1873 diuinorum
1274 1834 1538 1873 voluminum
1560 1834 1738 1884 capitula

140 1902 390 1952 explanauit,
420 1901 488 1941 vel
520 1901 556 1940 is
585 1914 665 1951 quo
695 1900 853 1950 prolixa
882 1900 1067 1939 Cassiani
1099 1900 1294 1950 opuscula
1323 1899 1527 1938 contraxit
1557 1899 1601 1936 in
1630 1912 1738 1938 com-

142 1968 355 2017 pendium.

198 2033 276 2071 Sed
306 2032 405 2082 quid
432 2032 557 2070 vnius
591 2033 662 2070 aut
697 2031 866 2069 alterius
894 2030 992 2069 libri
1026 2031 1228 2069 iacturam
1257 2030 1549 2079 deploramus?

142 2096 367 2146 lachrymis
380 2099 575 2146 tempero,
593 2096 754 2146 quoties
767 2098 959 2134 veterum
975 2096 1224 2146 scriptorum
1241 2095 1446 2145 catalogos
1462 2094 1602 2143 legens
1616 2094 1737 2132 video

143 2174 242 2213 quas
257 2174 353 2211 opes
367 2161 640 2200 amiserimus.
684 2162 822 2210 Auget
833 2160 1148 2210 aegritudinem,
1165 2161 1324 2210 quoties
1336 2159 1447 2197 subit
1462 2172 1535 2208 pro
1548 2159 1738 2208 qualibus

142 2227 306 2266 amissis
326 2226 463 2276 qualia
489 2239 599 2264 nunc
618 2225 745 2275 vulgo
775 2225 972 2274 legamus.
1032 2225 1214 2263 Proinde
1244 2224 1432 2263 studium
1462 2224 1572 2261 istud
1601 2225 1734 2271 tuum,

143 2292 297 2331 A-larde
327 2290 578 2337 charissime,
613 2303 699 2328 non
731 2303 901 2339 possum
934 2303 1019 2328 non
1050 2289 1287 2337 exosculari,
1325 2288 1434 2337 quod
1467 2288 1659 2326 eruendis
1692 2288 1737 2326 in

143 2357 277 2396 lucem
299 2359 488 2394 veterum
517 2355 803 2393 monumentis
831 2355 1052 2404 impendis,
1075 2353 1317 2403 praesertim
1347 2354 1383 2391 si
1406 2366 1485 2402 qua
1511 2355 1609 2390 sunt
1635 2353 1737 2390 eius-

144 2421 257 2461 modi
282 2423 330 2460 vt
359 2434 453 2459 cum
479 2433 576 2459 vera
604 2419 757 2469 pietate
779 2432 920 2457 veram
949 2419 1226 2457 eruditionem
1256 2417 1620 2467 eloquentiamque
1649 2431 1735 2456 con-

188 2539 216 2567 7.
243 2529 428 2568 velutique
444 2539 502 2558 ae:
526 2527 639 2558 veluti
654 2525 719 2566 βῙζ.
1541 2536 1589 2557 12.
1614 2528 1736 2557 tamen

144 2585 205 2612 αη;
231 2582 288 2603 om.
308 2569 333 2610 ζ·
468 2581 520 2601 22.
546 2581 591 2602 ne
606 2569 665 2609 αζι
691 2580 763 2601 non
782 2581 805 2601 ε.

813 2537 862 2557 10.
888 2527 1007 2567 pingit
1022 2539 1052 2566 η.
1146 2537 1195 2557 11.
1221 2527 1389 2557 Isocratis
1403 2537 1436 2565 γ.

941 2580 993 2610 30.
1018 2581 1077 2601 ae:
1103 2571 1276 2601 iacturam
1294 2569 1377 2600 libri
1393 2568 1443 2609 γζ.

1604 2029 1686 2066 Vix
1714 2042 1737 2067 a
1757 2043 1774 2073 3

144 2675 226 2709 scopi
238 2674 280 2702 ad
294 2674 504 2709 propinquum
519 2681 612 2701 suum
629 2681 664 2701 ex
679 2672 766 2700 Greco
777 2672 812 2699 in
825 2671 907 2699 Lati-

146 2725 224 2745 num
245 2724 414 2745 sermonem
429 2724 486 2751 per
508 2716 692 2752 magistrum
714 2715 908 2749 Roczolphum

144 2760 322 2796 Ayrioolam
340 2760 492 2797 traducta,
511 2755 752 2800 <Deventer),
769 2756 791 2786 J
794 2766 842 2787 ac.
863 2756 907 2786 de

145 2801 273 2839 Breda,
292 2811 315 2831 s.
329 2811 359 2831 α.
373 2812 381 2839 ;
396 2800 517 2831 which
534 2802 577 2839 is,
597 2801 637 2830 in
657 2800 737 2840 fact,
753 2800 814 2831 the
832 2802 908 2836 Epi-

145 2847 220 2876 stola
240 2847 392 2883 Eucherii,
411 2846 447 2874 to
470 2844 591 2874 which
608 2844 778 2874 Erasmus
796 2845 907 2873 wrote

144 2888 220 2919 this
253 2887 400 2927 preface.
458 2887 504 2918 In
535 2887 598 2917 the
631 2889 703 2917 Vita
732 2888 904 2925 Ayricolae‚

144 2931 266 2962 which
284 2931 315 2961 is
330 2929 501 2970 probably
516 2930 563 2970 by
577 2930 724 2961 Groswin
737 2930 776 2960 of
786 2930 908 2960 Halen

147 2975 207 3011 (cf.
225 2975 288 3014 Ep.
312 2975 388 3013 839.
410 2983 446 3004 11
461 2973 529 3014 n.),
552 2973 718 3013 Agricola
740 2973 772 3003 is
790 2982 907 3012 repre-

146 3017 272 3049 sented
297 3027 334 3048 as
357 3018 483 3057 saying
505 3017 584 3048 that
601 3016 647 3046 he
666 3016 737 3047 had
760 3016 868 3047 found
887 3026 907 3046 a

902 3084 931 3108 H

974 2669 1089 2701 Greek
1110 2667 1262 2708 original
1283 2669 1319 2698 at
1340 2668 1563 2707 Roermond;
1587 2669 1652 2699 but
1671 2667 1735 2698 the

973 2714 1169 2743 statement
1184 2712 1214 2741 is
1230 2711 1364 2750 clearly
1379 2721 1426 2741 an
1444 2721 1551 2743 error.

1018 2766 1070 2794 23.
1104 2754 1330 2795 Gennadius]
1371 2755 1542 2785 Erasmus
1580 2755 1611 2785 is
1649 2754 1735 2786 here

973 2799 1126 2838 quoting
1146 2799 1208 2829 the
1231 2801 1387 2835 Catazoqus
1410 2800 1578 2828 illustrium
1598 2800 1736 2829 virorum

974 2842 1012 2873 of
1027 2841 1237 2874 Gennadius
1254 2841 1292 2872 of
1304 2841 1503 2872 Marseilles
1519 2841 1566 2883 (fl.
1585 2851 1612 2872 e.
1629 2843 1710 2880 495)
1729 2853 1736 2879 ;

973 2885 1095 2916 which
1109 2885 1153 2916 he
1167 2885 1239 2915 had
1250 2885 1369 2915 edited
1382 2885 1420 2914 in
1432 2885 1632 2915 connexion
1644 2885 1735 2916 with

973 2929 1145 2959 Jerome's
1170 2930 1329 2966 Cataloyus
1355 2931 1537 2964 scriptorum
1558 2931 1736 2959 ecclesiasti-

974 2982 1076 3003 corum
1093 2973 1131 3002 in
1148 2971 1211 3002 the
1232 2972 1369 3002 edition
1391 2973 1430 3002 of
1452 2973 1533 3010 1516
1549 2972 1634 3012 (vol.
1654 2973 1680 3012 i,
1698 2972 1735 3004 ff.

979 3025 1038 3056 119
1055 3025 1139 3054 seq,
1158 3015 1230 3046 and
1246 3015 1315 3046 vol.
1335 3016 1371 3054 ii,
1391 3015 1414 3045 f.
1435 3016 1496 3045 160
1512 3018 1578 3054 νυ).

959 3083 983 3099 0

959 3101 983 3108 -ι

1759 742 1797 763 10
