2034 3433
97 154 195 208 744]
497 156 650 196 FROM
688 156 957 196 WILLIAM
995 157 1268 196 BUDAEUS
1613 158 1690 197 173

96 260 137 299 A
160 272 243 310 quo
265 261 450 310 tempore
476 273 571 298 cum
596 272 671 309 ego
696 260 774 298 tibi
801 260 921 299 binas
947 261 1123 299 subinde
1149 260 1290 299 literas
1314 261 1564 310 scripserim,
1587 275 1692 300 vnas

96 324 204 363 bona
231 338 281 363 ex
309 326 424 375 parte
450 325 633 372 Graecas,
658 337 734 373 ego
755 338 830 375 pro
858 325 924 364 his
951 326 1044 373 duo,
1065 327 1136 364 aut
1164 325 1244 364 tria
1270 326 1322 364 ad
1351 338 1576 374 summum,
1601 340 1624 365 a
1652 329 1691 365 te

96 402 181 428 non
206 389 395 438 epistolia
418 390 490 428 sed
517 390 727 428 chartulas
752 391 853 428 scite
881 391 1050 440 quidem
1079 391 1344 440 complicatas
1372 390 1691 441 obsignatasque
1715 408 1751 430 10

96 455 142 493 in
169 455 348 505 speciem
373 455 578 494 iustarum
605 455 887 505 epistolarum,
910 456 1026 494 intus
1051 456 1180 494 ferme
1208 456 1384 504 inaneis,
1403 456 1549 506 accepi.
1609 457 1690 495 Eas

95 520 132 558 si
164 521 211 558 tu
244 519 446 569 accepisti,
487 521 673 559 excusari
707 521 906 560 Lethaeae
940 521 1162 560 obliuiom's
1195 535 1280 560 non
1313 523 1441 572 potes,
1476 523 1547 572 qui
1580 535 1690 561 nunc

96 599 119 624 a
143 598 210 624 me
235 586 418 636 postules
443 586 547 625 scire
573 587 672 636 qu1d
700 587 857 626 factum
883 587 937 625 Sit
966 588 1049 637 περὶ
1076 590 1141 625 τοῦ
1166 589 1370 634 Βασιλέως,
1389 590 1472 638 περὶ
1498 591 1563 626 τοῦ
1591 588 1690 627 Ἐπι-

95 651 251 689 σκόπου.
308 651 448 689 Vnam
474 664 617 689 earum
642 652 912 701 epistolarum
937 652 1069 691 Badio
1096 652 1297 701 commisi,
1319 652 1491 691 alteram
1521 653 1689 703 quibus-

96 715 190 754 dam
209 715 432 754 iuuenibus
459 717 529 767 qui
555 716 775 766 epistolam
795 730 923 755 vnam
949 731 972 755 a
998 720 1040 755 te
1065 717 1132 755 vel
1160 717 1398 767 epistolium
1416 718 1523 756 mihi
1541 718 1688 757 attule-
1712 735 1749 766 15

96 782 208 819 rant:
234 795 336 831 quos
351 781 591 831 praestolari
603 782 718 820 domi
734 795 848 820 meae
865 782 977 822 iussi.
996 783 1128 832 quoad
1145 796 1194 820 ex
1209 785 1394 833 tempore
1410 784 1687 833 scripsissem;

94 846 353 885 affirmabant
371 847 486 885 enim
504 860 547 885 se
567 850 782 886 curaturos
800 851 844 885 vt
864 848 915 886 ad
935 850 976 886 te
995 848 1240 897 perueniret.

149 911 203 950 In
230 924 277 950 ea
303 912 530 951 scribebam
555 926 623 951 me
648 913 897 951 destitutum
924 912 1052 951 fuisse
1078 912 1130 951 ab
1155 913 1207 951 iis
1235 913 1308 962 qui
1332 914 1373 951 τὸ
1401 914 1518 963 ὄνομά
1544 932 1616 952 σου
1642 915 1688 953 111

95 977 226 1016 oculis
258 977 364 1016 ferre
395 978 668 1025 videbantur;
710 991 790 1028 quo
824 978 993 1016 nomine
1027 991 1101 1027 ego
1134 992 1239 1028 pene
1270 979 1322 1016 iis
1355 979 1595 1019 inimicitias
1626 981 1689 1019 de-

95 1042 302 1081 nunciaui.
362 1043 416 1081 In
444 1042 496 1081 iis
521 1043 765 1093 praecipuus
794 1044 857 1081 est
885 1056 992 1081 vnus
1020 1042 1084 1089 N..
1114 1056 1165 1080 ne
1194 1044 1277 1082 iam
1303 1044 1384 1082 tibi
1411 1046 1572 1084 omneis
1600 1046 1690 1085 eius
1711 1061 1750 1083 20

95 1106 280 1145 nominis
299 1110 455 1155 φιλικῶς
475 1108 571 1158 ἔχειν
589 1111 732 1157 putes:
764 1120 1001 1157 quanquam
1022 1108 1132 1146 nihil
1151 1108 1310 1147 altioris
1328 1109 1486 1148 fraudis
1505 1111 1690 1161 suspicor

94 1184 219 1222 quam
239 1172 348 1222 quod
368 1173 414 1210 in
432 1172 642 1222 proposito
662 1185 747 1210 non
767 1172 961 1221 perstitit.
1019 1173 1138 1213 Οὗτος
1162 1175 1235 1225 γὰρ
1257 1174 1435 1214 κελεύσας
1460 1193 1507 1223 με
1531 1178 1689 1226 γράφειν

94 1237 186 1286 πρός
215 1254 271 1282 σε,
292 1239 338 1277 ὡς
363 1237 641 1286 προστάξαντος
666 1237 783 1286 δήπου
807 1239 873 1275 τοῦ
894 1239 1097 1282 Βασιλέως,
1119 1239 1183 1278 ἕως
1206 1241 1274 1287 μὲν
1300 1240 1346 1277 τὰ
1370 1241 1436 1288 τῆς
1462 1241 1689 1289 ἀποκρίσεως

94 1304 159 1351 τῆς
177 1319 249 1340 σου
269 1305 306 1340 ἐν
324 1302 531 1353 προσδοκίᾳ
555 1302 611 1351 ἦν,
637 1303 755 1342 πολὺς
780 1303 946 1340 ἐπέκειτό
965 1320 1039 1352 μοι,
1062 1305 1180 1353 ζητῶν
1201 1308 1209 1323 ‘
1223 1305 1272 1342 Τί
1290 1304 1372 1354 περὶ
1394 1307 1459 1342 τοῦ
1479 1304 1687 1355 Ἐράσμου;

93 1369 133 1406 τί
165 1366 347 1414 ἐλπίζειν’
387 1368 461 1417 ἔφη
497 1370 616 1418 ζὴμᾶς
654 1368 829 1411 κελεύεις;
877 1369 897 1405 ὁ
936 1369 1123 1408 Βασιλεὺς
1160 1371 1232 1420 γὰρ
1270 1370 1330 1407 καὶ
1367 1370 1588 1420 αὐθαιρέτως
1624 1374 1688 1409 τοῦ
1710 1389 1747 1419 ²5

93 1432 283 1483 Ἐράσμου
307 1434 420 1472 ἐνίοτε
445 1432 662 1483 μέμνηται’.
721 1436 836 1472 ταῦτα
860 1435 928 1483 μὲν
954 1433 1017 1472 οὖν
1039 1435 1203 1475 ἀκούσας
1222 1437 1305 1486 ἐγὼ,
1328 1436 1385 1473 ἵνα
1403 1437 1470 1485 τὴν
1496 1436 1689 1485 ἐπιθυμίαν

93 1498 322 1548 ε’πιτείναιμι,
351 1500 398 1536 τὰ
426 1499 656 1548 ἁρμόττοντα
683 1502 733 1550 τῷ
761 1500 953 1550 πράγματι
981 1500 1239 1550 ἀπεκρινάμην,
1269 1500 1428 1546 ἐλπίζων
1457 1501 1574 1550 δήπου
1601 1519 1689 1551 προ-

91 1562 331 1614 χωρήσαντός
360 1580 424 1601 σοι
441 1566 507 1601 τοῦ
532 1564 751 1615 πράγματος
775 1564 834 1602 καὶ
859 1566 959 1613 τάμὰ
984 1565 1141 1612 βέλτιον
1169 1565 1354 1605 οἴσεσθαι.
1410 1565 1499 1614 Quo
1518 1566 1689 1604 nomine

93 1626 203 1666 male
233 1640 257 1666 a
286 1628 535 1677 quibusdam
564 1628 735 1676 audiui;
776 1630 837 1667 καὶ
866 1631 959 1667 κατὰ,
985 1630 1188 1679 πρόσωπόν
1215 1647 1310 1671 τινες
1337 1631 1567 1680 ἐπετίμησαν
1596 1632 1688 1681 ἐμοὶ,

94 1694 136 1730 οὗ
155 1694 366 1741 φάσκοντές
384 1711 431 1743 με
449 1696 624 1740 συνεῖναι,
646 1697 677 1732 εἷ
696 1695 938 1743 ἀποβήσεταί
953 1711 1016 1732 σοι
1041 1696 1083 1733 τὸ
1109 1699 1276 1748 πρᾶγμα,
1298 1696 1357 1733 καὶ
1376 1695 1420 1744 δὴ
1441 1699 1478 1734 ἐν
1498 1696 1624 1746 ἀτιμίᾳ
1642 1713 1688 1745 με
1708 1715 1748 1746 30

94 1758 154 1796 καὶ
172 1758 256 1799 τοὺς
275 1760 415 1799 ἄλλους
434 1759 590 1797 ἐνταῦθα
616 1760 824 1809 ἐσομένους·
856 1759 973 1809 quasi
999 1759 1154 1798 scilicet
1179 1762 1226 1799 tu
1251 1774 1360 1799 vnuS
1387 1760 1620 1810 κατορθῶσαι
1645 1760 1689 1798 ἂν

93 1824 139 1861 τὰ
156 1824 241 1873 περὶ
265 1824 350 1864 τοὺς
374 1824 510 1876 λόγους
530 1824 742 1874 δυνηθείηςπ
771 1837 866 1862 cum
886 1837 961 1875 ego
980 1824 1149 1863 interim
1168 1838 1337 1864 securus
1355 1824 1544 1863 alacriter
1563 1826 1686 1864 etiam

93 1888 136 1926 τὸ
154 1891 220 1926 τοῦ
239 1890 433 1929 Βασιλέως
452 1891 618 1939 ἔνταλμα
637 1889 751 1928 obire
773 1902 839 1927 me
865 1891 906 1927 et
931 1889 1109 1939 perferre
1136 1891 1359 1940 profiterer,
1380 1891 1562 1931 πεπειθὼς
1580 1890 1688 1939 δῆθεν

94 1955 141 2003 τῇ
172 1954 433 2005 εὐγνωμοσύνῃ
464 1972 546 1993 σου.
608 1954 780 1993 Ἐπειδὰν
809 1955 847 1992 δὲ
875 1957 921 1993 τὰ
948 1956 1150 2006 ’γράμματά
1180 1973 1251 1994 σου
1285 1956 1445 1995 Gallica
1476 1957 1583 1994 facta
1615 1955 1686 2004 (Sic

94 2018 208 2056 enim
245 2019 332 2056 Rex
368 2020 475 2058 mihi
512 2019 750 2070 imperarat)
787 2023 837 2071 τῷ
876 2023 1037 2059 Βασιλεῖ
1072 2023 1260 2072 παρεῖχον,
1298 2023 1339 2059 et
1376 2022 1413 2059 is
1450 2021 1557 2059 mihi
1594 2023 1687 2070 post
1706 2037 1744 2069 35

93 2083 291 2133 perlectas
329 2098 396 2123 eas
427 2085 530 2124 dixit
559 2085 666 2123 nihil
695 2099 745 2123 ex
783 2085 834 2124 iis
864 2085 943 2124 sibi
976 2085 1136 2135 liquere
1165 2087 1265 2135 quid
1294 2086 1373 2124 tibi
1402 2088 1512 2125 esset
1540 2086 1682 2133 animi,

94 2151 135 2187 et
164 2162 238 2199 ego
266 2150 573 2200 respondissem
598 2153 640 2189 et
665 2151 933 2190 caetera—In
963 2151 1031 2189 his
1061 2151 1256 2189 omnibus
1282 2153 1302 2189 ὁ
1323 2151 1552 2191 Ἐπίσκοπος
1577 2154 1597 2189 ὃ
1625 2153 1687 2189 σοὶ

95 2215 254 2263 ἀληθῶς,
287 2217 334 2256 ὡς
371 2215 488 2266 οἶμαι,
519 2217 642 2256 εὔνους
675 2216 722 2254 ὢν
759 2229 973 2265 nunquam
1007 2228 1202 2265 praesens
1234 2216 1344 2263 fuit3
1385 2216 1462 2255 hoc
1495 2217 1607 2255 enim
1641 2218 1685 2254 in

95 2276 275 2330 quodam
307 2293 410 2330 pago
444 2281 618 2330 contigit
650 2281 702 2319 ad
735 2293 858 2330 quem
891 2293 966 2329 ego
1000 2281 1051 2318 de
1084 2280 1287 2319 industria
1318 2294 1384 2319 me
1419 2281 1686 2319 contuleram.

137 2383 170 2415 8.
193 2393 255 2423 ego
270 2394 329 2415 om.
347 2386 390 2415 H.
553 2393 606 2422 30.
634 2384 670 2414 οὐ
686 2381 865 2423 φάσκοντές
880 2385 927 2413 D:
951 2381 1131 2421 φάσκοντες
1147 2379 1184 2411 οὕ
1200 2385 1234 2413 F.
1392 2392 1444 2421 34.
1470 2382 1607 2413 Gallica
1625 2381 1686 2414 D²z

94 2427 224 2458 Latina
239 2425 291 2459 D1.
428 2437 480 2466 37.
506 2426 533 2458 δε
550 2428 690 2458 caetera
706 2429 784 2457 add.
801 2429 845 2457 F:
870 2428 919 2457 rbi
933 2425 974 2455 D¹
992 2428 1137 2457 lacunam
1153 2428 1250 2457 habet.

139 2527 169 2557 8.
196 2526 317 2567 binas]
342 2527 432 2567 Epp.
457 2527 531 2566 568,
556 2526 631 2566 609.
680 2526 727 2557 M.
755 2526 859 2556 Dela·
925 2526 962 2555 at
978 2524 1054 2554 this
1074 2525 1175 2563 point
1199 2524 1257 2563 (cf.
1286 2524 1350 2564 Ep.
1372 2526 1448 2564 906.
1466 2530 1589 2563 530-2)
1615 2525 1687 2554 evi-

97 2569 239 2601 ruelle's
263 2570 418 2601 abstract
445 2570 549 2609 (ΒΕ.4
580 2570 633 2608 13)
663 2570 693 2600 is
720 2572 757 2600 at
783 2569 858 2599 this
925 2568 1054 2607 dently
1065 2577 1138 2598 was
1149 2578 1169 2598 a
1182 2570 1323 2598 resume
1335 2568 1374 2598 of
1386 2568 1449 2608 Ep.
1463 2568 1537 2606 568.
1554 2577 1594 2607 27
1611 2577 1683 2607 seq.

95 2613 200 2653 point
223 2613 448 2653 misleading.
1014 2610 1215 2652 Ἐπισκόπος]
1239 2611 1423 2649 Poncher;
1447 2621 1504 2642 see
1528 2611 1590 2650 Ep.
1608 2620 1684 2650 529.

142 2666 194 2695 14.
217 2656 354 2697 Vnam]
369 2657 432 2696 Ep.
445 2658 520 2695 609.
926 2655 982 2686 He
995 2664 1067 2685 was
1082 2657 1162 2686 sent
1175 2664 1222 2685 011
1234 2664 1282 2686 an
1295 2655 1457 2693 embassy
1468 2656 1505 2685 to
1518 2655 1685 2694 England

183 2699 350 2740 alteram]
366 2700 430 2740 Ep.
446 2701 520 2739 568.
924 2701 961 2729 to
977 2700 1071 2728 treat
1087 2698 1142 2728 for
1158 2698 1219 2728 the
1237 2698 1430 2729 surrender
1446 2698 1485 2729 of
1498 2698 1684 2738 Tournay:

139 2752 192 2775 20.
215 2742 276 2783 N.]
294 2743 344 2773 As
360 2743 410 2774 M.
424 2742 628 2774 Delamelle
642 2743 766 2783 points
781 2744 854 2780 out,
924 2741 1065 2772 arrived
1082 2744 1117 2772 at
1136 2740 1317 2781 Boulogne
1337 2742 1377 2772 16
1392 2741 1498 2781 Sept„
1518 2740 1591 2772 and
1614 2751 1686 2772 was

95 2786 158 2817 the
173 2786 320 2817 obvious
330 2786 511 2817 reference
520 2787 559 2817 in
569 2787 633 2817 the
642 2788 729 2817 next
738 2787 857 2818 clause
924 2784 1094 2816 detained
1110 2784 1165 2815 for
1180 2794 1276 2816 some
1292 2784 1409 2816 weeks
1428 2784 1532 2815 there
1553 2784 1626 2815 and
1648 2788 1684 2816 at

95 2832 133 2860 to
149 2830 212 2870 Ep.
232 2839 305 2869 534.
321 2839 440 2869 32—52,
464 2829 585 2861 makes
607 2830 637 2861 it
659 2829 755 2860 clear
777 2830 857 2861 that
924 2828 1050 2867 Calais,
1067 2828 1193 2867 finally
1205 2828 1375 2867 reaching
1388 2827 1538 2859 London
1548 2827 1687 2868 shortly

95 2872 188 2905 Wm.
209 2873 304 2904 Petit
322 2874 401 2913 (Ep.
418 2882 491 2912 522.
513 2882 551 2911 17
565 2873 619 2912 n.)
636 2873 667 2903 is
682 2873 858 2904 intended
924 2872 1041 2902 before
1060 2881 1096 2901 11
1116 2872 1202 2902 Nov.
1223 2872 1381 2911 (Brewer
1403 2872 1439 2902 ii.
1466 2881 1561 2911 3701,
1586 2881 1683 2911 3723,

96 2916 190 2948 here.
923 2925 1019 2954 3739,
1048 2915 1160 2954 3788).
1207 2915 1266 2946 He
1290 2915 1461 2946 returned
1488 2917 1524 2946 to
1551 2915 1686 2946 Franco

139 2969 195 2999 34.
217 2958 404 3000 γράμματά]
423 2959 488 2999 Ep.
505 2967 579 2999 533.
924 2960 963 2989 111
979 2959 1060 2989 Dec.
1081 2959 1230 2998 (Journal
1250 2959 1327 2989 d'un
1349 2961 1502 2996 bqueois
1523 2961 1560 2989 de
1581 2961 1683 2991 Paris.

139 3013 191 3043 37.
215 3005 252 3035 et
272 3001 425 3044 caetera]
440 3003 515 3034 The
537 3012 681 3043 passage
706 3003 856 3035 omitted
927 3003 1086 3042 1515-36,
1105 3001 1159 3034 ed.
1179 3001 1348 3041 Lalanne,
1369 3002 1459 3042 1854.
1478 3012 1511 3042 p.
1528 3003 1598 3043 61).
