2034 3433
205 120 303 174 871]
756 123 827 162 TO
863 124 1015 163 JOHN
1055 125 1244 166 DRACO
1712 128 1793 167 407

205 224 284 264 (Ep.
301 225 394 265 942),
421 225 492 256 and
516 225 634 256 whom
658 225 703 256 he
727 225 858 257 visited
882 227 1031 258 himself
1050 229 1088 259 in
1115 238 1198 268 1520
1215 229 1342 269 (Lond.
1360 230 1422 261 xii.
1439 239 1490 269 23,
1509 230 1578 261 LB.
1596 232 1690 271 325).
1736 230 1794 261 He

203 268 292 299 then
317 278 414 299 came
440 269 558 300 under
585 269 751 300 Luther’s
778 269 966 309 influence,
993 272 1065 302 and
1092 273 1130 303 in
1160 282 1240 312 1521
1270 283 1340 304 was
1363 273 1503 313 obliged
1528 275 1565 304 to
1591 275 1710 314 resign
1738 273 1796 305 his

203 320 371 352 canonry.
417 312 439 342 J
442 312 566 352 oining
581 313 690 343 Jonas
705 315 740 344 at
756 312 991 354 Wittenberg‚
1012 316 1056 345 he
1073 315 1184 356 began
1201 317 1262 348 the
1280 317 1388 356 study
1403 317 1442 348 of
1455 317 1619 356 Hebrew,
1640 317 1710 348 and
1723 327 1795 348 was

203 354 294 386 D.D.
308 356 347 385 in
363 355 457 386 June
477 365 570 396 1523.
606 356 820 387 Meanwhile
835 357 876 387 in
897 365 978 396 1522
995 359 1041 389 he
1057 368 1129 390 was
1145 360 1275 391 chosen
1288 371 1326 392 as
1339 361 1514 392 Preacher
1530 362 1566 392 to
1582 361 1646 391 the
1658 360 1794 391 church

203 400 240 429 at
256 398 473 440 Miltenberg
489 411 496 437 ;
520 400 585 430 but
599 399 709 439 being
723 400 869 430 accused
883 402 921 430 of
933 401 1061 442 heresy
1076 403 1124 442 by
1140 403 1345 436 Cochlaeus.
1365 405 1403 435 in
1423 413 1504 444 1524
1520 403 1566 434 he
1582 414 1654 435 was
1668 404 1794 435 driven

205 441 292 472 back
307 444 344 473 to
360 443 596 483 Wittenberg.
641 443 750 474 Amid
766 445 918 484 varying
932 445 1093 476 fortunes
1114 446 1159 477 he
1181 448 1349 487 married,
1368 448 1440 478 and
1461 449 1565 488 spent
1581 457 1677 479 some
1693 457 1796 487 years

203 487 240 516 at
256 486 435 517 Eisenach
451 488 488 518 at
504 487 603 517 work
620 496 715 526 upon
731 496 751 517 a
768 487 929 528 Polyglot
954 488 1068 520 Bible.
1115 489 1219 521 From
1248 501 1395 531 1534—47
1418 492 1464 522 he
1479 501 1552 522 was
1568 491 1746 522 Professor
1760 492 1798 522 01·

203 528 382 569 Theology
406 532 443 561 at
471 530 649 570 Marburg,
678 530 775 561 until
802 531 979 562 doctrinal
1002 532 1211 565 differences
1233 534 1350 565 forced
1374 535 1453 566 him
1477 537 1514 565 to
1536 535 1645 566 leave.
1690 534 1797 565 After

204 582 224 603 a
241 573 446 604 settlement
462 576 499 604 at
515 573 657 604 Lubeck
672 574 718 604 he
733 583 806 605 was
826 576 863 605 at
883 574 1031 606 Rostock
1048 575 1261 617 University
1279 579 1369 609 from
1392 587 1470 618 1551
1495 578 1554 609 till
1577 579 1669 617 1560,
1688 577 1794 609 when

205 615 307 647 Duke
322 616 451 647 Albert
469 618 506 648 of
519 617 663 648 Prussia
677 618 730 648 set
751 617 830 648 him
853 627 936 649 over
959 619 1022 649 the
1045 619 1157 659 bpric.
1181 621 1220 651 of
1240 621 1460 653 Pomerania.
1508 622 1578 653 His
1604 622 1673 653 last
1694 631 1797 662 years

203 668 298 690 were
312 660 419 700 given
435 662 472 691 to
488 661 551 691 the
567 661 732 701 printing
747 661 786 691 of
804 661 863 692 his
880 661 1041 702 Polyglot
1057 673 1065 701 ;
1082 672 1179 694 some
1192 665 1354 704 portions
1369 666 1407 696 of
1428 665 1548 696 which
1564 664 1740 705 appeared
1756 665 1794 695 in

204 703 304 742 print
323 704 448 742 1563-5
464 706 501 735 at
523 704 666 744 Leipzig
686 704 758 735 and
774 704 1010 745 Wittenberg.
1060 706 1129 737 His
1154 708 1257 738 other
1281 709 1397 739 works
1421 719 1512 740 were
1537 708 1676 748 mainly
1699 709 1797 739 theo-

204 746 330 786 logica]
344 757 353 786 ;
376 746 422 777 he
438 747 512 778 also
528 748 649 778 edited
664 748 843 779 Eobanus'
858 751 1025 789 Epistozae,
1047 758 1128 789 1543
1145 751 1288 792 (ΕΗΕ).

247 789 312 821 See
336 789 391 822 W.
419 791 571 822 Dilieh's
588 794 665 822 Vrbs
688 794 716 822 et
737 794 910 823 Academia
933 795 1171 832 Marpuryensis
1192 795 1238 835 (a.
1266 796 1380 835 1605),
1408 796 1462 827 ed.
1486 796 1518 828 J.
1543 795 1680 836 Caesar,
1702 795 1793 834 1867,

204 843 262 874 pp.
279 834 355 873 27‚8
369 844 378 872 ;
394 835 466 865 and
479 835 654 866 Kawerau
672 836 710 866 in
728 835 866 875 Herzog
881 846 913 867 v.
936 837 1046 878 12—5.]

280 921 485 952 ERASMVS
515 922 617 954 ROT.
644 922 807 953 IOANNI
840 923 1042 954 DRACONI
1072 923 1132 954 EX
1161 925 1280 955 VRBE
1308 925 1474 956 CAROLI
1505 925 1587 956 SVO
1619 925 1651 956 S.
1676 925 1720 955 D.

257 996 322 1035 V'r
354 998 404 1036 ad
438 998 655 1048 epistolam
683 1000 799 1037 tuam
827 999 968 1048 paucis
993 1000 1275 1049 respondeam,
1308 1000 1610 1040 humanissime
1650 1000 1794 1047 Draco,

204 1062 390 1112 primum
408 1065 503 1112 post
522 1062 691 1113 longam
711 1063 820 1113 apud
844 1063 1077 1102 Basilaeam
1102 1065 1426 1114 aegrotationem
1449 1065 1584 1104 denuo
1604 1065 1798 1115 periculo-

191 1128 368 1167 sissime
397 1128 566 1178 relapso,
598 1128 744 1166 deinde
774 1128 958 1177 negociis
984 1129 1228 1179 vrgentibus
1258 1130 1511 1180 occupatiori
1540 1143 1663 1180 quam
1693 1130 1798 1181 quis-

205 1205 328 1244 quam
347 1194 496 1242 credat,
519 1193 714 1232 Eobanus
734 1195 877 1232 noster
901 1193 1132 1244 voluptatis
1158 1194 1298 1233 attulit
1317 1194 1558 1245 plurimum,
1581 1196 1674 1233 tum
1693 1194 1798 1233 lucri

205 1271 291 1297 non
318 1271 476 1308 parum,
501 1258 573 1308 qui
600 1258 687 1308 ipse
715 1258 781 1296 vir
805 1260 846 1297 et
871 1258 1147 1298 admiratione
1176 1259 1327 1310 dignus
1354 1262 1396 1298 et
1419 1273 1556 1298 amore
1579 1261 1620 1297 te
1639 1272 1797 1298 nouum
1816 1270 1833 1300 5

205 1323 387 1362 amicum
419 1322 527 1361 mihi
559 1322 799 1370 conciliarit,
830 1323 927 1362 licet
954 1323 1029 1362 hac
1060 1326 1169 1362 certe
1198 1327 1314 1374 parte
1352 1325 1454 1363 satis
1493 1324 1718 1374 opulento:
1756 1327 1797 1363 et

205 1388 272 1427 vel
304 1401 412 1426 vnus
444 1387 596 1426 Helius
629 1390 751 1437 queat
785 1388 1053 1427 Germaniam
1090 1391 1278 1428 nostram
1310 1403 1334 1428 a
1367 1390 1553 1429 barbarie
1590 1389 1798 1428 calumnia

205 1453 423 1493 vindicare.
495 1454 630 1492 Deum
675 1453 970 1502 immortalem,
1013 1467 1137 1504 quam
1174 1454 1300 1494 foelix
1344 1455 1546 1494 foelicitas
1566 1443 1571 1447 ⁴
1590 1457 1631 1493 et
1673 1466 1796 1504 quam

205 1519 339 1558 facilis
376 1518 554 1557 facilitas
591 1518 636 1556 in
675 1518 880 1557 carmine!
927 1519 1106 1558 dicerem
1144 1519 1189 1558 in
1230 1520 1309 1558 1100
1350 1522 1541 1558 renatum
1583 1518 1793 1558 Ouidium.

205 1584 348 1634 Neque
366 1584 431 1623 sui
447 1583 663 1622 dissimilis
681 1586 743 1623 est
762 1583 806 1622 in
822 1584 1005 1623 oratione
1024 1584 1183 1624 soluta:
1214 1598 1313 1624 nam
1333 1585 1379 1623 in
1395 1587 1570 1635 vtroque
1589 1583 1797 1634 specimen
1818 1596 1858 1617 10

204 1651 269 1689 sui
297 1649 470 1700 prebuit,
505 1649 628 1699 idque
656 1662 704 1687 ex
738 1650 935 1699 tempore.
1011 1650 1119 1688 Tum
1156 1652 1296 1689 autem
1329 1650 1401 1700 qui
1437 1663 1602 1688 morum
1635 1649 1794 1695 candor,

204 1729 308 1769 quae
340 1715 523 1762 comitas,
558 1728 661 1764 quae
694 1714 896 1753 facilitas!
940 1729 1065 1765 quam
1096 1729 1301 1766 nusquam
1335 1711 1415 1754 est'
1430 1713 1563 1754 affinis
1596 1715 1648 1753 iis
1678 1714 1799 1753 viciis

204 1782 356 1834 quibus
398 1780 524 1830 vulgo
561 1782 660 1818 sunt
697 1779 878 1827 obnoxii,
917 1781 1134 1830 presertim
1172 1781 1281 1831 apud
1319 1780 1458 1829 Italos,
1500 1780 1573 1831 qui
1610 1779 1797 1829 poeticen

205 1847 426 1888 deamant!
462 1858 587 1895 quam
615 1845 682 1894 pia
709 1844 827 1883 Musa
856 1847 1046 1895 castaque
1076 1845 1336 1885 Christianas
1363 1845 1541 1884 celebrat
1569 1844 1796 1883 Heroidas!

206 1913 409 1954 Foelicem
426 1913 571 1961 terque
591 1911 816 1960 quaterque
836 1910 1116 1958 Germaniam,
1140 1912 1177 1949 si
1195 1912 1336 1961 plures
1354 1911 1450 1949 huic
1471 1909 1662 1949 similimi
1681 1910 1797 1947 vates
1818 1918 1855 1950 15

206 1978 489 2019 exorirentur!
519 1978 560 2014 et
580 1975 823 2014 exoriuntur
840 1976 924 2014 iam
943 1976 1112 2026 aliquot.
1172 1976 1254 2016 Sed
1272 1976 1395 2026 longe
1413 1976 1552 2026 plures
1565 1974 1796 2014 exorituros

206 2045 336 2090 video,
370 2042 406 2081 si
432 2041 639 2092 principes
667 2053 712 2079 ac
740 2040 940 2090 primates
968 2041 1149 2091 ingeniis
1180 2041 1382 2079 honorem
1414 2041 1562 2079 habere
1591 2039 1796 2090 ceperint;

207 2108 376 2151 tametsi
394 2108 479 2146 iam
501 2106 580 2144 1100
601 2105 699 2144 facit
721 2105 908 2155 inclytus
932 2105 1004 2144 ille
1034 2106 1237 2145 Saxoniae
1265 2107 1359 2145 Dux
1385 2105 1623 2153 Friderieus,
1652 2104 1797 2143 Archi-

207 2176 419 2227 episcopus
444 2170 789 2221 MoguntinensiS‚
810 2171 879 2209 vel
905 2171 1009 2210 citra
1032 2171 1343 2210 cardinalicium
1371 2171 1559 2221 galerum
1586 2170 1796 2209 maximus

206 2256 252 2282 ac
289 2237 556 2279 clarissimus.
617 2236 760 2274 Vnum
797 2235 876 2274 hoc
909 2248 975 2274 me
1008 2236 1116 2274 male
1148 2236 1286 2284 habet,
1324 2236 1433 2286 quod
1464 2235 1624 2274 Hessus
1656 2236 1798 2273 noster
1817 2246 1857 2268 20

206 2309 373 2347 tantum
409 2303 574 2341 itineris
605 2301 833 2339 exanclarit
861 2301 1026 2340 frustra.
1097 2301 1205 2350 Quid
1235 2301 1347 2339 enim
1375 2301 1536 2340 fructus
1566 2302 1684 2339 erat?
1725 2302 1797 2339 aut

207 2372 314 2424 quod
344 2366 701 2420 opaeraeprecium
720 2365 788 2404 vel
817 2368 954 2405 totum
983 2366 1206 2405 Erasmum
1233 2366 1418 2405 vidisse?
1473 2366 1687 2405 Meliorem
1712 2366 1795 2404 11101

206 2440 376 2489 partem,
406 2434 441 2472 si
469 2431 569 2483 quid
598 2432 643 2470 in
671 2444 737 2470 me
765 2430 865 2469 boni
893 2433 967 2478 est,
998 2430 1083 2470 iam
1111 2431 1157 2469 in
1183 2430 1542 2470 lucubrationibus
1569 2430 1676 2469 meis
1704 2443 1797 2469 con-

207 2503 406 2553 spexerat.
478 2498 620 2545 Porro,
663 2496 770 2548 quod
808 2498 1004 2547 superest,
1045 2509 1204 2546 quaeso,
1241 2496 1340 2546 quid
1377 2496 1501 2535 habet
1537 2495 1758 2534 visendum
1773 2496 1794 2534 ⁶?

208 2569 384 2607 Gratum
404 2564 483 2603 fuit
502 2565 624 2602 tuum
642 2561 958 2609 munusculum,
977 2561 1108 2599 animi
1126 2561 1172 2599 in
1192 2574 1259 2599 me
1276 2561 1340 2599 tui
1358 2560 1609 2611 symbolum.
1816 2572 1854 2603 25

261 2633 375 2672 Bene
394 2628 485 2668 vale
504 2627 690 2667 Louanii.
712 2627 795 2665 xvi.
819 2626 902 2666 Cal.
928 2625 1150 2665 Nouembr.
1173 2627 1310 2665 Anno.
1334 2638 1529 2665 M.D.X11x.

250 2740 282 2770 3.
309 2726 518 2768 vrgentibus
533 2735 577 2756 a:
600 2725 807 2765 ingentibus
825 2726 858 2755 Ο.
990 2724 1022 2754 6.
1047 2734 1067 2753 α
1079 2722 1113 2753 0²
1129 2733 1136 2752 ε
1161 2722 1368 2753 conciliauit
1386 2721 1421 2753 O1
1437 2725 1533 2753 Lond.
1619 2721 1791 2761 opulento

207 2775 317 2811 scripsi
330 2783 338 2803 ε
359 2770 570 2811 opulentum
583 2780 613 2800 α.
699 2768 730 2799 8.
756 2769 792 2799 01
807 2777 865 2799 om.
880 2769 911 2798 0.
1009 2776 1043 2805 9.
1068 2767 1228 2797 carmine
1242 2765 1295 2797 0²:
1322 2775 1465 2796 carmen
1477 2777 1508 2796 a.
1610 2774 1661 2803 14.
1686 2764 1787 2796 Musa

208 2830 228 2848 α
243 2816 280 2849 0²
295 2828 303 2847 z
326 2823 431 2846 causa
449 2812 496 2844 0¹.
619 2820 669 2850 15.
694 2813 818 2850 terque
835 2822 855 2841 α
870 2822 878 2841 :
901 2813 956 2842 ter
974 2813 1005 2842 O.
1145 2811 1193 2840 18.
1220 2809 1443 2841 Friedericus
1458 2819 1503 2848 ’γε
1527 2808 1736 2840 Fredericus
1754 2811 1786 2839 0.

208 2862 260 2892 26.
284 2866 425 2891 naim
439 2868 472 2896 γ.

253 2949 282 2969 2.
307 2931 601 2975 aegrotationem]
616 2932 668 2963 Cf.
684 2931 746 2971 Ep.
759 2932 835 2970 844.
854 2941 918 2970 293
929 2940 965 2961 n.
1036 2930 1190 2969 Leipzig,
1210 2938 1249 2967 13
1261 2929 1356 2960 June
1376 2938 1468 2968 1514.

255 2992 304 3019 14.
329 2976 521 3018 Heroidas]
543 2974 690 3016 printed
704 2975 752 3014 by
768 2975 816 3006 M.
834 2975 965 3012 Lotter,
1083 2983 1133 3013 19.
1156 2972 1332 3014 galerum]
1351 2972 1404 3004 Of.
1422 2973 1486 3013 Ep.
1503 2981 1575 3012 745.
1589 2980 1631 3002 22
1644 2980 1680 3002 n.
