2034 3433
185 171 283 226 867]
626 175 696 214 ΤΟ
733 176 960 216 BEATUS
998 177 1317 218 RHENANUS
1689 182 1765 220 401

183 277 325 327 Coepit
354 280 467 317 enim
489 278 677 318 animum
703 292 845 317 meum
871 280 1043 319 ridicula
1068 282 1271 331 quaedam
1294 283 1485 333 suspicio,
1508 285 1578 322 sed
1607 285 1768 324 vtinam

182 341 296 391 falsa,
319 343 396 382 hoc
416 344 517 382 mali
537 343 730 383 accidisse
749 357 799 382 ex
819 346 1012 383 contactu
1031 347 1125 395 equi
1144 348 1238 385 mei.
1299 348 1477 387 Excussi
1502 348 1615 387 enim
1642 350 1770 388 semel

181 409 305 458 atque
337 409 489 447 iterum
521 422 685 447 muscas
713 408 944 448 insidentes
971 410 1107 457 vlceri‚
1140 425 1267 451 manu
1298 413 1440 452 nuda:
1485 413 1634 452 deinde
1663 414 1769 453 forte

181 474 357 512 tractaui
369 487 414 512 ea
425 473 514 513 loca
533 474 710 524 corporis
729 474 822 521 mei,
839 474 906 512 vel
927 476 1026 513 dum
1047 476 1173 514 reddo
1189 476 1340 515 lotium
1355 478 1422 516 vel
1442 478 1542 516 dum
1555 478 1770 517 indusium

182 549 346 586 repono.
382 538 539 577 Verum
552 538 620 576 hic
635 540 875 576 constanter
895 552 962 576 me
981 538 1096 577 iubet
1116 541 1256 578 animo
1277 553 1418 580 securo
1434 555 1520 580 esse
1536 542 1767 593 chirurgus.

183 601 303 640 Nunc
344 602 511 641 mollior
550 605 611 641 est
640 604 780 640 tumor
807 605 849 640 et
877 602 1075 642 humilior
1099 605 1321 654 aliquanto,
1353 606 1423 644 sed
1453 608 1591 645 tamen
1632 606 1770 646 locum

183 667 368 705 nondum
388 669 535 706 mutat.
592 667 739 706 Vlcera
767 669 866 705 sunt
894 670 1009 706 extra
1037 668 1278 718 periculum,
1302 670 1422 720 glans
1452 671 1524 710 illa
1552 672 1597 710 in
1626 672 1771 711 dextro

182 733 344 781 pectore
365 745 440 770 sua
457 734 604 781 sponte
623 732 846 771 euanescit.

235 796 359 846 Apud
375 796 675 835 Theodoricum
694 799 862 835 curatus
881 797 965 835 fere
986 799 1162 847 quatuor
1180 798 1452 838 hebdomadis
1473 801 1517 838 in
1533 801 1770 840 cubiculum

182 874 323 900 meum
342 861 577 912 remigraui.
637 862 773 900 Semel
795 862 997 901 duntaxat
1015 863 1066 901 ad
1084 864 1324 912 proximum
1348 865 1552 915 templum
1572 867 1652 904 exii
1667 867 1771 905 sacri

181 927 324 974 gratia,
348 927 535 965 nondum
555 929 618 965 sat
637 927 770 965 firmis
788 926 956 965 viribus.
1016 927 1063 966 Si
1080 928 1209 978 pestis
1228 929 1320 976 fuit,
1343 932 1501 979 pestem
1521 944 1611 969 eam
1631 931 1770 971 labore

182 993 224 1030 et
253 991 595 1030 incommoditate
634 992 846 1042 animique
889 992 1034 1030 robore
1072 993 1236 1042 depuli:
1277 994 1440 1043 quando
1476 1007 1771 1045 saepenumero

183 1068 335 1106 magna
366 1057 503 1095 morbi
538 1069 634 1106 pars
667 1058 730 1095 est
767 1056 903 1095 morbi
939 1057 1191 1107 imaginatio.
1259 1059 1328 1097 Ab
1360 1059 1543 1099 aduentu
1581 1062 1772 1111 protinus

182 1121 391 1160 edixeram
430 1135 482 1160 ne
523 1122 617 1172 quis
660 1135 727 1160 me
756 1121 887 1161 adiret
917 1122 998 1161 nisi
1025 1122 1280 1162 nominatim
1309 1124 1478 1172 accitus,
1507 1139 1560 1164 ne
1588 1126 1655 1165 vel
1696 1140 1771 1176 ego

182 1186 376 1236 cuiquam
418 1200 551 1226 essem
589 1187 737 1225 terrori
775 1187 842 1225 vel
882 1187 988 1226 mihi
1031 1188 1250 1238 quisquam
1281 1189 1413 1228 officio
1442 1203 1517 1229 suo
1546 1191 1770 1231 molestus:

183 1254 323 1290 tamen
364 1252 514 1302 irrupit
556 1252 736 1302 Dorpius
778 1252 968 1291 omnium
1009 1253 1181 1302 primus,
1225 1268 1322 1292 mox
1361 1256 1543 1294 Atensis.
1609 1257 1771 1296 Marcus

183 1316 389 1356 Laurinus
417 1319 458 1356 et
482 1317 729 1356 Paschasius
755 1317 976 1366 Berselius‚
1005 1318 1077 1368 qui
1102 1319 1251 1357 cotidie
1275 1319 1459 1369 aderant,
1488 1322 1594 1359 mihi
1619 1321 1771 1361 bonam

182 1382 318 1420 morbi
337 1384 499 1432 partem
519 1383 764 1421 ademerunt
784 1382 1065 1422 mellitissima
1083 1385 1384 1423 consuetudine
1403 1399 1488 1424 sua.

235 1446 295 1484 Mi
324 1447 464 1496 Beate,
493 1449 586 1497 quis
614 1448 796 1486 crederet
825 1448 902 1486 hoc
931 1449 1221 1498 corpusculum
1250 1450 1370 1496 exile,
1397 1450 1621 1490 delicatum
1649 1455 1773 1503 atque

181 1511 307 1550 etiam
349 1515 481 1551 aetate
520 1513 605 1552 iam
632 1512 897 1561 imbecillius,
929 1516 1022 1563 post
1051 1515 1114 1552 tot
1142 1514 1344 1553 itinerum
1370 1515 1548 1563 labores,
1577 1518 1672 1566 post
1709 1518 1772 1555 tot

180 1576 416 1615 studiorum
435 1578 615 1627 sudores,
632 1580 696 1616 tot
714 1577 840 1616 etiam
859 1578 1015 1617 morbis
1034 1579 1307 1618 suffecturum
1323 1581 1344 1618 ‘?
1401 1580 1490 1620 Scis
1510 1581 1622 1619 enim
1647 1594 1771 1631 quam

179 1641 365 1691 grauiter
383 1643 507 1692 paulo
527 1645 623 1681 ante
642 1642 864 1681 laborarim
886 1643 1084 1692 Basileae,
1106 1644 1230 1694 idque
1254 1658 1339 1684 non
1359 1645 1500 1684 semel.
1560 1646 1772 1685 Nonnulla

179 1707 355 1756 suspicio
394 1708 590 1758 tangebat
616 1708 807 1747 animum
835 1722 978 1747 meum
1005 1723 1102 1748 eum
1130 1723 1289 1749 annum
1317 1710 1424 1749 mihi
1452 1712 1539 1750 fore
1578 1711 1771 1751 fatalem:

179 1771 280 1810 adeo
309 1772 419 1811 malo
447 1773 607 1812 malum
636 1773 886 1818 succedebat,
917 1787 1161 1825 semperque
1189 1776 1368 1826 grauius.
1439 1776 1528 1827 Ego
1555 1790 1652 1815 vero
1680 1780 1772 1816 tum

179 1837 305 1876 etiam
334 1851 430 1876 cum
459 1839 640 1877 maxime
668 1839 838 1877 morbus
863 1842 1039 1890 vrgeret,
1062 1841 1121 1879 sic
1149 1853 1261 1879 eram
1289 1841 1460 1880 affectus
1488 1844 1534 1880 vt
1563 1855 1636 1880 nec
1664 1843 1772 1881 vitae

180 1901 393 1952 desyderio
422 1904 624 1943 cruciarer
651 1917 727 1942 nec
756 1904 906 1944 mortis
932 1907 1048 1944 metu
1076 1906 1342 1955 trepidarem.
1411 1907 1464 1945 In
1493 1921 1575 1946 vno
1607 1907 1771 1947 Christo

181 1969 269 2006 tota
297 1980 389 2017 spes
418 1971 518 2018 erat,
540 1982 564 2007 a
583 1982 664 2019 quo
693 1969 802 2008 nihil
831 1969 947 2008 aliud
966 1970 1187 2019 praecabar
1214 1971 1297 2009 nisi
1316 1973 1363 2010 vt
1391 1972 1506 2010 daret
1527 1973 1636 2022 quod
1666 1973 1773 2012 mihi

180 2031 500 2072 saluberrimum
529 2047 617 2072 esse
644 2034 854 2073 iudicaret.
909 2034 1083 2074 quenis
1111 2036 1223 2084 olim,
1244 2038 1291 2075 vt
1319 2037 1510 2085 memini,
1539 2037 1589 2075 ad
1618 2050 1771 2078 nomen

182 2097 309 2135 etiam
347 2098 510 2136 mortisv
527 2098 710 2137 solebam
741 2099 1031 2138 inhorrescere.
1102 2101 1196 2139 Hoc
1223 2103 1332 2139 certe
1360 2101 1515 2151 profeci
1543 2103 1771 2142 accessione

181 2162 339 2207 aetatis,
371 2164 552 2201 mortem
581 2163 731 2201 leuiter
758 2165 912 2213 metuo,
943 2178 1076 2215 neque
1114 2165 1263 2204 metior
1301 2166 1487 2204 hominis
1527 2166 1771 2207 felicitatem

182 2226 468 2276 longaeuitate.
525 2229 702 2265 Annum
732 2228 886 2266 excessi
916 2229 1330 2279 quinquagesimum3
1366 2230 1417 2269 ad
1446 2243 1569 2280 quem
1598 2245 1692 2270 cum
1722 2247 1771 2272 ex

183 2294 269 2330 tam
288 2292 436 2330 multis
456 2293 542 2330 tam
561 2292 680 2342 pauci
710 2292 968 2342 perueniant,
991 2293 1080 2332 iure
1104 2295 1221 2344 queri
1244 2308 1330 2333 non
1349 2308 1518 2344 possum
1538 2309 1606 2334 me
1625 2309 1771 2347 parum

183 2356 256 2395 diu
281 2357 445 2395 vixisse.
505 2356 665 2395 Deinde
683 2356 721 2395 si
740 2357 838 2407 quid
857 2358 935 2396 hoc
955 2358 1008 2396 ad
1027 2371 1117 2397 rem
1135 2359 1324 2409 pertinet,
1346 2360 1428 2398 iam
1449 2373 1560 2399 nunc
1582 2364 1770 2411 paratum

182 2422 245 2460 est
263 2421 574 2461 monimentum
594 2435 675 2472 quo
695 2422 870 2471 posteris
889 2424 1018 2462 tester
1034 2437 1102 2462 me
1121 2424 1286 2463 vixisse.
1345 2425 1401 2463 Et
1412 2425 1600 2465 fortassis
1619 2440 1642 2465 a
1661 2441 1768 2478 rogo,

184 2486 534 2536 quemadmodum
570 2489 714 2537 poetae
752 2486 988 2537 loquuntur,
1029 2490 1075 2526 vt
1112 2489 1353 2528 consilescet
1389 2489 1509 2540 liuor,
1542 2491 1600 2530 ita
1637 2492 1772 2542 magis

183 2550 385 2590 elucescet
416 2551 569 2601 gloria:
612 2565 850 2603 quanquam
890 2566 973 2592 non
1016 2553 1210 2592 conuenit
1237 2557 1284 2594 vt
1313 2554 1598 2595 Christianum
1626 2558 1770 2607 pectus

183 2618 325 2666 tangat
353 2616 537 2656 humana
564 2617 719 2666 gloria;
747 2617 909 2656 vtinam
938 2631 985 2658 ea
1012 2619 1224 2669 contingat
1251 2619 1383 2669 gloria
1410 2622 1457 2659 vt
1485 2620 1652 2660 Christo
1678 2634 1769 2672 pro-

184 2681 354 2720 bemur!
411 2681 526 2721 Bene
551 2683 652 2731 vale,
675 2683 802 2722 Beate
828 2683 1078 2722 charissime.
1135 2684 1302 2724 Caetera
1322 2698 1539 2736 cognosces
1563 2698 1612 2724 ex
1638 2685 1771 2725 literis

183 2746 235 2784 ad
257 2746 513 2796 Capitonem.
573 2747 763 2787 Louanii.
820 2749 901 2787 AN.
923 2762 966 2787 M.
978 2762 1018 2786 D.
1043 2762 1166 2787 xvnI.

226 2854 300 2884 251.
315 2855 568 2885 saepenumero
577 2849 652 2878 add.
662 2850 699 2880 F.
791 2857 865 2887 254.
880 2848 1070 2888 quisquam
1081 2851 1126 2880 E:
1139 2850 1321 2889 quispiam
1331 2853 1370 2881 N.
1463 2860 1536 2891 273.
1551 2854 1595 2882 F:
1610 2853 1721 2883 testor
1732 2855 1769 2884 E.

228 2949 303 2979 243.
328 2939 534 2981 indusium]
552 2940 603 2972 Cf.
623 2941 686 2981 Ep.
707 2951 779 2981 119.
804 2943 873 2973 162.
1060 2951 1131 2982 273.
1162 2952 1182 2973 a
1206 2942 1303 2983 rogo]
1327 2943 1379 2974 Cf.
1403 2943 1492 2975 Ovid
1508 2948 1582 2977 Am.
1603 2955 1628 2975 1.
1649 2954 1697 2985 15.
1716 2955 1768 2985 39.

229 2993 302 3022 270.
332 2984 687 3025 quinquagesimum]
711 2984 761 3016 Cf.
784 2985 849 3025 Ep.
868 2986 943 3017 868.
1017 2985 1117 3025 Prop.
1135 2995 1166 3024 3.
1188 2996 1213 3016 1.
1236 2996 1330 3026 21-4‚
1350 2997 1379 3025 4.
1402 2997 1451 3018 11.
1473 2997 1524 3026 72.

185 3036 229 3066 90
245 3036 280 3058 n.
1061 3039 1135 3068 277.
1159 3029 1289 3071 literis]
1314 3030 1377 3071 Ep.
1393 3031 1466 3070 877.

252 3092 359 3112 amam<
377 3092 419 3112 111
942 3097 970 3123 D
990 3084 1015 3122 d

1791 299 1851 329 240

1791 619 1850 651 245

1791 945 1853 977 250

1793 1269 1853 1301 ²55

1793 1585 1853 1616 260

1793 1912 1853 1952 265

1791 2568 1851 2602 275
