2034 3433
309 121 387 158 314
777 119 1027 158 LETTERS
1067 118 1137 157 OF
1175 119 1441 160 ERASMUS
1779 120 1820 174 [1
1831 132 1852 171 5
1862 135 1876 159 1
1885 124 1908 158 8

310 224 581 273 Hieronymo.
639 224 739 273 Age,
772 222 838 260 vel
868 222 972 260 illud
1003 222 1111 261 mihi
1141 223 1382 272 respondeat
1411 236 1581 262 seuerus
1609 224 1687 262 iste
1716 225 1907 273 monitor,

310 290 464 329 Vtrum
480 289 709 339 optandum
731 288 793 326 est
808 287 1017 326 Ecclesiae
1033 287 1122 334 Dei,
1137 290 1184 326 vt
1203 301 1341 327 sacrae
1360 288 1596 338 Scripturae
1616 288 1743 328 libros
1763 290 1910 330 habeat

311 368 437 404 quam
462 353 821 392 emendatissimos
847 365 900 390 an
924 365 1008 390 non
1023 354 1043 390 i>
1091 352 1136 390 Si
1156 352 1312 391 fatetur
1333 353 1572 403 optandum,
1597 353 1840 404 respondeat
1857 368 1911 392 an

311 420 485 458 fateatur
499 418 645 457 cotidie
657 417 792 456 varias
805 417 977 456 mendas
990 418 1036 456 in
1048 430 1117 456 eos
1130 417 1278 456 inuehi
1287 418 1354 457 vel
1367 418 1532 458 inscitia
1542 419 1835 469 castigatorum
1844 419 1911 458 vel

252 489 294 519 60
311 483 564 533 negligentia
589 482 830 521 scribarum.
877 483 997 532 Quod
1023 483 1059 521 si
1085 495 1171 521 non
1196 484 1334 533 potest
1354 483 1542 533 inficiari,
1563 497 1638 523 cur
1656 497 1742 523 non
1762 483 1911 533 ample-

311 550 438 588 ctitur
450 549 526 587 hoc
540 562 680 587 meum
693 548 894 597 studium,
909 548 1020 599 quod
1034 548 1227 588 omnium
1241 548 1422 588 maxime
1433 550 1482 588 ad
1497 563 1589 589 eam
1602 563 1692 588 rem
1705 549 1908 596 conducit,

311 614 400 653 siue
420 616 466 652 vt
484 614 761 653 emendentur
781 614 1005 664 deprauata
1030 614 1118 653 siue
1144 627 1196 653 ne
1222 614 1502 664 deprauentur
1521 628 1624 665 quae
1652 617 1763 654 recta
1785 615 1914 653 sunt‘?

313 679 646 729 quandoquidem
673 679 815 729 negari
841 693 926 718 non
951 681 1089 730 potest
1115 692 1202 718 esse
1227 680 1430 730 quaedam
1456 680 1501 718 in
1520 680 1726 730 plerisque
1746 678 1912 725 nostris,

312 745 397 784 imo
435 744 481 783 in
520 744 715 784 omnibus
752 745 892 793 ferme,
927 745 1149 796 deprauata
1182 745 1404 785 codicibus.
1474 746 1633 784 Deinde
1666 744 1915 796 respondeat

254 815 293 856 65
313 812 455 849 vtrum
494 810 644 849 referat
678 823 812 849 sacras
846 809 990 849 literas
1024 812 1132 849 recte
1165 810 1349 861 intelligi
1386 824 1439 850 an
1479 824 1574 850 non.
1640 811 1685 849 Si
1715 809 1916 849 fatebitur

314 875 475 922 referre,
506 889 579 913 cur
605 875 777 913 damnat
804 875 991 924 studium
1017 877 1221 921 nostrum,
1252 889 1333 926 quo
1360 878 1422 915 tot
1447 876 1536 915 loca
1559 877 1659 915 sunt
1682 875 1913 925 explanata,

313 953 416 990 quae
448 953 523 978 nec
552 940 640 988 iste,
679 941 954 991 quantumuis
987 941 1145 989 doctus,
1181 941 1385 980 hactenus
1415 941 1658 980 intellexit?
1724 939 1916 989 Perlegat

314 1019 418 1055 opus
436 1007 477 1044 et
497 1007 629 1056 neget,
652 1007 689 1044 si
708 1007 859 1056 potest,
881 1006 992 1056 quod
1013 1006 1103 1045 dico
1122 1020 1269 1045 verum
1284 1020 1383 1046 esse.

371 1085 406 1120 3.
436 1072 514 1110 Ait
533 1071 691 1110 multos
711 1073 879 1110 conatos
900 1071 1137 1111 subuertere
1158 1074 1200 1111 et
1218 1072 1382 1111 abolere
1409 1072 1626 1123 vulgatam
1653 1071 1916 1118 aeditionem,

258 1152 297 1183 70
315 1137 421 1176 alios
439 1139 485 1175 vt
507 1139 702 1176 ornatum
723 1137 929 1176 sermonis
950 1137 1161 1186 adderent,
1185 1137 1287 1177 alios
1306 1140 1353 1177 vt
1372 1138 1597 1177 falsitatem
1624 1137 1892 1176 excluderent
1909 1152 1918 1184 ;

314 1203 385 1241 sed
402 1216 546 1241 omnes
559 1202 715 1242 frustra
727 1204 910 1242 conatos.
958 1203 1053 1242 Non
1065 1204 1191 1254 pudet
1206 1203 1423 1242 hominem
1435 1203 1681 1243 manifestae
1692 1202 1920 1242 vanitatis?

316 1268 506 1307 Proferat
534 1282 666 1307 vnum
694 1268 766 1319 qui
795 1269 871 1307 hoc
903 1271 1074 1308 conatus
1100 1269 1165 1318 sit,
1190 1269 1273 1308 nisi
1301 1269 1406 1308 forte
1436 1269 1617 1308 Fabrum
1645 1282 1775 1308 vnum
1799 1267 1921 1306 nobis

318 1334 494 1373 obiiciet.
1186 1339 1189 1346 “

373 1412 408 1445 4.
441 1398 593 1438 Scribit
613 1399 722 1438 inter
742 1401 804 1438 tot
824 1399 937 1438 viros
957 1399 1105 1439 Latine
1126 1401 1360 1451 Graeceque
1383 1415 1544 1451 gnaros,
1567 1400 1719 1451 quibus
1737 1398 1921 1438 abundat

261 1477 298 1510 75
319 1464 496 1513 Lutetia,
533 1464 767 1511 Germania,
801 1465 972 1514 Anglia,
1003 1466 1149 1514 Scotia,
1188 1467 1403 1505 neminem
1433 1480 1582 1506 ausum
1616 1465 1658 1504 id
1691 1466 1921 1511 attentare;

317 1543 412 1568 cum
451 1543 583 1580 nuper
619 1530 662 1569 id
695 1544 821 1569 ausus
855 1531 910 1569 sit
945 1531 1084 1580 Faber,
1121 1534 1309 1571 nostram
1343 1533 1449 1571 hanc
1482 1532 1731 1571 aeditionem
1764 1530 1920 1580 passim

318 1596 530 1634 incessens
549 1608 594 1634 ac
613 1609 781 1635 vexans.

375 1671 409 1708 5.
444 1661 546 1709 Quis
565 1663 705 1700 autem
723 1674 808 1699 non
828 1661 1027 1711 intelligit
1044 1663 1183 1712 palam
1204 1676 1290 1701 esse
1310 1663 1474 1711 falsum,
1499 1662 1543 1700 in
1570 1662 1684 1701 hisce
1707 1662 1808 1700 locis
1833 1674 1921 1700 esse

320 1728 407 1764 tam
422 1726 578 1764 multos
593 1726 666 1776 qui
683 1726 836 1765 Graece
851 1739 895 1764 ac
917 1726 1062 1765 Latine
1082 1727 1259 1767 calleant
1275 1730 1295 1766 i>
1332 1728 1574 1778 praesertim
1592 1727 1638 1765 in
1658 1726 1802 1774 Scotia‚
1825 1738 1921 1765 cum

261 1799 302 1828 So
320 1790 487 1830 Italiam
494 1791 680 1830 tacuerit.
714 1791 779 1829 Ex
791 1805 871 1841 quo
884 1791 990 1829 mihi
1004 1792 1183 1842 suspicio
1196 1793 1408 1832 suboritur
1418 1793 1634 1831 hominem
1641 1793 1809 1831 Scotum
1818 1804 1919 1830 esse.

377 1859 411 1894 6.
447 1856 539 1894 Iam
560 1857 659 1907 quid
679 1857 851 1895 stultius
870 1857 946 1895 hac
966 1859 1327 1908 argumentatione
1339 1860 1359 1897 ‘?
1415 1859 1424 1877 ‘
1441 1858 1621 1897 Plurimi
1637 1859 1736 1897 sunt
1751 1857 1923 1896 Parisiis

321 1921 432 1960 docti
451 1922 496 1960 in
516 1922 806 1972 philosophia3
840 1923 956 1961 nefas
977 1923 1106 1972 igitur
1126 1924 1223 1962 huic
1243 1927 1315 1963 aut
1341 1924 1405 1962 illi
1431 1924 1653 1974 quicquam
1682 1923 1852 1973 aggredi
1877 1923 1922 1961 in

321 1986 587 2038 philosophia
624 1988 812 2026 nouum.’
868 1988 925 2027 Vt
963 1988 1121 2027 multae
1159 1990 1368 2040 myriades
1405 1989 1501 2035 sint,
1540 2002 1649 2028 vnus
1688 1988 1923 2039 auspicetur

322 2066 483 2092 necesse
515 2056 590 2092 est.
653 2053 708 2092 Et
737 2055 880 2092 tamen
913 2053 1024 2092 inter
1056 2054 1133 2093 hos
1165 2055 1325 2094 multos
1355 2055 1503 2105 opinor
1533 2067 1601 2092 me
1632 2068 1720 2092 non
1750 2053 1924 2092 omnino

263 2125 301 2164 85
321 2120 583 2169 postremum
603 2132 702 2168 esse,
725 2119 834 2169 quod
856 2120 907 2158 ad
926 2120 1144 2170 vtriusque
1163 2120 1330 2170 linguae
1350 2120 1630 2170 cognitionem
1648 2119 1811 2158 attinet.

379 2196 411 2232 7.
444 2184 521 2223 Ait
535 2184 814 2223 Laurentium
828 2185 956 2224 huius
971 2185 1072 2225 mali
1087 2188 1208 2236 caput
1223 2199 1330 2225 esse:
1353 2185 1470 2237 quasi
1484 2185 1555 2224 ille
1569 2185 1740 2224 verterit
1754 2184 1925 2223 Nouum

322 2250 651 2298 Testamentum,
673 2251 746 2288 aut
766 2250 887 2300 quasi
907 2264 993 2289 non
1012 2253 1108 2290 ante
1129 2251 1242 2290 hunc
1261 2251 1373 2290 idem
1392 2251 1535 2290 fecerit
1559 2250 1858 2300 Hieronymus.

380 2319 413 2353 8.
445 2315 606 2354 Deinde
633 2315 878 2354 stultissime
903 2317 1187 2355 stomachatur
1212 2330 1289 2355 nos
1315 2316 1441 2355 verba
1465 2316 1621 2356 Christi
1646 2316 1828 2365 redigere
1847 2314 1927 2354 sub

324 2381 486 2430 regulas
507 2381 683 2420 Donati:
703 2381 876 2430 perinde
896 2381 1013 2431 quasi
1034 2381 1226 2420 Christus
1247 2382 1304 2420 sic
1324 2382 1487 2420 locutus
1507 2382 1561 2420 sit
1575 2380 1926 2431 quemadmodum

265 2463 306 2493 90
325 2446 391 2484 hic
421 2446 549 2484 vertit
576 2447 791 2496 interpres.
854 2446 948 2485 Imo
978 2460 1073 2485 cum
1104 2448 1263 2486 constet
1285 2447 1509 2497 Apostolos
1536 2448 1689 2486 Graece
1713 2444 1927 2495 scripsisse

324 2511 396 2550 sed
423 2524 571 2560 parum
599 2512 825 2560 emendate,
854 2525 907 2550 ne
933 2512 1099 2550 literam
1126 2513 1295 2562 quidem
1321 2514 1460 2550 tamen
1486 2513 1531 2550 in
1557 2512 1709 2550 horum
1738 2523 1927 2549 sermone

325 2576 593 2625 mutauimus,
617 2579 786 2615 tantum
806 2577 923 2616 abest
939 2580 983 2616 vt
1000 2578 1126 2616 verba
1141 2578 1297 2616 Christi
1317 2577 1497 2615 velimus
1517 2576 1594 2616 sub
1614 2577 1725 2627 leges
1743 2576 1923 2615 mittere.

383 2655 417 2689 9.
451 2641 697 2680 Ridiculum
724 2644 765 2680 et
793 2642 910 2689 illud,
942 2643 1049 2692 quod
1070 2642 1269 2692 loquendi
1288 2642 1452 2692 regulas
1472 2642 1591 2681 nobis
1610 2642 1780 2681 tribuit:
1810 2641 1928 2692 quasi
1954 2695 1957 2697 -

328 2720 404 2745 nos
432 2706 565 2745 simus
591 2707 738 2745 Latine
764 2707 964 2757 loquendi
989 2709 1166 2755 autores,
1196 2721 1241 2745 ac
1268 2720 1355 2745 non
1375 2707 1513 2758 potius
1532 2707 1564 2745 ii
1584 2707 1654 2757 qui
1673 2707 1927 2757 scripserunt

269 2789 308 2820 95
327 2774 421 2810 ante
442 2774 620 2811 aetatem
640 2772 809 2811 Christi.

374 2903 423 2931 72.
451 2894 620 2934 Fabrum]
639 2894 692 2926 Cf.
712 2894 775 2934 Ep.
793 2904 867 2933 304.
888 2895 932 2934 89
949 2905 986 2927 n.
1162 2894 1224 2934 Ep.
1243 2904 1318 2934 597.
1335 2905 1377 2934 32
1392 2905 1426 2926 n.

375 2938 424 2974 76.
452 2937 580 2978 Faber]
601 2938 647 2968 In
666 2939 728 2969 the
745 2939 876 2969 second
899 2939 1038 2969 edition
1058 2937 1096 2968 of
1205 2940 1257 2968 86.
1282 2937 1535 2978 Laurentium]
1552 2938 1678 2977 Valla;
1702 2938 1746 2968 cf.
1770 2937 1831 2976 Ep.
1855 2936 1924 2968 182.

330 2978 387 3009 his
409 2979 663 3020 Commentary
679 2992 724 3012 on
751 2982 812 3013 the
835 2981 992 3021 Epistles
1010 2994 1018 3021 ;
1049 2982 1092 3012 cf.
1252 2982 1373 3022 caput]
1392 2983 1443 3013 Cf.
1458 2983 1562 3022 Verg.
1581 2984 1661 3013 Aen.
1681 2990 1730 3011 11.
1748 2982 1824 3020 361.
