2034 3433
217 321 256 352 55

214 640 257 669 (30

214 966 254 1006 65

217 1950 257 1978 So

276 136 357 174 300
740 135 993 174 LETTERS
1033 135 1104 173 OF
1143 134 1410 174 ERASMUS
1747 132 1785 186 [1
1795 146 1816 182 5
1826 148 1840 172 1
1851 139 1872 173 8

275 239 379 278 bene
399 241 614 278 mereatur.
675 238 740 276 Sic
759 237 873 276 enim
893 239 1078 276 veterem
1099 237 1222 276 illum
1243 237 1511 285 Meoenatem,
1535 237 1579 276 in
1599 238 1716 276 cuius
1734 238 1875 277 laudes

275 319 299 343 a
320 307 382 342 tot
406 302 759 354 eloquentissimis
779 302 881 341 viris
900 305 962 341 est
983 302 1250 350 decertatum,
1274 303 1371 340 huic
1391 305 1532 341 nostro
1552 303 1714 341 saeculo
1734 303 1872 352 refers,

275 372 323 408 vt
342 383 427 408 non
448 369 584 407 solum
608 368 749 406 doctos
776 366 936 405 omneis
956 367 1076 414 colas,
1099 367 1303 417 prouehas
1329 368 1561 417 foueasque‚
1583 380 1731 406 verum
1751 369 1876 407 etiam

276 435 532 473 eruditorum
550 434 724 471 chorum
741 445 825 470 non
841 432 982 471 minus
998 445 1120 471 ornes
1135 434 1208 471 tuo
1224 432 1495 471 contubernio
1510 445 1634 482 quam
1649 433 1877 481 patrocinio

277 500 478 538 subleues.
540 498 696 547 Deligis
716 497 882 546 ingenia
903 511 1004 547 quae
1025 498 1186 547 diligas.
1244 500 1384 548 Atque
1405 498 1442 535 is
1462 511 1559 536 sane
1579 497 1689 536 mihi
1709 497 1877 536 demum

277 565 441 602 videtur
459 564 634 613 diligere
663 563 735 612 qui
767 562 920 601 iudicio
951 563 1101 613 diligit.
1175 563 1225 601 Id
1258 563 1336 601 tibi
1366 564 1425 602 sic
1455 564 1705 602 acerrimum
1735 565 1800 601 est
1832 566 1879 601 vt

276 629 409 667 nihilo
430 630 564 667 secius
583 628 835 675 candidum;
865 641 1009 667 rursus
1036 630 1094 667 ita
1118 629 1341 668 candidum
1370 631 1418 667 vt
1446 629 1560 667 noris
1586 628 1685 679 quid
1714 628 1879 667 intersit

275 696 384 732 inter
403 694 638 732 Homerum
658 696 701 732 et
720 693 962 743 Cherylum,
985 694 1096 733 inter
1113 695 1330 733 Maronem
1349 697 1390 733 et
1410 695 1607 733 Meuium.
1668 694 1761 732 Iam
1781 706 1878 732 vero

275 759 602 809 pulcherrimum
623 759 789 809 quidem
809 759 915 798 illud
933 760 1117 798 arbitror
1135 763 1229 798 tuae
1248 760 1419 799 virtutis
1438 762 1744 810 argumentum,
1768 759 1876 809 quod

276 825 361 863 Rex
392 824 784 871 ChristianissimuS,
817 827 1075 875 perspectam
1106 826 1264 864 habens
1294 828 1409 864 tuam
1437 826 1563 864 istam
1592 825 1878 874 integritatem

274 904 319 929 ac
338 890 586 939 sapientiam
612 903 708 928 cum
731 890 962 928 eruditione
989 904 1074 929 non
1100 891 1262 941 vulgari
1288 891 1565 938 coniunctam,
1589 890 1726 928 adhuc
1744 891 1877 928 aetate

274 955 426 994 virenti
451 956 581 994 tantis
611 956 877 1006 negociorum
906 956 1087 995 molibus
1120 957 1371 1006 praefecerit.
1434 957 1515 995 Sed
1543 957 1666 1006 longe
1695 955 1880 1005 pulcrius

276 1022 384 1072 quod
405 1020 613 1070 questoris
632 1034 787 1059 munus
802 1034 874 1070 per
889 1035 932 1060 se
948 1022 1206 1061 inuidiosum
1223 1022 1430 1073 aequitate
1446 1035 1693 1071 morumque
1708 1023 1878 1059 tuorum

276 1087 480 1126 suauitate
518 1086 736 1135 plausibile
773 1087 1086 1138 gratiosumque
1124 1089 1378 1137 reddideris;
1421 1089 1467 1127 in
1506 1101 1588 1138 quo
1627 1086 1786 1125 iamdiu
1820 1087 1879 1125 sic

274 1153 455 1191 versaris
477 1154 525 1190 vt
547 1151 735 1201 Principi
759 1154 831 1190 tuo
859 1166 993 1202 nuper
1019 1154 1148 1192 armis
1174 1157 1338 1204 partam
1363 1154 1537 1203 gloriam
1563 1151 1876 1201 conduplicaris‚

275 1220 376 1257 dum
406 1219 463 1257 ita
491 1218 676 1267 fungeris
701 1218 944 1268 magistratu
974 1222 1020 1258 vt
1047 1221 1181 1259 Italus
1209 1221 1419 1270 intelligat
1437 1221 1479 1258 et
1498 1220 1606 1269 apud
1628 1219 1771 1257 Gallos
1790 1230 1879 1257 esse

276 1284 426 1334 quibus
445 1296 530 1321 non
551 1283 703 1331 pudeat
722 1296 864 1332 parere
881 1298 889 1331 ;
920 1285 1050 1324 immo
1066 1285 1218 1336 quibus
1232 1286 1421 1325 volentes
1436 1299 1481 1325 ac
1496 1286 1687 1324 lubentes
1708 1285 1878 1333 pareant

275 1349 346 1399 qui
365 1362 450 1387 non
470 1348 552 1386 nisi
573 1348 720 1387 virtuti
740 1361 883 1398 parere
903 1350 1153 1390 didicerunt.

330 1414 455 1454 Hisce
474 1414 598 1452 rebus
618 1417 994 1455 commemorandis
1006 1417 1256 1456 iamdudum
1270 1418 1581 1457 inflammatum
1597 1416 1732 1467 magis
1750 1414 1878 1453 etiam

277 1495 322 1519 ac
342 1479 474 1529 magis
495 1479 679 1518 accendit
698 1480 889 1518 animum
909 1495 1051 1520 meum
1066 1486 1207 1522 noster
1222 1483 1387 1532 Caluus,
1408 1483 1575 1522 nullum
1595 1496 1682 1529 non
1703 1492 1877 1520 mouens

275 1547 456 1597 lapidem
476 1559 556 1595 quo
575 1559 642 1584 me
669 1548 807 1584 totum
827 1536 956 1586 intui
982 1552 1141 1599 raperet
1169 1550 1487 1589 admirationem
1507 1564 1515 1597 ;
1545 1549 1648 1587 dum
1667 1546 1879 1598 productis

276 1612 561 1652 voluminibus
591 1612 773 1652 ostendit
800 1614 911 1652 viros
936 1615 1169 1654 eruditione
1196 1618 1454 1666 praestantes
1474 1616 1660 1654 certatim
1682 1612 1877 1653 Grolierii

276 1693 429 1719 nomen
456 1681 544 1718 suis
569 1680 928 1719 lucubrationibus
954 1694 1143 1731 asserere,
1171 1683 1272 1721 satis
1300 1683 1463 1720 illustre
1493 1681 1672 1731 satisque
1701 1679 1878 1731 splendi-

276 1745 376 1782 dum
414 1744 703 1784 existimantes
741 1746 971 1797 cuicunque
1015 1747 1269 1786 clarissimus
1306 1748 1458 1798 vbique
1498 1747 1691 1786 Grolierii
1727 1745 1877 1785 titulus

275 1811 534 1860 praeluxerit.
595 1812 738 1861 Neque
776 1813 890 1851 enim
919 1814 1097 1852 arbitror
1125 1814 1299 1853 eximiae
1337 1814 1487 1853 virtuti
1524 1813 1610 1852 vllo
1649 1825 1751 1863 opus
1787 1825 1875 1851 esse

274 1876 501 1925 praeconio.
562 1876 782 1915 Mediocria
810 1877 998 1917 fortassis
1025 1878 1311 1929 eloquentium
1338 1879 1561 1918 hominum
1581 1879 1749 1928 ingenio
1769 1891 1877 1917 com-

276 1942 552 1990 mendantur3
595 1945 641 1981 vt
679 1943 897 1982 stellarum
935 1943 1080 1983 lumen
1112 1945 1283 1983 lucerna
1316 1946 1410 1995 quis
1442 1946 1620 1994 adiuuet,
1658 1946 1766 1983 certe
1801 1943 1873 1989 501,

274 2008 508 2058 vbicunque
538 2010 612 2053 est,
634 2008 723 2058 ipse
751 2009 831 2047 sibi
859 2009 1078 2059 praelucet,
1102 2011 1308 2050 offuscans
1337 2012 1531 2062 quicquid
1559 2013 1752 2050 externae
1771 2010 1877 2049 lucis

320 2149 373 2178 54.
406 2142 563 2170 veterem
587 2162 595 2170 .
623 2164 631 2171 .
657 2164 665 2171 .
693 2151 744 2180 55.
772 2141 912 2172 53001110
935 2146 979 2179 βε
1012 2142 1098 2173 111110
1127 2142 1244 2173 5001110
1272 2143 1496 2174 Mecenatem
1525 2142 1631 2174 illum
1658 2146 1816 2175 veterem
1845 2159 1874 2177 α.

278 2184 328 2220 56.
355 2184 544 2222 foueasque
561 2187 606 2221 βε
630 2194 669 2215 ac
686 2186 809 2216 foueas
825 2199 853 2217 α.
997 2196 1048 2225 57.
1075 2187 1297 2217 eruditorum
1317 2191 1361 2224 βε
1385 2189 1424 2218 vt
1441 2187 1666 2219 eruditorum
1683 2201 1711 2220 α.
1813 2190 1875 2219 tuo

277 2229 350 2257 «sum.
370 2231 405 2264 β.
497 2228 549 2265 58.
576 2237 661 2258 53110
678 2228 771 2259 mihi
788 2229 935 2260 demum
953 2234 975 2266 β
990 2241 997 2260 :
1021 2230 1167 2260 demum
1185 2231 1279 2260 mihi
1297 2244 1327 2262 α.
1428 2241 1480 2270 59.
1506 2231 1574 2261 tibi
1591 2232 1642 2262 sic
1659 2233 1874 2262 acerrimum

279 2293 285 2299 .
316 2295 323 2301 .
346 2294 353 2301 .
380 2271 433 2302 60.
459 2271 656 2302 candidum
680 2275 718 2303 vt
744 2277 766 2310 β
793 2274 860 2312 (59.
883 2276 937 2304 est
963 2276 1038 2304 add.
1061 2274 1127 2314 D):
1158 2274 1210 2304 ita
1233 2274 1301 2304 tibi
1326 2274 1520 2305 candidum
1547 2277 1610 2316 est,
1637 2277 1677 2306 vt
1699 2277 1821 2307 tamen
1847 2290 1875 2308 α.

277 2315 330 2345 61.
367 2315 464 2345 inter
495 2315 678 2345 Maronem
711 2318 747 2346 et
779 2316 936 2347 Meuium
967 2320 1043 2349 add.
1061 2321 1094 2354 β.
1273 2319 1327 2348 62.
1363 2318 1455 2349 illud
1485 2318 1642 2349 arbitror
1673 2323 1717 2357 fi:
1756 2320 1811 2349 est
1842 2333 1871 2352 α.

277 2359 330 2396 63.
358 2359 580 2398 perspectam
599 2382 606 2389 .
625 2382 632 2389 .
656 2383 663 2389 .
680 2360 733 2399 65.
750 2360 907 2391 molibus
924 2364 946 2398 β
964 2362 1031 2400 (63.
1050 2361 1157 2391 istam
1174 2364 1248 2393 add.
1262 2364 1324 2401 D):
1348 2363 1382 2392 te
1399 2362 1570 2393 iuuenem
1586 2362 1704 2393 adhuc
1721 2363 1875 2402 negociis

279 2402 446 2432 maximis
462 2415 490 2433 a.
613 2403 666 2434 66.
693 2405 874 2442 aequitate
892 2414 1103 2444 morumque
1122 2409 1144 2441 β
1160 2415 1167 2435 2
1191 2414 1332 2436 morum
1353 2419 1381 2437 α.
1514 2407 1566 2443 67.
1595 2406 1732 2437 iamdiu
1746 2408 1819 2437 add.
1838 2410 1872 2443 β.

277 2445 330 2476 68.
356 2445 513 2485 principi
529 2447 591 2476 tuo
608 2456 722 2486 nuper
738 2449 847 2478 armis
863 2452 905 2485 β;
931 2448 1005 2487 regi
1024 2447 1117 2480 bello
1134 2462 1162 2481 α.
1277 2449 1541 2488 conduplicaris
1557 2463 1577 2481 α
1593 2460 1600 2480 :
1624 2449 1818 2490 duplicaris
1834 2452 1871 2481 D.

281 2498 330 2525 70-
358 2488 521 2520 volentes
544 2499 584 2520 30
608 2490 772 2521 lubentes
795 2495 837 2528 β;
870 2491 1026 2522 libenter
1051 2506 1079 2523 α.
1246 2501 1296 2530 72.
1322 2492 1720 2533 commem[m]0randis
1743 2496 1819 2525 add.
1835 2495 1870 2528 β.

279 2542 329 2570 73.
357 2532 501 2563 nullum
526 2555 535 2564 .
561 2557 568 2564 .
594 2556 602 2564 .
628 2543 679 2573 75.
703 2534 953 2566 voluminibus
977 2539 1018 2572 B:
1053 2535 1139 2566 dum
1165 2549 1193 2567 α.
1368 2545 1417 2575 75.
1444 2536 1613 2567 Grolierii
1637 2541 1680 2574 βε
1713 2539 1817 2568 tuum
1843 2550 1872 2569 α.

281 2577 328 2612 76.
354 2576 663 2607 lucubrationibus
676 2581 699 2614 β
713 2588 721 2608 2
745 2578 1069 2609 lucubratiunculis
1085 2592 1113 2611 α.
1204 2579 1361 2618 satisque
1377 2579 1608 2619 splendidum
1625 2581 1874 2612 existimantes

279 2623 323 2654 βε
347 2619 549 2650 iudicantes
565 2634 593 2652 α.
773 2632 822 2661 77.
848 2622 1069 2653 clarissimus
1085 2623 1217 2660 vbique
1235 2625 1309 2653 add.
1327 2626 1361 2660 β.
1534 2625 1585 2662 78.
1610 2625 1765 2655 arbitror
1788 2647 1797 2656 .
1823 2648 1832 2655 .
1863 2646 1872 2656 .

280 2672 330 2700 79.
356 2663 656 2694 commendantur
673 2668 696 2702 β
715 2666 782 2706 (79.
808 2668 858 2697 D:
883 2665 1028 2705 ingenia
1044 2666 1105 2705 β);
1131 2666 1328 2696 virtutibus
1346 2670 1418 2697 tam
1437 2667 1583 2697 eximiis
1596 2668 1670 2698 vllo
1685 2668 1872 2708 praeconio

278 2708 331 2736 est
348 2716 435 2745 opus
453 2720 481 2738 α.
552 2708 604 2738 80.
631 2708 713 2746 quis
729 2709 878 2741 adiuuet
894 2713 936 2746 B:
961 2709 1111 2740 adiuues
1129 2723 1157 2741 α.
1229 2712 1324 2740 certe
1341 2710 1392 2740 sol
1410 2711 1614 2750 vbiounque
1631 2713 1684 2742 est
1700 2722 1740 2743 a:
1763 2711 1817 2743 sol
1832 2714 1870 2742 D.

280 2750 331 2780 81.
357 2750 533 2781 offuscans
550 2755 596 2788 fl:
619 2751 813 2784 obscurans
830 2767 858 2785 α.

317 2902 370 2932 68.
393 2912 507 2947 nuper
521 2903 648 2944 armis]
664 2906 700 2934 at
717 2904 939 2944 Marignano.
1105 2906 1224 2937 wards
1239 2907 1392 2947 adopted
1405 2908 1450 2948 by
1461 2907 1629 2939 Grolier's
1645 2908 1788 2940 natural
1805 2917 1867 2939 son

320 2954 370 2983 75.
395 2946 580 2987 Grolierii]
598 2947 648 2978 At
664 2948 739 2978 this
754 2949 857 2988 point
870 2949 986 2988 Nepos
998 2949 1037 2980 in
1106 2949 1243 2990 Caesar,
1260 2951 1324 2981 but
1340 2953 1492 2982 corrects
1507 2963 1514 2983 :
1531 2953 1605 2983 also
1617 2952 1656 2983 in
1669 2953 1691 2984 l.
1707 2962 1777 2992 117,
1796 2951 1867 2983 and

276 2991 298 3021 β
315 2990 419 3019 twice
436 2990 556 3021 writes
571 2993 722 3031 Glorierii,
742 2992 805 3022 the
822 2992 913 3023 form
930 2992 1037 3023 after·
1107 3003 1194 3024 once
1211 2994 1248 3024 in
1267 3005 1286 3023 α
1304 2994 1343 3034 (1.
1366 2995 1410 3034 1),
1429 3005 1515 3026 once
1531 2996 1570 3026 in
1586 3007 1618 3035 γ.
