2034 3433
111 169 211 224 650]
620 170 691 209 TO
729 170 966 210 ANTONY
1003 169 1192 209 GLAVA
1652 170 1702 207 73

109 274 230 324 periit
259 274 513 324 pleuretide3
554 274 749 312 acerbum
777 273 895 322 mihi,
929 274 1001 312 sed
1034 276 1176 312 tamen
1204 272 1276 311 ille
1306 284 1412 322 pene
1446 271 1597 321 dignus
1625 272 1702 310 hoe

110 338 237 386 malo,
257 339 330 389 qui
349 339 437 378 suis
456 339 577 378 bonis
600 338 683 377 frui
707 338 901 387 noluerit,
923 352 976 377 ne
999 339 1142 378 fratris
1168 337 1336 388 quidem
1359 337 1548 386 exemplo
1571 337 1702 375 deter-

110 403 216 443 ritus
233 405 285 443 ab
305 404 534 454 Hispaniis.
594 404 780 442 Batauus
800 404 870 454 qui
897 404 972 443 has
997 404 1164 454 perfert,
1186 403 1246 442 ita
1272 404 1323 442 de
1348 405 1390 441 te
1415 402 1554 449 sentit,
1576 402 1635 440 ita
1653 415 1703 440 ex

109 471 150 507 te
168 469 332 519 pendet,
349 470 409 508 ita
422 471 464 507 te
479 469 656 520 respicit,
674 471 731 518 vt,
749 469 786 508 si
800 469 907 508 nihil
922 469 1088 508 accedat
1101 468 1226 517 aliud,
1244 468 1323 507 tibi
1336 468 1391 507 sit
1405 467 1701 515 subleuandus,

110 534 182 572 vbi
211 547 275 573 res
299 533 536 585 postulabit.
597 534 823 585 Negocium
850 534 971 574 nosti.
1033 534 1175 573 Saluta
1201 533 1430 572 Robertum
1451 533 1642 573 Cesarem
1662 535 1702 571 et

110 599 327 648 medicum,
350 600 478 639 Olaua
496 600 683 639 Clauum.
746 600 914 650 Optimo
933 613 1080 651 genero
1095 612 1140 638 ac
1156 598 1418 638 dulcissimae
1436 598 1544 637 filiae
1564 597 1704 636 omnia

110 663 217 703 laeta
235 677 386 714 precor,
409 665 619 715 imprimis
633 665 762 704 vxori.
809 664 932 704 Mitto
947 664 1194 715 Apologiam
1214 676 1294 714 qua
1309 663 1443 703 Fabro
1462 663 1700 714 respondeo,

111 730 183 767 sed
204 730 500 768 eoactissimus.
559 729 689 768 onri
708 729 888 769 salutem
907 729 1046 769 dicito.

167 794 345 833 Louanii
365 795 497 845 pridie
517 795 650 834 Natal.
676 795 863 846 Virginis
882 795 1039 834 matris.

540 927 637 967 651.
701 925 763 966 To
794 924 988 966 MARCUS
1019 925 1274 966 LAURINUS.

158 1019 344 1056 Deventer
362 1019 437 1055 MS.
457 1030 512 1066 91,
531 1020 556 1056 f.
577 1030 631 1065 51.
1380 1019 1553 1055 Louvain.

158 1077 231 1112 LB.
250 1078 345 1124 App.
367 1079 442 1121 176.
1278 1086 1296 1120 7
1316 1076 1538 1122 September
1559 1087 1658 1122 1517.

586 1158 793 1189 ERASMVS
822 1157 977 1189 MARCO
1010 1157 1091 1187 SVO
1125 1157 1157 1187 S.
1185 1157 1226 1188 D.

164 1239 344 1277 Aomm
363 1239 440 1277 tibi
459 1239 620 1289 gratias,
642 1238 945 1277 humanissime
971 1238 1116 1287 Marce,
1138 1251 1213 1288 pro
1239 1241 1326 1278 tam
1353 1239 1554 1288 singulari
1574 1239 1619 1278 in
1638 1253 1704 1279 me

109 1303 399 1353 hospitalitate,
434 1303 516 1342 nisi
548 1303 654 1342 istuc
683 1303 761 1342 tibi
791 1305 877 1342 tam
907 1316 992 1342 non
1020 1306 1128 1342 esset
1158 1317 1326 1342 nouum.
1386 1303 1555 1354 Optimo
1584 1305 1705 1344 fratri

110 1370 180 1407 tuo
211 1368 399 1418 Mathiae,
429 1369 599 1408 domino
628 1369 915 1419 Hydorrhoeo,
941 1369 1030 1407 siue
1057 1369 1274 1408 Flandrice
1302 1369 1438 1409 mauis
1461 1369 1706 1409 Waterulie-

110 1433 228 1482 tensi,
266 1433 372 1472 meis
403 1433 543 1472 verbis
577 1434 848 1484 gratulaberis
880 1433 1045 1473 felicem
1083 1447 1132 1472 ex
1170 1434 1377 1484 Hispania
1413 1435 1622 1483 reditum3
1663 1438 1703 1474 et

111 1499 281 1548 quidem
301 1499 401 1538 adeo
420 1500 633 1538 maturum
658 1501 705 1538 vt
732 1513 920 1538 reuersus
946 1499 1000 1538 sit
1026 1500 1149 1539 nobis
1173 1502 1398 1550 antequam
1423 1500 1524 1539 illuc
1543 1501 1701 1540 abierit.

110 1563 315 1602 crumena
333 1566 505 1614 paterna
527 1565 651 1614 plane
677 1564 815 1604 fatalis
841 1567 931 1615 est3
960 1578 1058 1604 nam
1084 1566 1245 1616 praeter
1271 1565 1572 1616 quinquaginta
1598 1579 1704 1604 coro-

110 1630 229 1668 natos
248 1643 270 1668 e
289 1629 401 1668 coelo
420 1630 607 1680 delapsos
631 1630 795 1680 Brugis,
818 1643 916 1669 mox
941 1631 1177 1670 Louanium
1203 1630 1323 1670 missi
1346 1632 1447 1670 sunt
1464 1633 1635 1670 centum
1653 1645 1705 1671 ex

110 1694 205 1732 aula
223 1695 368 1734 floreni
386 1709 432 1734 ac
451 1709 618 1734 rursum
639 1709 690 1735 ex
709 1696 866 1747 Anglia
890 1696 1064 1746 trigInta
1089 1710 1160 1735 sex
1178 1696 1391 1747 philippei.
1451 1697 1607 1736 Verum
1627 1697 1704 1736 1100

109 1759 236 1798 habet
254 1760 350 1799 vitii
369 1761 477 1811 quod
498 1774 582 1799 non
602 1761 744 1800 minus
762 1761 891 1800 effluit
910 1763 1083 1812 pecunia
1102 1774 1227 1812 quam
1247 1761 1397 1800 influit.

165 1824 363 1864 Nondum
388 1826 511 1876 plane
538 1826 703 1865 consedi
728 1826 915 1876 Louanii,
940 1827 1011 1866 sed
1038 1826 1148 1865 intra
1176 1826 1455 1876 quadriduum
1484 1828 1704 1866 consedere

109 1891 181 1938 sat,
213 1892 260 1928 vt
289 1891 443 1941 opinor,
476 1893 702 1941 commode,
735 1892 859 1942 idque
888 1893 933 1930 in
963 1891 1146 1941 Collegio
1177 1891 1351 1930 Liliensi
1379 1891 1489 1942 apud
1516 1892 1704 1932 eruditis-

111 1954 266 1994 simum
295 1956 450 2006 pariter
481 1958 605 2007 atque
638 1957 992 1996 humanissimum
1023 1957 1163 1995 virum
1196 1956 1250 1994 M.
1284 1957 1489 1995 Ioannem
1523 1957 1704 1997 Neuium

112 2019 476 2061 Hontiscotanum.
548 2022 731 2061 Fabrum
765 2023 954 2061 omnium
987 2021 1192 2072 suffragiis
1226 2021 1317 2070 vici,
1352 2034 1509 2070 verum,
1546 2022 1604 2061 ita
1636 2036 1704 2061 me

112 2085 225 2123 Deus
257 2089 377 2135 amet,
412 2087 519 2126 113110
551 2088 638 2138 ipse
672 2088 889 2127 victoriam
923 2088 1004 2126 odi.
1062 2087 1234 2125 Vtinam
1272 2086 1335 2124 illi
1370 2087 1536 2137 quiduis
1567 2088 1705 2138 potius

113 2150 294 2189 venisset
314 2151 358 2189 in
377 2154 563 2190 mentem
583 2166 708 2203 quam
726 2155 773 2192 vt
794 2154 844 2192 ad
864 2154 941 2192 hoc
961 2155 1170 2192 certamen
1191 2165 1258 2190 me
1277 2154 1540 2201 prouocaret!
1592 2154 1703 2192 Amo

112 2215 328 2254 hominem
352 2229 403 2254 ex
427 2217 577 2266 animo,
600 2218 670 2256 sed
694 2219 761 2257 hic
787 2220 955 2257 tantum
982 2218 1047 2256 sui
1071 2217 1332 2265 dissimilem,
1355 2219 1396 2256 et
1415 2219 1460 2256 in
1484 2231 1553 2256 me
1571 2230 1704 2256 vnum

113 2279 158 2317 in
178 2293 301 2330 quem
319 2281 497 2319 minime
517 2283 708 2331 oportuit.
767 2282 994 2334 Apologiae
1012 2282 1203 2320 libellum
1228 2281 1308 2319 tibi
1335 2282 1443 2320 dono
1463 2282 1597 2321 mitto.
1660 2282 1706 2321 Si

112 2344 191 2384 tibi
219 2347 485 2385 commodum
515 2347 645 2385 fuerit
672 2347 754 2386 huc
783 2347 1064 2397 commigrare,
1087 2347 1239 2385 senties
1264 2346 1376 2384 hunc
1405 2347 1625 2385 Erasmum
1655 2360 1705 2385 ex

468 2444 543 2475 650.
573 2454 604 2483 7.
628 2454 671 2475 ex
687 2446 724 2475 te
739 2444 873 2484 pendet
891 2447 957 2482 LB,
974 2447 1045 2475 scite
1059 2456 1065 2475 z
1089 2443 1265 2484 expendet
1279 2446 1347 2475 MS.

112 2531 240 2569 again;
261 2531 332 2561 and
350 2531 442 2562 later
452 2531 776 2563 Vice-Chancellor.
811 2532 875 2563 See
943 2532 1029 2572 Epp.
1049 2542 1121 2571 719,
1142 2541 1217 2570 743.

112 2573 192 2605 Val.
211 2574 384 2615 Andreas,
402 2578 492 2606 Fasti
505 2578 607 2606 Acad.
624 2578 758 2613 Louan„
779 2576 877 2615 1650,
1032 2575 1142 2606 Claua
1179 2574 1349 2616 Clauum]
1388 2584 1434 2606 an
1472 2575 1627 2606 allusion
1667 2577 1704 2606 to

113 2626 170 2656 pp.
206 2628 259 2656 40,
292 2628 347 2658 41,
377 2619 428 2659 78,
464 2629 531 2659 993
567 2619 640 2650 and
670 2619 714 2650 de
745 2619 874 2659 Jongh,
944 2621 1048 2657 Adaq.
1068 2629 1154 2657 104:
1182 2618 1343 2649 ‘clauum
1358 2619 1458 2649 clauo
1474 2619 1628 2658 pellere.’

113 2670 145 2699 p.
176 2668 248 2699 155.
987 2663 1062 2693 651.
1088 2672 1117 2692 2.
1142 2662 1407 2703 hospitalitate]
1426 2662 1475 2693 Of.
1492 2672 1526 2702 p.
1543 2672 1574 2701 3.

158 2703 233 2734 650.
257 2705 288 2734 6.
311 2704 450 2745 fratris]
468 2705 518 2736 Of.
536 2706 601 2746 Ep.
622 2716 692 2745 157.
712 2715 800 2746 5911.
987 2716 1020 2745 3.
1043 2705 1217 2746 Mathiae]
1250 2705 1314 2736 See
1342 2706 1405 2745 Ep.
1430 2716 1504 2736 201.
1532 2715 1552 2735 2
1567 2715 1602 2736 n.
1648 2705 1704 2737 He

161 2757 188 2785 7.
213 2747 387 2788 Batauus]
404 2748 456 2780 Cf.
476 2749 539 2789 Ep.
561 2750 635 2789 665.
655 2759 688 2789 3.
943 2748 1194 2789 accompanied
1231 2748 1378 2780 Charles
1416 2751 1453 2779 to
1487 2749 1622 2788 Spain;
1659 2749 1701 2782 cf.

161 2800 211 2821 10.
234 2791 434 2832 medicum]
471 2801 491 2822 a
529 2792 650 2824 Ghent
686 2793 877 2833 physician
944 2794 1031 2833 Epp.
1052 2802 1126 2832 717,
1153 2802 1226 2833 740,
1256 2792 1328 2823 and
1356 2791 1519 2823 Gachard
1541 2793 1579 2824 ii.
1606 2802 1680 2831 505.

115 2833 244 2864 named
261 2834 390 2865 Clavus
406 2835 584 2876 (perhaps,
601 2845 639 2867 as
661 2836 707 2868 M.
723 2837 876 2867 Vanden
987 2847 1018 2875 4.
1044 2836 1216 2875 reditum]
1234 2835 1459 2876 Evidentlya
1480 2835 1554 2875 jest
1577 2846 1622 2867 on
1640 2837 1703 2867 the

115 2877 254 2917 Berghe
265 2880 434 2918 suggests,
449 2879 585 2919 Nagel).
618 2880 706 2920 Epp.
721 2880 796 2920 681,
814 2881 877 2919 788
942 2880 1025 2920 long
1041 2879 1147 2919 delay
1160 2879 1196 2909 in
1215 2879 1379 2918 starting.

114 2921 213 2951 show
235 2920 317 2951 that
345 2921 514 2952 Erasmus
542 2922 682 2954 wished
703 2923 817 2954 Gilles
840 2926 877 2954 to
985 2924 1016 2954 6.
1042 2922 1179 2963 fatalis]
1195 2922 1248 2954 Cf.
1266 2922 1328 2962 Ep.
1347 2923 1399 2953 80.
1418 2931 1459 2961 79
1471 2932 1506 2954 11.

115 2963 256 2994 consult
279 2963 379 3001 him;
403 2965 476 2995 and
508 2965 553 2996 he
583 2967 615 2996 is
637 2966 791 3007 perhaps
813 2967 876 2998 the
1029 2966 1307 3007 quinquaginta]
1327 2966 1376 2997 Cf.
1396 2966 1460 3006 Ep.
1478 2976 1552 3006 597.
1573 2968 1623 2997 18.

114 3007 252 3038 Adrian
277 3007 314 3038 of
345 3007 433 3048 Epp.
471 3017 545 3048 755,
574 3009 648 3041 818.
708 3010 772 3041 See
802 3011 876 3042 also
988 3019 1015 3048 7.
1041 3019 1083 3040 ex
1098 3009 1196 3050 aula]
1215 3009 1268 3040 Cf.
1286 3010 1350 3049 Ep.
1368 3010 1444 3040 616.
1466 3019 1494 3041 1.

1722 288 1740 320 5

1725 612 1763 635 10

1726 1839 1765 1861 10

1725 2163 1762 2195 15
