2034 3433
288 142 367 181 274
751 141 1000 180 LETTERS
1039 141 1109 179 OF
1146 140 1412 179 ERASMUS
1754 139 1793 193 [1
1803 151 1824 188 5
1834 153 1847 177 1
1858 144 1880 176 8

210 256 269 289 195
289 246 323 283 si
350 258 448 284 mox
476 246 612 295 ipsum
640 244 728 282 fieri
757 245 910 294 nequit,
936 242 1125 281 nondum
1147 242 1271 291 plane
1296 242 1495 279 abstersis
1523 241 1686 290 animis,
1714 244 1882 282 tametsi

289 311 536 360 compositis,
560 311 667 348 certe
687 311 734 347 vt
756 308 974 359 praeterita
993 307 1159 346 silentio
1186 308 1320 356 atque,
1343 305 1379 344 si
1397 306 1487 344 fieri
1505 306 1648 356 possit,
1670 307 1881 347 obliuione

290 375 481 413 obruatis.
525 375 770 423 Quanquam
784 386 1031 423 magnorum
1046 374 1238 410 autorum
1255 371 1443 420 exemplo
1456 371 1627 410 honeste
1642 371 1734 410 fieri
1747 375 1883 422 potest

288 442 334 478 vt
354 440 397 477 in
417 439 620 489 aliquibus
639 438 723 476 tuis
742 438 937 488 illiusque
966 437 1128 487 scriptis
1147 436 1223 474 hoc
1244 436 1545 474 vulnusculum
1566 439 1729 475 vestrae
1748 437 1882 476 famae

289 505 472 543 cicatrice
500 504 637 553 aliqua
666 504 840 543 honesta
865 503 932 542 vel
960 502 1122 553 splenio
1148 501 1322 540 solerter
1348 502 1586 549 obducatur,
1609 502 1883 553 hominesque

209 584 270 606 200
289 570 396 608 docti
425 569 664 619 intelligant
695 568 1004 607 contentionem
1034 568 1140 606 hanc
1169 567 1309 616 potius
1338 580 1464 617 quam
1494 567 1764 606 offensionem
1799 569 1884 606 ani-

289 647 452 672 morum
484 634 623 672 fuisse.
698 633 839 684 Neque
872 646 968 672 vero
1002 646 1097 671 cum
1125 645 1172 670 ea
1200 633 1251 670 ad
1280 634 1321 670 te
1351 632 1510 682 scripsi,
1545 634 1632 671 tam
1661 634 1885 683 praeterita

288 699 582 748 reprehendere
615 699 739 744 volui,
776 712 879 749 quae
913 700 995 738 iam
1030 699 1164 737 teneri
1201 711 1288 736 non
1325 700 1518 748 poterant
1557 699 1599 736 et
1636 700 1882 748 potestatem

289 769 403 802 tuam
429 764 622 810 exierant,
647 777 772 814 quam
801 764 991 803 inhibere
1019 764 1266 813 gliscentem
1294 763 1605 802 contentionem
1634 763 1751 803 nisus
1776 778 1881 808 sum.v

290 843 340 867 ne
363 829 472 868 vltra
501 829 672 868 modum
702 831 926 869 cresceret:
955 842 1194 880 quanquam
1223 829 1266 867 id
1297 830 1344 867 tu
1373 829 1493 868 aliter
1518 829 1814 879 interpretaris,
1839 839 1884 869 vt

211 909 270 941 205
288 895 393 933 mihi
421 908 581 945 semper
603 895 742 945 inique
772 895 962 945 suspicax
984 908 1037 934 es.
1096 895 1172 933 Est
1196 895 1323 933 etiam
1349 895 1458 944 apud
1478 908 1555 933 nos
1574 896 1618 933 in
1638 896 1884 935 vniuersum

288 960 365 998 hac
397 960 445 998 de
474 964 610 999 vestra
638 960 894 999 dissensione
922 960 1138 1008 sententia,
1176 960 1311 1009 magis
1339 962 1386 998 vt
1414 960 1495 998 viri
1532 960 1631 999 boni
1658 974 1885 1011 grauesque

289 1025 452 1064 doleant
484 1025 753 1075 intemperias
782 1026 981 1076 quasdam
1010 1026 1069 1064 rei
1102 1025 1309 1063 literariae
1338 1025 1530 1064 aduersas
1559 1025 1670 1064 inter
1703 1039 1778 1064 vos
1810 1026 1885 1065 has

289 1090 434 1129 turbas
453 1092 708 1139 excitauisse,
732 1105 855 1141 quam
875 1094 921 1129 vt
941 1092 1120 1130 alterum
1141 1091 1258 1129 facile
1279 1092 1519 1129 damnaturi
1539 1091 1625 1130 sint
1645 1093 1686 1130 et
1705 1091 1883 1130 alterum

290 1156 527 1203 absoluturi,
560 1157 821 1207 maximeque
843 1158 1040 1206 exoptent
1066 1170 1140 1195 vos
1166 1157 1210 1194 in
1240 1157 1416 1206 gratiam
1444 1157 1586 1194 redire.
1647 1155 1739 1195 Hoc
1762 1157 1885 1195 modo

213 1237 273 1259 210
289 1222 459 1260 fortasse
475 1221 628 1260 nobilis
640 1221 714 1260 illa
729 1222 941 1260 contentio
956 1221 1065 1260 inter
1080 1221 1390 1270 Hieronymum
1407 1221 1704 1271 Ruffinumque
1719 1222 1883 1269 coaluit,

291 1287 359 1325 sed
397 1287 651 1337 peruicacius
694 1287 952 1337 atrociusque
990 1287 1158 1325 exarsit.
1232 1288 1374 1336 Vsque
1411 1287 1511 1326 adeo
1550 1288 1785 1326 humanum
1821 1289 1886 1326 est

291 1365 464 1401 peccare,
486 1352 610 1401 idque
636 1352 717 1389 fert
742 1352 928 1391 humana
948 1352 1139 1400 conditio,
1162 1354 1208 1391 vt
1227 1352 1272 1390 in
1293 1352 1394 1390 viris
1414 1353 1570 1403 alioqui
1589 1353 1768 1392 summis
1787 1353 1884 1392 haec·

291 1417 410 1468 culpa
453 1417 685 1456 luculenter
729 1417 1087 1467 deprehendatur;
1141 1430 1236 1455 cum
1282 1417 1560 1456 contentionis
1601 1417 1883 1457 blandimenta

292 1483 441 1521 rationi
465 1483 700 1533 obrepentia
726 1483 784 1522 ita
810 1482 1023 1521 hominem
1049 1482 1314 1532 prouexerint
1340 1482 1384 1520 in
1405 1484 1661 1532 peruicacem
1681 1484 1884 1523 animum.

214 1566 273 1597 215
291 1550 338 1587 vt
368 1560 484 1586 secus
512 1548 724 1598 quippiam
752 1547 823 1586 ille
856 1548 994 1598 potius
1029 1547 1079 1586 de
1110 1561 1183 1586 sua
1209 1547 1513 1587 existimatione
1542 1547 1730 1587 consulat
1760 1560 1884 1598 quam

293 1616 430 1652 motus
450 1614 729 1663 irrumpentes
747 1614 879 1652 animi
898 1613 1097 1652 inhibeat.

347 1678 562 1728 Equidem,
586 1679 645 1716 mi
667 1679 850 1729 Erasme,
871 1682 919 1717 vt
938 1679 1023 1717 iam
1042 1678 1287 1728 simpliciter
1306 1680 1443 1716 tecum
1462 1677 1617 1728 loquar,
1636 1692 1766 1728 quum
1787 1679 1885 1717 haec

294 1746 476 1794 primum
504 1745 701 1790 intellexi,
733 1758 817 1783 non
847 1745 1131 1783 condolescere
1160 1744 1238 1782 tibi
1270 1744 1482 1794 Fabroque
1511 1757 1598 1782 non
1627 1745 1774 1794 potui:
1813 1744 1883 1794 qui

295 1811 385 1859 post
404 1811 466 1848 tot
484 1810 689 1859 stipendia
704 1809 748 1847 in
768 1810 932 1848 statiuis
952 1809 1133 1848 Palladis
1152 1810 1327 1847 emerita
1346 1810 1391 1847 in
1411 1822 1485 1848 sua
1499 1811 1671 1860 vterque
1692 1810 1881 1857 stat-ione,

217 1894 277 1916 220
295 1889 423 1927 quum
448 1889 590 1914 omnes
616 1877 699 1914 iam
726 1876 939 1914 iuniorum
965 1876 1255 1924 seniorumque
1286 1876 1495 1913 centuriae
1525 1874 1673 1925 dignos
1701 1888 1775 1913 vos
1800 1888 1886 1914 esse

296 1944 507 1980 censerent
538 1941 608 1991 qui
641 1943 877 1979 nostrarum
911 1940 1144 1979 cohortium
1177 1939 1341 1978 ordines
1380 1940 1594 1987 duceretis,
1627 1941 1766 1979 nescio
1805 1954 1885 1990 quo

296 2006 461 2045 sinistro
476 2007 597 2056 genio
613 2006 840 2056 impulsore
856 2007 901 2043 in
917 2005 1105 2044 ordinem
1121 2018 1194 2043 vos
1209 2018 1352 2043 rursus
1367 2006 1668 2055 propemodum
1683 2005 1886 2056 coegistis.

297 2072 376 2120 Qui
395 2071 431 2110 si
450 2072 575 2110 etiam
594 2071 821 2121 pergeretis
841 2070 1070 2109 obfirmatis
1088 2070 1239 2108 animis
1259 2070 1476 2120 indulgere
1494 2072 1536 2108 et
1554 2070 1605 2109 ad
1629 2071 1886 2109 simultatem

296 2150 422 2187 vsque
454 2138 635 2187 apertam
667 2136 930 2186 pertinaciter
964 2136 1223 2184 contendere,
1259 2149 1425 2174 vererer
1454 2149 1506 2173 ne
1537 2135 1730 2185 grauium
1762 2136 1886 2174 bono<

220 2220 253 2240 22
259 2220 278 2252 5
298 2216 468 2253 rumque
487 2201 768 2252 praerogatiua
791 2215 880 2240 aere
904 2214 982 2240 nos
1001 2200 1135 2240 laudis
1162 2203 1203 2239 et
1221 2201 1375 2250 gloriae
1399 2201 1569 2239 tandem
1591 2200 1774 2239 dirutum
1796 2201 1883 2240 iret.

299 2268 378 2306 Ille
398 2267 476 2306 etsi
495 2267 598 2306 mihi
617 2267 701 2305 iam
721 2267 821 2306 olim
837 2267 993 2306 amicus
1009 2267 1140 2316 magis
1157 2279 1283 2316 quam
1299 2266 1519 2305 familiaris
1535 2268 1576 2305 et
1591 2267 1887 2305 consuetudine

299 2334 405 2371 vitae
443 2333 790 2383 consiliorumque
829 2332 1072 2371 commercio
1111 2332 1339 2379 deuinctus,
1381 2331 1583 2370 rationem
1622 2331 1786 2370 consilii
1823 2332 1886 2370 sui

300 2398 459 2437 viderit.
520 2399 582 2437 Tu
611 2411 716 2443 vero,
739 2398 809 2448 qui
828 2397 934 2436 mihi
957 2396 1235 2446 cognitionem
1263 2397 1435 2435 huiusce
1461 2397 1620 2446 negocii
1644 2396 1785 2435 alteris
1804 2396 1887 2435 iam

301 2464 431 2502 literis
457 2463 655 2511 detulisti,
679 2463 715 2501 si
736 2463 814 2502 tibi
837 2464 1021 2501 constare
1049 2462 1114 2501 vis
1136 2464 1177 2500 et
1202 2475 1268 2499 me
1294 2462 1547 2510 lucrifacere,
1575 2475 1656 2511 quo
1682 2461 1728 2500 in
1751 2463 1889 2511 partes

222 2546 284 2577 239
301 2532 392 2568 tuas
425 2532 643 2577 transeam,
677 2528 721 2566 in
752 2527 1072 2578 obtemperantis
1105 2527 1296 2565 habitum
1325 2529 1366 2565 te
1394 2528 1440 2565 vt
1473 2539 1695 2576 componas
1725 2540 1889 2565 necesse

302 2597 376 2643 est,
419 2594 542 2632 etiam
581 2594 616 2632 si
654 2594 786 2632 cordis
825 2607 892 2632 ore
930 2593 1126 2631 reclames
1167 2592 1384 2641 surdisque
1426 2592 1622 2630 dentibus
1662 2591 1884 2631 infrendas.

304 2660 448 2710 Itaque
477 2672 603 2709 apage
631 2659 736 2697 illud
764 2672 813 2697 ex
836 2658 919 2697 tuis
940 2657 1081 2704 literis,
1108 2656 1196 2695 ‘Tu
1227 2658 1262 2696 si
1290 2657 1356 2695 hic
1386 2657 1453 2705 sis,
1476 2656 1536 2694 mi
1562 2657 1736 2704 Budaee,
1769 2657 1890 2696 aliter
1946 2698 1948 2701 ⁸

305 2725 505 2774 aliterque
524 2725 704 2763 sentias.’

359 2790 526 2828 Etenim
550 2790 626 2828 hac
650 2789 699 2827 de
723 2802 765 2826 re
790 2788 848 2826 sic
874 2801 1041 2826 censeo:
1069 2787 1174 2826 Cum
1200 2787 1308 2825 vitae
1338 2787 1547 2825 humanae
1575 2799 1621 2825 ea
1649 2787 1704 2825 sit
1732 2787 1777 2824 in
1802 2787 1890 2825 vni-

365 2901 435 2929 203.
461 2892 560 2921 nisus
575 2892 624 2920 E:
649 2891 746 2921 uisus
762 2893 805 2922 H.
937 2891 1012 2920 206.
1036 2889 1102 2919 hac
1118 2891 1166 2918 E:
1191 2888 1315 2919 Phaec.
1461 2898 1534 2920 222.
1561 2898 1622 2919 vos
1637 2891 1689 2919 N:
1714 2897 1778 2919 nos
1794 2890 1831 2919 E.

352 2990 423 3019 228.
452 2989 589 3030 alteris]
607 2989 657 3019 Cf.
680 2988 700 3018 l.
721 2998 762 3026 34
780 2998 814 3019 n.
835 2988 905 3019 and
924 2988 986 3027 Ep.
1004 2987 1075 3026 778.
1175 2995 1246 3024 232.
1272 2986 1323 3017 Tu
1341 2986 1371 3017 si
1386 2985 1462 3027 hic]
1480 2986 1531 3017 Cf.
1553 2987 1614 3027 Ep.
1636 2988 1708 3026 778.
1732 2997 1800 3025 172.
