2034 3433
145 133 245 188 915]
558 136 710 175 FROM
748 135 1011 175 WILLIAM
1052 136 1322 175 BUDAEUS
1655 137 1734 175 479

141 238 266 288 potia,
286 239 331 277 vt
358 251 488 288 spero,
510 238 705 287 epistolae
732 251 847 277 meae
869 239 1035 278 vorasti.
1097 240 1341 290 Quanquam
1370 252 1501 289 quum
1523 238 1735 288 impuden-

142 302 225 341 tiae
244 303 417 342 crimine
436 303 542 342 nihil
563 303 740 342 atrocius
761 303 972 342 Homerus
991 305 1210 352 inuenerit,
1236 319 1315 355 quo
1335 306 1380 343 tu
1402 304 1586 343 crebram
1605 303 1649 341 in
1670 316 1736 340 me

143 367 437 417 lapidationem
459 368 603 416 fecisti,
626 368 726 407 iocis
750 368 905 407 scilicet
928 382 1091 408 mecum
1115 383 1361 417 assuescens,
1384 383 1467 408 non
1496 368 1616 407 video
1636 367 1734 418 quid

142 433 349 484 reliquum
368 434 448 473 tibi
466 434 623 481 feceris,
647 447 729 483 quo
748 434 1064 473 luculentiorem
1085 435 1248 485 plagam
1269 435 1453 473 incutere
1468 435 1574 472 mihi
1589 434 1732 483 possis.

144 499 223 537 Sed
253 501 393 537 tamen
424 498 459 537 si
488 499 587 549 quid
619 502 754 547 restat,
781 499 956 549 recipere
984 500 1147 550 plagam
1179 513 1259 538 non
1291 499 1502 550 grauabor,
1535 499 1633 538 dum
1664 500 1735 536 tuo

141 565 281 604 animo
300 564 547 615 obsequaris.

198 629 352 669 Libens
370 632 507 669 tamen
531 631 609 668 hoc
634 631 711 669 tibi
740 632 950 679 suaserim,
974 633 1020 669 vt
1038 630 1074 668 si
1101 633 1143 668 te
1166 630 1300 668 adhuc
1331 630 1468 668 malus
1494 630 1564 668 ille
1588 630 1736 679 genius

143 696 241 734 tuus
258 695 548 735 huiuscemodi
567 696 655 746 agit
683 696 954 746 intemperiis,
976 696 1021 734 in
1047 696 1166 733 illum
1195 708 1393 733 exuccum
1418 697 1459 733 et
1480 708 1734 745 monogram-

143 772 259 798 mum
276 760 529 810 theologum,
549 762 619 810 qui
639 762 718 799 tibi
737 761 922 800 semissis
940 761 1065 799 homo
1084 761 1193 798 male
1213 760 1374 809 cogitat,
1393 773 1634 798 mucronem
1649 758 1735 798 stili

142 825 205 864 tui
222 826 421 865 obuertas.
481 826 591 865 Satis
612 826 724 864 enim
746 826 850 864 mihi
865 826 1007 864 videor
1026 825 1257 875 periculum
1272 824 1479 863 stomachi
1498 825 1561 862 tui
1578 824 1732 863 fecisse.

144 890 320 930 Interim
340 891 506 929 silentio
527 891 762 942 indulgebo,
786 893 833 929 vt
859 891 1062 929 attentius
1088 892 1130 928 te
1154 892 1334 940 spectem
1359 903 1453 928 cum
1474 889 1546 927 illo
1567 903 1734 940 congre-

142 957 335 1004 dientem,
378 956 412 994 si
450 957 615 1007 quando
652 958 775 1006 caput
811 970 861 995 ex
898 955 1061 994 insidiis
1099 958 1140 994 et
1179 955 1349 994 latebris
1387 957 1549 994 exeretz
1593 956 1634 993 et
1674 956 1736 992 tui

144 1021 346 1060 stomachi
383 1021 504 1060 ludos
542 1035 704 1072 quoquo
743 1021 865 1059 modo
903 1020 1146 1068 meditabor,
1183 1021 1253 1071 qui
1289 1020 1423 1059 bellus
1459 1022 1502 1058 et
1538 1019 1736 1058 delicatus

143 1086 298 1126 amicus
318 1087 599 1137 palpatoribus
628 1087 783 1137 gaudes
808 1086 963 1125 amicis.
1025 1085 1208 1124 Proinde
1237 1086 1271 1123 si
1298 1086 1424 1133 lubet,
1457 1085 1633 1123 Deloino
1653 1085 1736 1123 iam

146 1165 228 1189 non
249 1164 339 1190 meo
360 1152 430 1191 sed
452 1154 524 1190 tuo
550 1152 693 1200 scribe,
717 1151 788 1201 qui
811 1151 984 1189 mellitis
1007 1153 1146 1189 tecum
1170 1151 1345 1189 certabit
1369 1150 1582 1201 epistolis:
1613 1163 1736 1200 quan-

145 1229 269 1266 quam
302 1217 390 1267 ipse
427 1217 614 1266 queritur
650 1219 692 1255 te
731 1216 849 1255 alteri
880 1217 962 1254 iam
993 1216 1083 1255 eius
1112 1215 1309 1265 epistolae
1342 1228 1426 1253 non
1465 1215 1734 1265 respondisse.

145 1281 308 1320 Ruseus
335 1282 406 1321 Vix
433 1296 558 1322 ausus
586 1284 648 1321 est
677 1283 856 1321 salutem
887 1281 992 1320 mihi
1032 1281 1290 1320 committere
1325 1282 1374 1319 ad
1410 1283 1450 1319 te
1481 1280 1620 1319 verbis
1653 1281 1738 1318 suis

143 1347 414 1385 mittendam:
459 1361 581 1397 quem
611 1348 653 1386 in
684 1349 725 1385 te
753 1347 901 1385 merito
931 1346 1223 1385 excandescere
1258 1346 1514 1394 arbitrabar3
1552 1346 1590 1383 ei
1624 1346 1735 1384 enim

144 1412 364 1462 epistolam
383 1415 500 1451 tuam
521 1413 691 1460 ostendi,
715 1413 759 1451 in
785 1413 921 1451 fronte
948 1412 1114 1462 quidem
1145 1425 1315 1450 suauem
1340 1413 1382 1449 et
1406 1411 1648 1449 illectricem
1669 1411 1736 1449 sed

144 1477 259 1516 intus
277 1478 594 1517 amarulentam.
655 1478 801 1529 Itaque
829 1481 949 1517 autor
977 1478 1055 1516 tibi
1085 1491 1178 1516 sum
1202 1479 1249 1515 vt
1271 1478 1312 1515 te
1341 1478 1476 1515 totum
1504 1476 1571 1514 his
1594 1475 1739 1514 amicis

143 1542 226 1590 des,
244 1543 315 1592 qui
334 1542 560 1582 amicitiam
582 1546 756 1582 tractare
775 1543 1038 1581 mollioribus
1050 1541 1235 1580 articulis
1256 1543 1474 1580 nouerunt.
1533 1541 1622 1591 Ego
1643 1554 1738 1579 vero

143 1606 186 1645 in
214 1608 390 1657 gratiam
419 1622 514 1648 cum
544 1609 660 1648 seriis
690 1609 830 1648 redibo
860 1609 1042 1658 iocisque
1071 1602 1250 1646 salutem
1279 1606 1458 1645 multam
1488 1605 1634 1654 dicam,
1667 1607 1736 1656 qui

143 1673 251 1711 mihi
270 1675 380 1712 male
402 1674 659 1725 eloquentiae
677 1677 771 1714 tuae
791 1674 968 1724 gratiam
989 1673 1273 1712 conciliarunt.

199 1737 313 1777 Illud
344 1739 577 1779 calumniae
605 1740 778 1790 plenum
807 1753 912 1790 pene
934 1753 1008 1790 per
1036 1738 1289 1777 obliuionem
1318 1738 1449 1785 omisi,
1481 1738 1588 1788 quod
1615 1739 1739 1777 verba

143 1807 190 1843 tu
217 1804 412 1855 epistolae
437 1819 554 1845 meae
577 1809 778 1856 repetens,
804 1807 933 1854 inquis
952 1805 995 1843 in
1024 1804 1228 1854 praesenti
1251 1817 1326 1853 pro
1353 1805 1504 1852 inquies
1526 1804 1738 1854 scripsisse

144 1884 212 1909 me
245 1870 477 1922 confingi&
518 1872 636 1922 quasi
671 1885 768 1910 vero
801 1871 960 1910 scilicet
994 1870 1217 1920 superioris
1250 1871 1344 1908 tuae
1377 1870 1575 1919 epistolae
1613 1871 1739 1909 verba

145 1935 372 1975 ementitus
390 1937 485 1977 sim.
545 1937 638 1976 Hoc
667 1937 780 1975 enim
806 1937 892 1986 ipse
912 1936 1103 1987 quereris,
1127 1949 1222 1974 cum
1246 1938 1387 1973 tamen
1414 1949 1556 1974 reuera
1575 1949 1648 1985 ego
1667 1950 1739 1987 per

144 2001 504 2051 anthypophoram
543 1999 744 2052 loquerer,
782 2015 867 2040 non
897 2004 940 2040 te
973 2001 1031 2039 ita
1066 2001 1219 2039 dixisse
1256 2001 1466 2039 affirmans
1501 2002 1568 2040 sed
1605 2001 1738 2040 dicere

144 2078 284 2115 posse:
313 2066 464 2116 vbique
492 2066 605 2113 enim
634 2068 786 2115 inquies
814 2067 858 2105 in
886 2066 1026 2104 futuro
1055 2066 1098 2103 in
1129 2065 1279 2104 scheda
1309 2079 1400 2103 mea
1429 2066 1631 2115 scriptum
1660 2069 1733 2106 est.

145 2130 210 2169 Ita
229 2144 315 2169 non
333 2132 500 2169 tantum
520 2131 698 2182 argutiis
715 2131 942 2179 rhetoricis,
958 2133 1004 2169 vt
1025 2130 1196 2178 solebas,
1220 2131 1288 2169 sed
1310 2131 1435 2169 etiam
1456 2131 1738 2181 sycophantiis

146 2208 381 2245 oppugnare
401 2209 466 2234 me
488 2196 722 2235 instituisti.

200 2260 399 2298 Nondum
427 2274 539 2299 eram
563 2275 657 2300 cum
684 2261 886 2310 Episcopo
909 2261 1147 2301 collocutus.
1176 2274 1224 2298 ex
1256 2274 1336 2310 quo
1364 2262 1411 2298 tu
1435 2262 1486 2299 ad
1518 2275 1609 2300 eum
1640 2263 1736 2300 scri-

146 2339 296 2375 pseras,
318 2326 481 2364 etiamsi
500 2327 643 2366 literas
663 2329 756 2365 tuas
775 2326 971 2365 videram.
1030 2327 1144 2375 Vale,
1164 2327 1205 2365 et
1224 2327 1365 2365 thema
1384 2326 1496 2365 aliud
1516 2329 1735 2377 auspicare,

146 2391 182 2429 si
195 2390 274 2429 tibi
287 2393 352 2429 τοῦ
368 2392 673 2430 ἀντεπιστέλλειν
688 2391 930 2430 vicissitudo
945 2391 1059 2430 cordi
1072 2392 1145 2430 est.
1196 2391 1345 2430 Omnia
1359 2391 1521 2430 arbitrii
1536 2393 1600 2431 tui
1619 2393 1733 2431 facio,

147 2456 331 2495 Parisiis.
380 2455 520 2496 Galen.
540 2457 655 2495 Febr.

202 2520 335 2560 Locus
354 2521 425 2570 qui
445 2524 485 2560 te
506 2522 727 2560 conturbat
746 2522 789 2560 in
816 2522 990 2572 epistola
1014 2535 1117 2569 mea,
1139 2522 1196 2560 sic
1223 2521 1375 2572 legitur
1401 2523 1446 2560 in
1469 2522 1618 2561 scheda
1637 2536 1738 2572 quae

146 2587 209 2623 est
227 2585 334 2635 apud
354 2599 448 2625 me:
479 2587 488 2604 ⁴
503 2586 633 2624 Faber
651 2587 774 2625 toties
792 2600 816 2625 a
835 2600 902 2625 me
922 2600 1017 2624 cum
1037 2587 1205 2625 honoris
1225 2587 1478 2636 praefatione
1499 2587 1738 2625 nominatus

147 2650 283 2688 nescio
303 2664 427 2700 quam
445 2652 622 2701 gratiam
642 2651 750 2690 mihi
771 2651 974 2701 rependit,
995 2653 1105 2690 certe
1119 2653 1166 2690 vt
1185 2651 1332 2690 multis
1352 2651 1519 2690 videtur
1536 2650 1733 2701 iniquam.

196 2761 265 2781 120.
292 2751 363 2781 iam
379 2754 428 2782 E:
452 2752 598 2783 iamiam
615 2756 652 2784 F.
746 2763 815 2792 123.
842 2752 938 2784 EN3:
963 2753 1100 2784 Ruzeus
1116 2752 1161 2783 N'2
1176 2756 1270 2784 Loncl.
1358 2754 1427 2792 136.
1454 2754 1596 2784 tantum
1614 2764 1673 2785 om.
1693 2757 1734 2785 H.

152 2804 224 2833 141.
250 2794 374 2826 Galen.
393 2797 441 2826 E:
467 2795 643 2827 Calendas
656 2799 692 2826 H
705 2799 802 2828 Lond.
818 2809 825 2828 :
850 2797 1018 2828 Calendis
1033 2795 1087 2827 N3.
1134 2796 1320 2827 Februarii
1336 2799 1378 2827 H.

197 2894 270 2924 108.
297 2892 494 2933 Homerus]
511 2893 557 2923 Cf
583 2896 636 2925 Ocl.
656 2904 707 2925 22.
725 2905 799 2934 424.
1028 2904 1093 2933 131.
1122 2894 1301 2935 repetens]
1319 2895 1371 2925 Cf.
1391 2895 1454 2934 Ep.
1471 2897 1546 2934 906.
1570 2905 1630 2934 133
1641 2905 1676 2928 n.

196 2936 493 2977 115.theologum]
502 2937 644 2975 Lee;ef.
654 2937 797 2977 Ep.906.
808 2939 912 2977 44811.
1029 2939 1099 2976 138.
1126 2937 1332 2978 scripseras]
1351 2938 1403 2970 Cf.
1421 2938 1485 2978 Ep.
1505 2940 1579 2977 906.
1599 2948 1673 2978 5⁰4·

196 2989 267 3011 122.
292 2979 479 3019 epistolae]
497 2981 566 3011 Not
581 2982 716 3012 extant.
1030 2991 1098 3019 ¹42-
1123 2980 1287 3022 epistola]
1305 2981 1368 3022 Ep.
1386 2982 1460 3012 810.
1479 2983 1574 3020 34-8.

1761 451 1818 472 110

1759 777 1817 807 115

1760 1106 1819 1127 120

1761 1428 1817 1458 125

1760 1753 1820 1783 150

1759 2080 1817 2111 ¹35

1760 2407 1818 2438 140
