2034 3433
373 166 452 204 572
833 164 1081 204 LETTERS
1122 165 1192 203 OF
1230 163 1496 202 ERASMUS
1838 161 1964 214 [1519

371 268 564 307 ciendum
578 269 784 307 omnibus.
827 266 907 305 Fac
919 266 1087 305 interim
1101 266 1243 306 adesse
1255 266 1334 305 tibi
1346 268 1530 305 mentem
1542 266 1631 304 viro
1643 265 1770 315 probo
1784 266 1965 316 dignam,

372 347 474 383 quae
503 334 686 383 primum
714 333 825 370 amet
853 331 1021 381 optima,
1055 331 1202 370 deinde
1231 345 1333 382 quae
1365 332 1504 381 cupiat
1537 330 1587 369 de
1618 330 1814 368 omnibus
1842 343 1968 380 quam

299 410 358 442 115
374 399 529 448 optime
561 397 734 436 mereri:
777 397 918 435 adesse
953 397 1077 435 deum
1108 396 1303 446 aliquem,
1336 397 1405 447 qui
1432 396 1571 434 iubeat
1599 397 1645 434 vt
1672 397 1813 434 vtrum
1845 395 1969 434 malis

371 464 520 513 eligas;
561 476 659 501 nam
689 462 886 501 continuo
914 461 1108 499 futurum
1140 464 1181 500 te
1211 463 1321 511 quod
1353 461 1562 511 delegeris.
1621 460 1697 499 Dic
1727 460 1833 498 mihi
1861 460 1969 500 bona

370 528 460 575 fide,
485 528 596 566 hunc
616 541 669 565 an
688 527 809 565 illum
831 526 993 576 eliges?
1037 527 1091 565 Et
1111 527 1276 565 videtur
1293 527 1517 577 indignum
1536 526 1634 564 boni
1653 525 1834 574 nomine,
1859 525 1968 574 quod

370 593 435 631 vir
461 593 594 631 bonus
620 592 758 642 potius
785 605 873 630 esse
900 591 1097 630 duxerit?
1153 591 1231 630 Sed
1251 591 1429 642 vrgebis,
1455 591 1523 630 ‘Si
1550 591 1658 629 bona
1687 593 1796 638 sunt,
1826 603 1898 628 cur
1924 602 1970 628 ea

370 657 562 696 iubemur
591 658 909 696 contemnere?’
959 657 1199 695 Contemnit
1231 657 1302 708 qui
1335 657 1435 695 haec
1468 670 1564 706 prae
1593 656 1749 695 virtute
1781 655 1966 706 negligit,

298 735 358 757 120
370 723 599 761 contemnit
627 722 698 773 qui
727 736 813 760 non
843 722 910 760 his
940 722 1042 770 fidit,
1076 722 1307 761 contemnit
1333 723 1405 773 qui
1433 722 1513 760 sibi
1541 735 1627 760 non
1656 721 1849 771 possidet,
1878 734 1969 759 con-

369 788 523 826 temnit
556 788 626 838 qui
666 787 844 837 benigne
883 789 1036 836 erogat,
1075 787 1305 840 contemnit
1339 787 1412 837 qui
1449 800 1536 825 non
1572 786 1770 836 affligitur
1806 786 1967 832 ablatis,

369 853 405 891 si
434 853 596 903 quando
626 853 792 891 fortuna
820 852 931 902 quod
965 866 1089 891 suum
1127 855 1190 891 est
1220 852 1382 903 repetit.
1440 853 1557 891 Felix
1590 866 1675 890 non
1708 854 1770 890 est
1798 851 1870 901 qui
1901 851 1970 889 his

369 921 535 958 tantum
563 919 643 957 sibi
670 918 768 956 felix
795 918 968 957 videtur.
1029 918 1148 957 Felix
1175 931 1262 957 non
1289 920 1351 956 est
1378 919 1449 968 qui
1475 918 1541 957 his
1563 918 1729 957 orbatus
1755 917 1856 956 felix
1882 929 1970 956 esse

369 983 536 1022 desinit.

297 1062 332 1085 12
338 1063 355 1094 5
423 1049 547 1087 Ἀλλὰ
563 1050 796 1098 φιλοσοφίας
812 1049 938 1099 ὥσπερ
954 1048 1059 1098 δρυὸς
1074 1050 1168 1089 ἅλις.
1221 1049 1338 1097 Quod
1358 1050 1430 1088 tua
1449 1048 1650 1087 celsitudo
1670 1061 1755 1085 non
1775 1049 1971 1097 grauatur

370 1115 436 1154 vel
456 1128 479 1154 a
498 1115 619 1153 nobis
638 1114 866 1161 admoneri,
887 1127 972 1153 non
992 1127 1162 1164 possum
1181 1127 1266 1152 non
1286 1114 1460 1164 probare
1479 1113 1726 1152 modestiam
1745 1113 1874 1152 animi
1893 1112 1968 1161 tui,

371 1195 495 1231 quam
516 1194 568 1219 ne
587 1183 730 1219 tantus
751 1180 919 1230 quidem
943 1180 1135 1219 fortunae
1160 1181 1357 1231 splendor
1375 1181 1512 1230 potuit
1530 1180 1698 1219 viciare:
1733 1191 1970 1229 quanquam

369 1260 392 1285 a
413 1246 531 1284 nobis
550 1245 623 1284 illa
643 1259 728 1284 non
748 1248 835 1284 tam
861 1246 1061 1284 monendi
1088 1246 1226 1285 studio
1246 1246 1356 1285 dicta
1382 1248 1482 1284 sunt
1501 1258 1624 1295 quam
1650 1243 1858 1283 excitandi
1881 1244 1971 1282 stili

369 1312 432 1350 tui
465 1311 604 1360 gratia.
662 1311 779 1360 Quod
811 1312 869 1350 sic
897 1311 1070 1350 affectus
1099 1325 1142 1349 es
1171 1325 1267 1362 erga
1295 1311 1532 1361 disciplinas
1561 1310 1746 1349 maximo
1776 1309 1970 1360 Principe

298 1391 357 1422 130
371 1376 524 1426 dignas,
564 1376 697 1427 magis
735 1376 816 1415 isto
855 1376 1027 1415 nomine
1065 1379 1106 1415 te
1144 1377 1306 1415 felicem
1343 1377 1481 1415 iudico
1520 1389 1643 1426 quam
1686 1375 1776 1425 ipso
1820 1374 1968 1425 galero,

370 1442 642 1492 quantumuis
668 1444 856 1492 augusto.
919 1442 1037 1490 Quod
1057 1442 1264 1481 famulicii
1283 1442 1533 1482 vocabulum
1555 1454 1723 1492 prorsus
1746 1440 1880 1479 reiicit
1898 1442 1971 1479 tua

369 1507 583 1555 modestia,
610 1507 790 1546 liberum
820 1507 898 1546 tibi
926 1507 1029 1546 facio
1052 1510 1099 1546 vt
1126 1521 1371 1558 quocunque
1400 1521 1467 1546 me
1496 1507 1666 1546 nomine
1689 1520 1819 1554 voces,
1846 1506 1970 1544 modo

373 1573 485 1611 inter
510 1574 604 1610 tuos
629 1585 836 1610 numeres.
894 1572 951 1610 Vt
977 1573 1218 1612 humanitas
1243 1575 1315 1611 tua
1341 1586 1426 1611 non
1452 1572 1614 1611 fastidit
1627 1571 1970 1610 *Guilhelmorum

373 1638 502 1676 trium
523 1637 859 1686 contubernium,
879 1637 939 1676 ita
960 1651 1044 1676 non
1064 1638 1210 1677 dubito
1230 1638 1333 1688 quin
1351 1638 1415 1676 illi
1434 1638 1498 1676 tui
1525 1637 1712 1675 nominis
1738 1636 1970 1676 accessione

295 1717 354 1750 135
372 1703 577 1753 gaudeant
609 1702 846 1741 obscurari:
891 1703 926 1741 si
958 1705 1100 1741 tamen
1133 1703 1246 1742 istud
1278 1706 1341 1742 est
1375 1702 1594 1750 obscurari,
1631 1715 1676 1740 ac
1712 1715 1798 1740 non
1830 1702 1970 1751 potius

371 1768 602 1807 accessione
620 1768 725 1807 lucis
744 1768 1019 1807 illustriorem
1039 1769 1140 1807 fieri.
1191 1769 1426 1807 Suffuratus
1445 1781 1540 1807 sum
1559 1780 1686 1806 Vnam
1705 1770 1778 1806 aut
1796 1767 1969 1807 alteram

372 1834 574 1882 horulam,
602 1847 653 1872 ne
676 1834 837 1873 viderer
864 1847 1031 1884 prorsus
1061 1834 1191 1873 officio
1219 1847 1311 1872 meo
1340 1833 1529 1873 defuisse.
1589 1832 1724 1879 Breui‚
1746 1832 1809 1871 vti
1837 1846 1969 1883 spero,

372 1899 575 1949 copiosius
602 1899 789 1937 studium
813 1899 944 1937 animi
973 1899 1107 1938 nostri
1130 1913 1223 1951 erga
1249 1901 1294 1938 T.
1323 1898 1614 1938 celsitudinem
1641 1898 1969 1937 declarabimus:

372 1978 497 2016 quam
518 1967 613 2015 opto
633 1978 796 2014 semper
815 1977 942 2014 quam
962 1965 1118 2015 optime
1136 1966 1282 2004 valere.

297 2044 357 2076 140
427 2031 613 2078 Louanii,
635 2028 783 2083 [Anno
803 2028 1033 2082 M.D.XV111].

828 2184 923 2223 960.
986 2183 1050 2224 To
1084 2183 1271 2224 MARTIN
1301 2185 1509 2225 LYPsms.

419 2289 584 2323 Brussels
602 2289 677 2324 MS.
697 2291 847 2334 4850—7,
867 2289 893 2327 f.
915 2299 977 2335 151
1001 2290 1064 2335 (a).
1651 2288 1879 2335 <Louvain.>

419 2347 607 2383 Horawitz
626 2348 702 2382 MS.
720 2360 756 2393 p.
774 2359 833 2392 40.
1610 2347 1664 2394 (c.
1685 2348 1772 2393 May
1794 2346 1919 2394 1519.)

418 2406 606 2443 Horawitz
623 2420 654 2441 v.
671 2418 693 2451 4
715 2406 780 2451 (β).

417 2504 478 2545 [Ι11
495 2516 514 2534 α
531 2504 683 2544 Lypsius
699 2504 796 2542 gives
815 2504 877 2534 the
897 2503 1081 2544 following
1103 2506 1313 2544 argument:
1338 2505 1346 2520 ‘
1364 2504 1456 2534 Leus
1479 2506 1557 2535 astu
1582 2504 1736 2542 quodam
1759 2513 1799 2534 ac
1822 2503 1967 2534 vafricie

373 2549 411 2579 F.
424 2548 468 2579 M.
478 2550 600 2588 vtpote
611 2547 810 2586 simplicem
823 2547 926 2577 facile
940 2548 1242 2587 circumueniens,
1251 2547 1383 2586 literas,
1397 2557 1484 2586 quas
1496 2547 1671 2587 plurimas
1683 2548 1752 2587 ipsi
1765 2547 1964 2587 sci-lpserat,

373 2592 474 2632 quasi
488 2591 576 2630 quid
590 2592 794 2630 quesiturus
808 2591 974 2631 efflagitat
993 2602 1001 2622 :
1024 2601 1111 2631 quas
1126 2592 1236 2622 etiam
1253 2593 1346 2622 stato
1362 2592 1520 2630 tempore
1537 2600 1609 2622 non
1625 2590 1793 2622 reddidit.
1838 2590 1967 2630 Apolo-

373 2636 467 2675 giam
485 2644 591 2673 quam
608 2634 724 2664 mittit
740 2634 811 2673 En,
829 2634 970 2665 dicebat
986 2645 1058 2665 non
1074 2645 1173 2675 posse
1189 2634 1412 2672 venumdari,
1432 2635 1646 2674 prohibente
1663 2634 1800 2665 scilicet
1815 2634 1966 2665 Atensi.’

417 2679 489 2710 The
506 2678 591 2717 only
610 2677 748 2708 certain
766 2677 937 2709 evidence
955 2677 994 2708 of
1008 2678 1088 2709 date
1106 2679 1136 2709 is
1151 2679 1231 2709 that
1248 2678 1378 2708 Briard
1395 2678 1431 2708 of
1449 2678 1525 2709 Ath
1545 2679 1592 2718 (p.
1613 2678 1672 2717 93)
1690 2679 1721 2708 is
1742 2677 1818 2708 still
1839 2677 1965 2717 living.

373 2722 492 2753 When
509 2721 637 2752 Briard
654 2720 737 2751 died
754 2721 788 2761 (8
804 2721 884 2752 Jan.
904 2723 1000 2761 1520ss
1030 2721 1198 2752 Erasmus
1222 2721 1294 2752 had
1319 2722 1402 2761 only
1424 2722 1617 2761 published
1641 2721 1741 2752 three
1763 2721 1965 2761 Apologies.

372 2767 421 2797 At
435 2765 498 2795 the
514 2767 603 2796 time
619 2765 657 2795 of
669 2764 731 2794 the
747 2764 835 2804 first,
854 2766 993 2804 against
1009 2765 1120 2796 Faber
1137 2765 1215 2806 (Ep.
1233 2775 1306 2804 597.
1325 2774 1366 2803 32
1380 2765 1445 2805 n.)‚
1464 2765 1510 2795 he
1527 2775 1600 2796 was
1616 2766 1679 2795 not
1694 2766 1756 2804 yet
1771 2764 1966 2795 embroiled

373 2809 465 2840 with
481 2808 560 2839 Lee.
596 2808 671 2839 The
688 2808 829 2847 second,
847 2809 954 2839 about
970 2810 1144 2848 marriage
1159 2809 1205 2848 (p.
1223 2810 1293 2847 93),
1310 2808 1381 2839 had
1394 2809 1564 2848 probably
1581 2810 1670 2839 been
1682 2811 1761 2839 sent
1773 2807 1920 2847 already
1929 2810 1968 2838 to
2030 2822 2034 2826 ·

374 2852 527 2892 Lypsius
553 2852 645 2882 with
672 2852 734 2882 the
762 2851 981 2891 Paraphrase
1008 2863 1054 2883 on
1079 2851 1313 2883 Corinthians
1341 2852 1443 2891 (Epp.
1477 2854 1542 2891 916
1574 2851 1717 2889 introd.,
1745 2851 1836 2892 921).
1891 2851 1966 2881 The

375 2896 536 2935 Apology
561 2894 773 2926 mentioned
797 2894 882 2926 here
913 2905 996 2935 may
1020 2895 1198 2926 therefore
1223 2896 1264 2925 be
1287 2894 1545 2934 conjecturally
1572 2895 1758 2926 identified
1785 2894 1877 2926 with
1903 2894 1965 2925 the

545 3011 616 3049 138.
642 3011 678 3042 T.
697 3012 748 3041 E:
773 3013 871 3041 tuam
889 3014 931 3041 H.
1070 3020 1140 3048 140.
1166 3010 1328 3049 Louanii‚
1347 3010 1456 3040 Anno
1472 3019 1641 3041 221).an
1657 3012 1730 3041 add.
1750 3012 1793 3041 H.
