2034 3433
236 148 287 187 70
700 149 949 188 LETTERS
988 148 1058 187 OF
1096 147 1362 188 ERASMUS
1701 145 1743 200 [1
1752 159 1774 196 5
1783 154 1827 195 17

234 252 310 292 hoc
348 256 410 292 est
453 253 679 299 obscurare,
719 253 875 291 virtute
916 251 1117 291 virtutem
1154 251 1328 291 vincere.
1402 253 1542 302 Atque
1580 251 1746 290 vtinam
1785 254 1830 291 vt

235 318 494 365 Suetonium,
534 318 754 357 Aurelium
798 317 1008 357 Victorem
1053 318 1094 354 et
1136 316 1386 367 Eutropium
1428 316 1553 365 dedit,
1600 315 1749 354 itidem
1789 319 1830 355 et

176 393 216 416 10
235 384 406 423 Aelium
441 384 708 434 Spartianum
742 384 1001 432 caeterosque
1031 381 1127 420 huic
1160 381 1376 421 adiunctos
1410 381 1530 421 nobis
1564 381 1753 430 dedisset,
1785 380 1830 419 in

235 449 387 499 quibus
417 462 492 487 nos
521 448 730 498 permulta
758 446 1045 486 restituimus!
1101 447 1211 485 Nam
1240 448 1383 486 omnia
1413 447 1485 497 qui
1514 449 1714 497 poteram,
1748 446 1832 485 nisi

236 514 422 552 codicum
455 514 723 563 antiquorum
761 512 915 551 auxilio
953 512 1153 550 adiutus?
1219 512 1403 551 Tametsi
1439 514 1480 551 et
1512 513 1556 551 in
1589 510 1833 561 Tranquillo

237 579 438 617 nonnulla
476 578 736 616 restituimus
775 590 879 627 quae
917 576 1147 627 Egnatium
1188 576 1286 616 licet
1329 578 1657 618 oculatissimum
1704 576 1830 616 suffu-

235 645 379 693 gerant
395 657 405 691 ;
439 643 554 681 velut
584 643 628 680 in
658 642 827 681 Caesare
857 641 1059 681 dictatore
1085 655 1170 692 cap.
1199 653 1257 691 17,
1289 644 1470 682 ‘Eodem
1496 643 1619 682 modo
1648 642 1832 681 Nouium

182 722 217 753 15
238 710 511 758 quaestorem,
542 708 649 758 quod
681 707 924 757 compellari
955 708 1064 757 apud
1098 720 1141 746 se
1172 708 1374 747 maiorem
1407 710 1656 760 potestatem
1687 719 1832 759 passus

237 774 371 822 esset,'
407 774 519 812 modo
556 772 836 822 expunximus
879 785 930 811 ex
966 772 1048 811 fide
1084 774 1360 813 vetustissimi
1403 774 1580 821 codicis,
1627 773 1833 824 siquidem

238 839 364 878 codem
381 838 449 876 hic
467 837 711 876 aduerbium
730 840 803 886 est,
826 839 872 876 vt
891 838 1114 878 subaudias
1132 841 1301 879 coniecit.

294 904 403 942 Sunt
426 904 503 942 hoc
527 916 657 953 genus
681 905 723 941 et
749 903 830 942 alia
857 904 1076 953 nonnulla,
1096 905 1166 944 sed
1195 905 1424 945 minutiora
1452 918 1578 956 quam
1602 907 1649 944 vt
1679 916 1836 954 operae-

238 968 423 1018 precium
444 969 498 1008 sit
518 968 733 1019 sigillatim
752 982 973 1009 recensere.
1018 971 1236 1010 Caeterum
1256 971 1364 1021 quod
1384 971 1430 1010 in
1451 971 1616 1010 Othone
1631 969 1835 1021 Egnatius

183 1049 221 1071 20
239 1034 462 1083 legendum
491 1036 623 1085 putat,
652 1036 700 1072 Τι’
726 1036 798 1087 ’γάρ
827 1053 875 1085 με
898 1036 954 1074 δεῖ
977 1036 1037 1074 καὶ
1064 1039 1141 1077 τοῖς
1168 1040 1323 1087 μακροῖς
1352 1038 1479 1077 αὐλοῖς
1508 1038 1634 1075 αὐλεῖν
1644 1050 1654 1084 ;
1682 1035 1734 1074 ab
1762 1033 1835 1073 illo

239 1099 451 1148 dissentio,
484 1100 594 1150 quod
628 1100 727 1138 haec
759 1101 843 1139 fere
873 1101 998 1140 verba
1027 1102 1256 1141 Beroaldus
1286 1102 1337 1140 ab
1368 1102 1530 1140 erudito
1563 1101 1742 1151 quodam
1770 1099 1836 1138 ad-

239 1166 425 1204 monitus
445 1179 494 1204 ex
514 1165 648 1204 Dione
668 1165 749 1204 huc
768 1166 1043 1205 transtulerit.
1101 1167 1245 1217 Neque
1263 1167 1428 1206 variant
1446 1166 1514 1205 hic
1540 1180 1643 1217 quae
1661 1165 1837 1205 viderim

241 1231 517 1280 exemplaria:
555 1232 725 1270 tantum
753 1232 798 1270 in
827 1232 1043 1271 nonnullis
1071 1246 1144 1282 pro
1174 1235 1302 1273 αὐλοῖς
1328 1232 1525 1271 vitiatum
1554 1234 1642 1271 erat
1669 1232 1835 1271 ἀσύλοις.

240 1295 484 1345 Legendum
502 1297 630 1346 igitur
648 1297 761 1336 haud
775 1298 910 1343 dubie,
926 1299 974 1337 Τί
990 1299 1062 1350 γάρ
1080 1316 1145 1348 μοι
1164 1299 1224 1337 καὶ
1238 1300 1392 1349 μακροῖς
1410 1300 1558 1346 αῧλοῖς;
1580 1297 1623 1336 id
1645 1300 1709 1336 esi}
1728 1295 1835 1346 Quid

183 1377 222 1409 25
242 1361 348 1399 mihi
377 1375 473 1401 cum
500 1361 637 1412 longis
666 1363 813 1402 tibiis‘.>
869 1364 958 1412 Qua
985 1364 1033 1403 de
1063 1377 1107 1402 re
1135 1364 1341 1414 copiosius
1369 1364 1491 1403 nobis
1520 1363 1679 1403 dictum
1705 1364 1767 1401 est
1792 1362 1838 1400 in

241 1427 499 1477 Adagiorum
519 1427 788 1467 Chiliadibus.

298 1491 351 1530 In
368 1492 552 1542 Caligula
571 1506 645 1542 pro
660 1506 727 1532 nec
741 1495 894 1532 dicendi
905 1495 1030 1543 finem
1041 1495 1197 1543 factum
1211 1495 1527 1534 restitueramus
1546 1507 1597 1533 ex
1612 1492 1838 1543 exemplari

243 1559 483 1607 pei-uetusto
506 1570 573 1597 nec
593 1559 733 1597 licendi
744 1559 869 1607 finem
879 1560 1049 1608 factum,
1068 1560 1232 1600 etiamsi
1250 1563 1345 1610 post
1364 1560 1547 1610 comperi
1571 1559 1706 1598 locum
1726 1559 1837 1597 hunc

245 1635 267 1660 a
287 1622 454 1661 Budaeo
474 1625 614 1661 nostro
635 1627 865 1663 correctum
890 1625 936 1663 in
960 1625 1074 1665 Asse.
1134 1625 1225 1665 Hoc
1251 1627 1474 1665 admonere
1496 1625 1635 1665 visum
1660 1626 1737 1672 est,
1758 1637 1838 1674 quo

186 1703 226 1734 30
244 1688 339 1737 plus
351 1688 546 1737 ponderis
559 1688 708 1727 habeat
721 1690 942 1729 Budaeana
956 1692 1168 1742 castigatio
1181 1706 1189 1739 ;
1210 1705 1444 1742 quanquam
1456 1705 1501 1730 ea
1514 1691 1672 1730 nullius
1685 1690 1840 1729 vetusti

245 1752 395 1791 codicis
413 1754 620 1805 praefetur
638 1754 915 1794 autoritatem.

301 1817 432 1858 Porro
452 1819 559 1869 quod
580 1819 623 1857 in
643 1821 832 1869 Augusto
852 1821 1013 1871 legitur,

463 1907 561 1944 Δότε
590 1908 719 1956 κρότον
749 1909 809 1946 καὶ
836 1909 969 1949 πάντες
996 1910 1097 1958 ὑμεῖς
1125 1910 1218 1958 μετὰ
1246 1913 1363 1960 χαρᾶς
1392 1927 1427 1947 τι
1456 1912 1604 1956 ποιεῖτε,

247 1993 291 2031 id
311 1994 373 2032 est
392 1994 496 2033 Date
511 1994 703 2044 plausum
719 1997 758 2033 et
775 2008 920 2035 omnes
934 2009 1008 2035 vos
1028 2009 1124 2034 cum
1142 1997 1292 2046 gaudio
1313 1997 1524 2048 quippiam
1542 1996 1676 2044 facite,
1695 1996 1741 2034 in
1760 2009 1841 2046 quo

189 2070 227 2102 35
248 2060 289 2097 et
308 2059 511 2108 Egnatius
530 2059 812 2099 hallucinatus
831 2063 902 2110 est,
923 2075 1007 2112 ego,
1025 2061 1070 2100 ni
1089 2061 1220 2110 fallor,
1239 2064 1279 2101 et
1294 2076 1403 2101 vnus
1417 2064 1458 2101 et
1477 2063 1638 2112 primus
1658 2060 1834 2109 restitui,

246 2124 372 2174 idque
401 2138 451 2162 ex
480 2124 833 2176 qualibuscunque
858 2126 1045 2177 vestigiis
1072 2127 1351 2178 antiquissimi
1379 2128 1539 2166 codicis.
1598 2127 1839 2178 Legendum

248 2188 376 2239 igitur
396 2191 446 2228 ad
466 2190 578 2229 hunc
598 2191 772 2229 modum

344 2266 441 2304 Δότε
470 2267 600 2316 κρότον
629 2267 688 2305 καὶ
716 2268 849 2308 πάντες
876 2270 988 2318 ὑμεῖς,
1020 2269 1105 2308 Siue
1134 2270 1231 2319 ἡμῖν,
1262 2272 1356 2319 μετὰ
1384 2274 1503 2321 χαρᾶς
1532 2271 1743 2320 κτυπήσατε

250 2342 292 2380 id
323 2345 384 2380 est
412 2343 516 2382 Date
539 2344 734 2393 plausum
762 2346 803 2382 et
830 2358 906 2383 vos
935 2358 1090 2393 omnes,
1112 2345 1198 2384 siue
1228 2359 1372 2385 omnes
1401 2346 1531 2393 nobis,
1565 2359 1661 2385 cum
1691 2345 1839 2396 gaudio

191 2426 233 2458 40
250 2407 458 2456 plaudite:
497 2412 559 2448 est
587 2410 701 2448 enim
726 2423 872 2449 versus
899 2411 1148 2450 trochaicus.
1204 2411 1257 2450 In
1284 2413 1448 2450 vetusto
1476 2412 1612 2450 codice
1641 2411 1842 2461 scriptum

299 2519 348 2548 14.
385 2521 421 2549 17
438 2515 574 2544 correxi:
602 2513 641 2543 18
657 2514 689 2547 β.
753 2512 909 2544 Nonium
933 2514 956 2547 β
971 2524 979 2543 z
992 2517 1117 2545 correxi.
1207 2523 1260 2552 31.
1284 2514 1469 2553 praefatur
1484 2525 1516 2553 γ.
1601 2514 1654 2552 38.
1680 2514 1754 2543 siue
1770 2512 1844 2551 ἡμῖν

252 2556 326 2584 acIcZ.
339 2564 370 2593 γ.
452 2565 506 2595 39.
523 2557 599 2586 siue
611 2566 733 2587 omnes
746 2557 849 2588 nobis
865 2560 940 2590 add.
955 2568 987 2596 -γ,
1079 2568 1132 2595 40.
1159 2557 1204 2587 In
1220 2559 1379 2588 vetusto.
1394 2580 1420 2588 ..
1433 2567 1484 2595 42.
1504 2556 1705 2588 comoediae
1721 2559 1792 2587 add.
1808 2567 1838 2595 γ.

300 2662 348 2691 19.
374 2653 530 2695 Othone]
548 2654 629 2694 Cap.
649 2665 677 2693 7.
1082 2666 1144 2695 497
1156 2655 1236 2696 (496
1248 2656 1287 2686 in
1300 2655 1387 2686 edit.
1403 2655 1502 2695 1508)
1517 2655 1686 2686 Erasmus
1702 2657 1733 2687 is
1747 2665 1843 2687 more

340 2696 528 2738 Egnatius]
543 2697 583 2728 f0.
601 2711 619 2725 -κ-
634 2699 665 2726 εεῦ
685 2701 722 2729 v⁰
738 2698 777 2729 of
796 2699 858 2730 the
882 2699 1016 2730 Aldine
1081 2701 1253 2739 cautious,
1286 2699 1466 2738 ascribing
1503 2700 1565 2730 the
1599 2700 1776 2730 reference
1807 2702 1844 2731 to

253 2739 458 2779 Suetonius,
474 2741 565 2780 Aug.
586 2743 678 2781 1516.
1084 2744 1092 2760 ‘
1105 2742 1287 2782 quendam
1303 2752 1377 2773 non
1394 2743 1532 2773 obscuri
1554 2744 1712 2774 nominis
1733 2744 1843 2774 inter-

297 2792 348 2813 21.
372 2783 583 2825 Beroaldus]
614 2786 673 2815 An
705 2795 814 2818 error.
858 2786 932 2816 The
964 2796 1017 2817 re·
1081 2788 1218 2826 pretem
1230 2785 1249 2816 ⁷.

254 2824 395 2857 fei-enee
425 2829 461 2858 to
492 2828 560 2859 Dio
591 2828 674 2859 does
711 2831 775 2860 not
798 2839 894 2860 come
924 2830 1016 2860 from
1125 2839 1178 2860 22.
1203 2828 1335 2870 Dione]
1351 2830 1404 2867 64.
1420 2839 1448 2868 7.
1470 2840 1497 2860 1.

254 2868 462 2910 Beroaldus,
481 2872 544 2902 but
568 2872 599 2902 is
622 2872 734 2902 found
757 2872 833 2903 first
857 2873 896 2904 in
920 2883 1015 2904 some
1125 2874 1178 2904 26.
1202 2872 1441 2914 Adagiorum]
1460 2883 1533 2913 497.

255 2921 476 2952 anonymous
500 2917 602 2945 notes
625 2916 741 2946 added
764 2919 800 2947 to
824 2917 883 2947 his
907 2917 946 2947 in
970 2926 1015 2947 an
1126 2926 1178 2954 27.
1206 2915 1382 2957 Caligula]
1401 2916 1482 2957 Cap.
1502 2917 1554 2956 38.
1574 2927 1603 2955 4.

256 2955 392 2987 edition
415 2958 452 2987 of
471 2958 830 2998 Suetonius,Venice,
850 2960 915 2991 Ph.
935 2960 1017 2990 Pin·
1127 2970 1179 2999 29.
1204 2960 1243 2990 in
1259 2959 1363 3000 Asse]
1380 2960 1435 2990 Bk
1453 2962 1534 2997 ifin.

256 2999 342 3039 cius,
361 3002 398 3031 18
415 3001 496 3032 Feb.
518 3011 609 3040 1510,
631 3002 653 3033 f.
674 3003 734 3032 281
752 3005 800 3033 ΥΟ.
849 3003 895 3034 In
911 3006 1015 3041 Adaq.
1128 3013 1181 3041 32.
1204 3003 1378 3044 Augusto]
1397 3003 1479 3044 Cap.
1498 3014 1549 3043 99.
