<?xml version="1.0" encoding="UTF-8"?>
<!DOCTYPE html PUBLIC "-//W3C//DTD XHTML 1.0 Transitional//EN"
    "http://www.w3.org/TR/xhtml1/DTD/xhtml1-transitional.dtd">
<html xmlns="http://www.w3.org/1999/xhtml" xml:lang="en" lang="en">
 <head>
  <title>
</title>
<meta http-equiv="Content-Type" content="text/html;charset=utf-8" />
  <meta name='ocr-system' content='tesseract 3.04.00' />
  <meta name='ocr-capabilities' content='ocr_page ocr_carea ocr_par ocr_line ocrx_word'/>
</head>
<body>
  <div class='ocr_page' id='page_1' title='image "./opusepistolarumd03erasuoft_0284.png"; bbox 0 0 2034 3433; ppageno 0'>
   <div class='ocr_carea' id='block_1_1' title="bbox 286 119 1867 174">
    <p class='ocr_par' dir='ltr' id='par_1_1' title="bbox 286 119 1867 174">
     <span class='ocr_line' id='line_1_1' title="bbox 286 119 1867 174; baseline 0.001 -18"><span class='ocrx_word' id='word_1_1' title='bbox 286 119 364 157; x_wconf 78' lang='lat'>242</span> <span class='ocrx_word' id='word_1_2' title='bbox 750 120 996 159; x_wconf 83' lang='lat' dir='ltr'><strong>LETTERS</strong></span> <span class='ocrx_word' id='word_1_3' title='bbox 1035 120 1103 158; x_wconf 78' lang='lat' dir='ltr'>OF</span> <span class='ocrx_word' id='word_1_4' title='bbox 1140 120 1404 160; x_wconf 83' lang='lat' dir='ltr'>ERASMUS</span> <span class='ocrx_word' id='word_1_5' title='bbox 1745 119 1782 174; x_wconf 90' lang='lat'>[1</span> <span class='ocrx_word' id='word_1_6' title='bbox 1791 133 1812 170; x_wconf 92' lang='lat'>5</span> <span class='ocrx_word' id='word_1_7' title='bbox 1822 133 1836 158; x_wconf 89' lang='lat'>1</span> <span class='ocrx_word' id='word_1_8' title='bbox 1845 123 1867 157; x_wconf 81' lang='lat'>8</span> 
     </span>
    </p>
   </div>
   <div class='ocr_carea' id='block_1_2' title="bbox 223 223 1870 458">
    <p class='ocr_par' dir='ltr' id='par_1_2' title="bbox 282 223 1870 328">
     <span class='ocr_line' id='line_1_2' title="bbox 283 223 1870 274; baseline 0 -12"><span class='ocrx_word' id='word_1_9' title='bbox 283 224 522 272; x_wconf 83' lang='lat' dir='ltr'>plurimum.</span> <span class='ocrx_word' id='word_1_10' title='bbox 582 223 660 263; x_wconf 92' lang='lat' dir='ltr'>Ille</span> <span class='ocrx_word' id='word_1_11' title='bbox 686 237 752 262; x_wconf 88' lang='lat' dir='ltr'>me</span> <span class='ocrx_word' id='word_1_12' title='bbox 778 223 863 262; x_wconf 90' lang='lat' dir='ltr'>suis</span> <span class='ocrx_word' id='word_1_13' title='bbox 886 224 1073 273; x_wconf 83' lang='lat' dir='ltr'>precibus</span> <span class='ocrx_word' id='word_1_14' title='bbox 1095 224 1226 272; x_wconf 84' lang='lat' dir='ltr'>fulcit,</span> <span class='ocrx_word' id='word_1_15' title='bbox 1257 223 1330 263; x_wconf 91' lang='lat' dir='ltr'>ille</span> <span class='ocrx_word' id='word_1_16' title='bbox 1359 224 1544 274; x_wconf 88' lang='lat' dir='ltr'>epistolis</span> <span class='ocrx_word' id='word_1_17' title='bbox 1571 226 1613 262; x_wconf 89' lang='lat' dir='ltr'>et</span> <span class='ocrx_word' id='word_1_18' title='bbox 1639 224 1870 264; x_wconf 84' lang='lat' dir='ltr'>consolatur</span> 
     </span>
     <span class='ocr_line' id='line_1_3' title="bbox 282 289 544 328; baseline -0.004 -1"><span class='ocrx_word' id='word_1_19' title='bbox 282 291 322 328; x_wconf 87' lang='lat' dir='ltr'>et</span> <span class='ocrx_word' id='word_1_20' title='bbox 341 289 544 328; x_wconf 76' lang='lat' dir='ltr'><strong>admonet.</strong></span> 
     </span>
    </p>

    <p class='ocr_par' dir='ltr' id='par_1_3' title="bbox 223 352 1869 458">
     <span class='ocr_line' id='line_1_4' title="bbox 223 352 1869 404; baseline 0.001 -12"><span class='ocrx_word' id='word_1_21' title='bbox 223 354 264 386; x_wconf 87' lang='lat'>60</span> <span class='ocrx_word' id='word_1_22' title='bbox 337 354 379 392; x_wconf 91' lang='lat' dir='ltr'>Si</span> <span class='ocrx_word' id='word_1_23' title='bbox 399 354 494 404; x_wconf 87' lang='lat' dir='ltr'>quid</span> <span class='ocrx_word' id='word_1_24' title='bbox 515 355 619 392; x_wconf 88' lang='lat' dir='ltr'>forte</span> <span class='ocrx_word' id='word_1_25' title='bbox 645 352 782 403; x_wconf 74' lang='lat' dir='ltr'>(opus)</span> <span class='ocrx_word' id='word_1_26' title='bbox 801 353 926 392; x_wconf 84' lang='lat' dir='ltr'>fuerit</span> <span class='ocrx_word' id='word_1_27' title='bbox 946 353 1105 392; x_wconf 91' lang='lat' dir='ltr'>famulo</span> <span class='ocrx_word' id='word_1_28' title='bbox 1126 366 1229 401; x_wconf 89' lang='lat' dir='ltr'>meo,</span> <span class='ocrx_word' id='word_1_29' title='bbox 1253 367 1350 403; x_wconf 87' lang='lat' dir='ltr'>rogo</span> <span class='ocrx_word' id='word_1_30' title='bbox 1379 367 1430 392; x_wconf 91' lang='lat' dir='ltr'>ne</span> <span class='ocrx_word' id='word_1_31' title='bbox 1455 356 1526 392; x_wconf 84' lang='lat' dir='ltr'>tua</span> <span class='ocrx_word' id='word_1_32' title='bbox 1548 354 1783 404; x_wconf 81' lang='lat' dir='ltr'>benignitas</span> <span class='ocrx_word' id='word_1_33' title='bbox 1807 356 1869 394; x_wconf 90' lang='lat' dir='ltr'>illi</span> 
     </span>
     <span class='ocr_line' id='line_1_5' title="bbox 282 419 551 458; baseline -0.007 0"><span class='ocrx_word' id='word_1_34' title='bbox 282 419 382 458; x_wconf 88' lang='lat' dir='ltr'>velit</span> <span class='ocrx_word' id='word_1_35' title='bbox 401 421 551 457; x_wconf 81' lang='lat' dir='ltr'>deesse.</span> 
     </span>
    </p>
   </div>
   <div class='ocr_carea' id='block_1_3' title="bbox 762 532 1393 576">
    <p class='ocr_par' dir='ltr' id='par_1_4' title="bbox 762 532 1393 576">
     <span class='ocr_line' id='line_1_6' title="bbox 762 532 1393 576; baseline 0.005 -4"><span class='ocrx_word' id='word_1_36' title='bbox 762 532 856 573; x_wconf 82' lang='lat'><strong>787.</strong></span> <span class='ocrx_word' id='word_1_37' title='bbox 917 532 980 573; x_wconf 90' lang='lat' dir='ltr'>To</span> <span class='ocrx_word' id='word_1_38' title='bbox 1013 532 1229 574; x_wconf 81' lang='lat' dir='ltr'><strong>RICHARD</strong></span> <span class='ocrx_word' id='word_1_39' title='bbox 1261 532 1393 576; x_wconf 80' lang='lat' dir='ltr'><strong>PAcE.</strong></span> 
     </span>
    </p>
   </div>
   <div class='ocr_carea' id='block_1_4' title="bbox 327 631 1817 738">
    <p class='ocr_par' dir='ltr' id='par_1_5' title="bbox 327 631 1817 738">
     <span class='ocr_line' id='line_1_7' title="bbox 327 631 1763 679; baseline 0.003 -14"><span class='ocrx_word' id='word_1_40' title='bbox 327 631 513 667; x_wconf 85' lang='lat' dir='ltr'>Deventer</span> <span class='ocrx_word' id='word_1_41' title='bbox 531 632 607 669; x_wconf 80' lang='lat' dir='ltr'>MS.</span> <span class='ocrx_word' id='word_1_42' title='bbox 626 643 680 677; x_wconf 89' lang='lat'>91,</span> <span class='ocrx_word' id='word_1_43' title='bbox 702 634 726 668; x_wconf 91' lang='lat' dir='ltr'>f.</span> <span class='ocrx_word' id='word_1_44' title='bbox 746 644 788 679; x_wconf 84' lang='lat'>33</span> <span class='ocrx_word' id='word_1_45' title='bbox 808 637 856 668; x_wconf 90' lang='lat' dir='ltr'>v0.</span> <span class='ocrx_word' id='word_1_46' title='bbox 1587 633 1763 671; x_wconf 86' lang='lat' dir='ltr'>Louvain.</span> 
     </span>
     <span class='ocr_line' id='line_1_8' title="bbox 327 689 1817 738; baseline 0.003 -15"><span class='ocrx_word' id='word_1_47' title='bbox 327 689 396 725; x_wconf 80' lang='lat' dir='ltr'>LB.</span> <span class='ocrx_word' id='word_1_48' title='bbox 415 690 509 735; x_wconf 88' lang='lat' dir='ltr'><strong>App.</strong></span> <span class='ocrx_word' id='word_1_49' title='bbox 530 692 607 727; x_wconf 85' lang='lat'><strong>266.</strong></span> <span class='ocrx_word' id='word_1_50' title='bbox 1530 702 1546 737; x_wconf 89' lang='lat'>5</span> <span class='ocrx_word' id='word_1_51' title='bbox 1567 692 1697 727; x_wconf 82' lang='lat' dir='ltr'>March</span> <span class='ocrx_word' id='word_1_52' title='bbox 1718 694 1817 738; x_wconf 84' lang='lat'><strong>1518.</strong></span> 
     </span>
    </p>
   </div>
   <div class='ocr_carea' id='block_1_5' title="bbox 762 782 1385 813">
    <p class='ocr_par' dir='ltr' id='par_1_6' title="bbox 762 782 1385 813">
     <span class='ocr_line' id='line_1_9' title="bbox 762 782 1385 813; baseline 0.002 -2"><span class='ocrx_word' id='word_1_53' title='bbox 762 782 966 812; x_wconf 79' lang='lat' dir='ltr'><strong>ERASMVS</strong></span> <span class='ocrx_word' id='word_1_54' title='bbox 998 783 1138 813; x_wconf 81' lang='lat' dir='ltr'><strong>PACEO</strong></span> <span class='ocrx_word' id='word_1_55' title='bbox 1171 782 1253 811; x_wconf 84' lang='lat' dir='ltr'>SVO</span> <span class='ocrx_word' id='word_1_56' title='bbox 1286 782 1317 812; x_wconf 81' lang='lat' dir='ltr'>S.</span> <span class='ocrx_word' id='word_1_57' title='bbox 1342 782 1385 812; x_wconf 89' lang='lat' dir='ltr'>D.</span> 
     </span>
    </p>
   </div>
   <div class='ocr_carea' id='block_1_6' title="bbox 213 870 1867 2620">
    <p class='ocr_par' dir='ltr' id='par_1_7' title="bbox 276 870 1867 1119">
     <span class='ocr_line' id='line_1_10' title="bbox 332 870 1866 924; baseline 0.003 -16"><span class='ocrx_word' id='word_1_58' title='bbox 332 870 396 909; x_wconf 79' lang='lat' dir='ltr'>NE</span> <span class='ocrx_word' id='word_1_59' title='bbox 414 873 460 909; x_wconf 90' lang='lat' dir='ltr'>tu</span> <span class='ocrx_word' id='word_1_60' title='bbox 480 872 650 922; x_wconf 80' lang='lat' dir='ltr'>pulchre</span> <span class='ocrx_word' id='word_1_61' title='bbox 668 873 805 912; x_wconf 87' lang='lat' dir='ltr'>lusisti</span> <span class='ocrx_word' id='word_1_62' title='bbox 823 873 867 911; x_wconf 92' lang='lat' dir='ltr'>in</span> <span class='ocrx_word' id='word_1_63' title='bbox 886 875 957 912; x_wconf 90' lang='lat' dir='ltr'>tuo</span> <span class='ocrx_word' id='word_1_64' title='bbox 973 873 1125 923; x_wconf 81' lang='lat' dir='ltr'>libello,</span> <span class='ocrx_word' id='word_1_65' title='bbox 1140 873 1379 912; x_wconf 76' lang='lat' dir='ltr'>doctissime</span> <span class='ocrx_word' id='word_1_66' title='bbox 1394 874 1560 922; x_wconf 88' lang='lat' dir='ltr'>Pacaee,</span> <span class='ocrx_word' id='word_1_67' title='bbox 1581 887 1714 924; x_wconf 87' lang='lat' dir='ltr'>neque</span> <span class='ocrx_word' id='word_1_68' title='bbox 1732 874 1866 913; x_wconf 88' lang='lat' dir='ltr'>multo</span> 
     </span>
     <span class='ocr_line' id='line_1_11' title="bbox 278 936 1866 988; baseline 0.002 -14"><span class='ocrx_word' id='word_1_69' title='bbox 278 936 371 985; x_wconf 89' lang='lat' dir='ltr'>plus</span> <span class='ocrx_word' id='word_1_70' title='bbox 402 938 554 987; x_wconf 88' lang='lat' dir='ltr'>gratiae</span> <span class='ocrx_word' id='word_1_71' title='bbox 581 938 699 977; x_wconf 88' lang='lat' dir='ltr'>inisti</span> <span class='ocrx_word' id='word_1_72' title='bbox 727 939 835 988; x_wconf 89' lang='lat' dir='ltr'>apud</span> <span class='ocrx_word' id='word_1_73' title='bbox 864 938 1076 988; x_wconf 87' lang='lat' dir='ltr'>theologos</span> <span class='ocrx_word' id='word_1_74' title='bbox 1105 951 1230 988; x_wconf 91' lang='lat' dir='ltr'>quam</span> <span class='ocrx_word' id='word_1_75' title='bbox 1260 952 1334 988; x_wconf 89' lang='lat' dir='ltr'>ego</span> <span class='ocrx_word' id='word_1_76' title='bbox 1363 952 1455 978; x_wconf 87' lang='lat' dir='ltr'>mea</span> <span class='ocrx_word' id='word_1_77' title='bbox 1484 939 1621 978; x_wconf 87' lang='lat' dir='ltr'>Moria.</span> <span class='ocrx_word' id='word_1_78' title='bbox 1691 940 1769 979; x_wconf 91' lang='lat' dir='ltr'>Sed</span> <span class='ocrx_word' id='word_1_79' title='bbox 1800 952 1866 977; x_wconf 88' lang='lat' dir='ltr'>me</span> 
     </span>
     <span class='ocr_line' id='line_1_12' title="bbox 276 1003 1866 1054; baseline 0.002 -14"><span class='ocrx_word' id='word_1_80' title='bbox 276 1015 440 1052; x_wconf 90' lang='lat' dir='ltr'>prorsus</span> <span class='ocrx_word' id='word_1_81' title='bbox 466 1003 695 1042; x_wconf 77' lang='lat' dir='ltr'>nobilitasti</span> <span class='ocrx_word' id='word_1_82' title='bbox 721 1003 890 1042; x_wconf 84' lang='lat' dir='ltr'>infamia</span> <span class='ocrx_word' id='word_1_83' title='bbox 912 1003 1171 1053; x_wconf 81' lang='lat' dir='ltr'>paupertatis,</span> <span class='ocrx_word' id='word_1_84' title='bbox 1204 1017 1299 1042; x_wconf 87' lang='lat' dir='ltr'>cum</span> <span class='ocrx_word' id='word_1_85' title='bbox 1324 1003 1411 1053; x_wconf 83' lang='lat' dir='ltr'>ipse</span> <span class='ocrx_word' id='word_1_86' title='bbox 1437 1003 1542 1042; x_wconf 86' lang='lat' dir='ltr'>mihi</span> <span class='ocrx_word' id='word_1_87' title='bbox 1567 1004 1866 1054; x_wconf 87' lang='lat' dir='ltr'>propemodum</span> 
     </span>
     <span class='ocr_line' id='line_1_13' title="bbox 277 1067 1867 1119; baseline 0.003 -14"><span class='ocrx_word' id='word_1_88' title='bbox 277 1067 410 1106; x_wconf 87' lang='lat' dir='ltr'>Midas</span> <span class='ocrx_word' id='word_1_89' title='bbox 438 1068 639 1119; x_wconf 83' lang='lat' dir='ltr'>quispiam</span> <span class='ocrx_word' id='word_1_90' title='bbox 669 1082 756 1108; x_wconf 92' lang='lat' dir='ltr'>esse</span> <span class='ocrx_word' id='word_1_91' title='bbox 785 1069 956 1107; x_wconf 89' lang='lat' dir='ltr'>viderer.</span> <span class='ocrx_word' id='word_1_92' title='bbox 1012 1069 1169 1107; x_wconf 91' lang='lat' dir='ltr'>Verum</span> <span class='ocrx_word' id='word_1_93' title='bbox 1191 1068 1269 1107; x_wconf 88' lang='lat' dir='ltr'>hoc</span> <span class='ocrx_word' id='word_1_94' title='bbox 1294 1069 1435 1119; x_wconf 85' lang='lat' dir='ltr'>probri</span> <span class='ocrx_word' id='word_1_95' title='bbox 1461 1069 1654 1108; x_wconf 89' lang='lat' dir='ltr'>nonnihil</span> <span class='ocrx_word' id='word_1_96' title='bbox 1675 1070 1727 1109; x_wconf 87' lang='lat' dir='ltr'>ad</span> <span class='ocrx_word' id='word_1_97' title='bbox 1753 1083 1867 1109; x_wconf 90' lang='lat' dir='ltr'>meos</span> 
     </span>
    </p>

    <p class='ocr_par' dir='ltr' id='par_1_8' title="bbox 239 1133 1866 1446">
     <span class='ocr_line' id='line_1_14' title="bbox 239 1133 1866 1184; baseline 0 -10"><span class='ocrx_word' id='word_1_98' title='bbox 239 1144 258 1174; x_wconf 76' lang='lat'><strong><em>5</em></strong></span> <span class='ocrx_word' id='word_1_99' title='bbox 277 1133 530 1173; x_wconf 86' lang='lat' dir='ltr'>Moeeenates</span> <span class='ocrx_word' id='word_1_100' title='bbox 552 1134 741 1184; x_wconf 77' lang='lat' dir='ltr'>pertinet,</span> <span class='ocrx_word' id='word_1_101' title='bbox 774 1134 855 1173; x_wconf 89' lang='lat' dir='ltr'>nisi</span> <span class='ocrx_word' id='word_1_102' title='bbox 882 1147 955 1184; x_wconf 88' lang='lat' dir='ltr'>ego</span> <span class='ocrx_word' id='word_1_103' title='bbox 984 1134 1062 1172; x_wconf 92' lang='lat' dir='ltr'>tibi</span> <span class='ocrx_word' id='word_1_104' title='bbox 1090 1133 1232 1173; x_wconf 90' lang='lat' dir='ltr'>videor</span> <span class='ocrx_word' id='word_1_105' title='bbox 1261 1134 1390 1173; x_wconf 85' lang='lat' dir='ltr'>cliens</span> <span class='ocrx_word' id='word_1_106' title='bbox 1417 1134 1593 1184; x_wconf 88' lang='lat' dir='ltr'>ignauus</span> <span class='ocrx_word' id='word_1_107' title='bbox 1623 1135 1792 1174; x_wconf 90' lang='lat' dir='ltr'>omnino</span> <span class='ocrx_word' id='word_1_108' title='bbox 1820 1148 1866 1174; x_wconf 84' lang='lat' dir='ltr'>ao</span> 
     </span>
     <span class='ocr_line' id='line_1_15' title="bbox 277 1198 1861 1253; baseline 0.002 -17"><span class='ocrx_word' id='word_1_109' title='bbox 277 1199 559 1247; x_wconf 90' lang='lat' dir='ltr'>poenitendus.</span> <span class='ocrx_word' id='word_1_110' title='bbox 618 1200 697 1239; x_wconf 88' lang='lat' dir='ltr'>Sed</span> <span class='ocrx_word' id='word_1_111' title='bbox 731 1202 999 1249; x_wconf 88' lang='lat' dir='ltr'>posteaquam</span> <span class='ocrx_word' id='word_1_112' title='bbox 1032 1212 1099 1238; x_wconf 89' lang='lat' dir='ltr'>me</span> <span class='ocrx_word' id='word_1_113' title='bbox 1131 1201 1204 1237; x_wconf 91' lang='lat' dir='ltr'>tuo</span> <span class='ocrx_word' id='word_1_114' title='bbox 1233 1199 1376 1238; x_wconf 90' lang='lat' dir='ltr'>libello</span> <span class='ocrx_word' id='word_1_115' title='bbox 1409 1200 1639 1249; x_wconf 79' lang='lat' dir='ltr'>traduxisti,</span> <span class='ocrx_word' id='word_1_116' title='bbox 1667 1198 1748 1253; x_wconf 87' lang='lat' dir='ltr'>[ac]</span> <span class='ocrx_word' id='word_1_117' title='bbox 1776 1214 1861 1251; x_wconf 87' lang='lat' dir='ltr'>age,</span> 
     </span>
     <span class='ocr_line' id='line_1_16' title="bbox 277 1264 1866 1315; baseline 0.003 -14"><span class='ocrx_word' id='word_1_118' title='bbox 277 1264 337 1301; x_wconf 79' lang='lat' dir='ltr'>fac</span> <span class='ocrx_word' id='word_1_119' title='bbox 357 1266 429 1303; x_wconf 90' lang='lat' dir='ltr'>tuo</span> <span class='ocrx_word' id='word_1_120' title='bbox 448 1265 600 1303; x_wconf 84' lang='lat' dir='ltr'>auxilio</span> <span class='ocrx_word' id='word_1_121' title='bbox 614 1265 813 1315; x_wconf 85' lang='lat' dir='ltr'>probrum</span> <span class='ocrx_word' id='word_1_122' title='bbox 835 1265 911 1304; x_wconf 87' lang='lat' dir='ltr'>hoc</span> <span class='ocrx_word' id='word_1_123' title='bbox 931 1265 1169 1315; x_wconf 86' lang='lat' dir='ltr'>propulsare</span> <span class='ocrx_word' id='word_1_124' title='bbox 1191 1264 1321 1304; x_wconf 85' lang='lat' dir='ltr'>liceat.</span> <span class='ocrx_word' id='word_1_125' title='bbox 1380 1264 1595 1304; x_wconf 84' lang='lat' dir='ltr'>Extimula</span> <span class='ocrx_word' id='word_1_126' title='bbox 1611 1265 1866 1305; x_wconf 87' lang='lat' dir='ltr'>Moecenates</span> 
     </span>
     <span class='ocr_line' id='line_1_17' title="bbox 275 1330 1863 1382; baseline 0.002 -15"><span class='ocrx_word' id='word_1_127' title='bbox 275 1330 382 1379; x_wconf 85' lang='lat' dir='ltr'>apud</span> <span class='ocrx_word' id='word_1_128' title='bbox 412 1343 512 1380; x_wconf 91' lang='lat' dir='ltr'>quos</span> <span class='ocrx_word' id='word_1_129' title='bbox 539 1344 682 1370; x_wconf 90' lang='lat' dir='ltr'>omnes</span> <span class='ocrx_word' id='word_1_130' title='bbox 708 1333 780 1369; x_wconf 93' lang='lat' dir='ltr'>tuo</span> <span class='ocrx_word' id='word_1_131' title='bbox 803 1330 949 1369; x_wconf 89' lang='lat' dir='ltr'>merito</span> <span class='ocrx_word' id='word_1_132' title='bbox 978 1332 1094 1380; x_wconf 88' lang='lat' dir='ltr'>potes</span> <span class='ocrx_word' id='word_1_133' title='bbox 1118 1330 1360 1380; x_wconf 90' lang='lat' dir='ltr'>plurimum.</span> <span class='ocrx_word' id='word_1_134' title='bbox 1421 1331 1500 1369; x_wconf 91' lang='lat' dir='ltr'>Sed</span> <span class='ocrx_word' id='word_1_135' title='bbox 1528 1345 1639 1370; x_wconf 85' lang='lat' dir='ltr'>nunc</span> <span class='ocrx_word' id='word_1_136' title='bbox 1669 1331 1863 1382; x_wconf 90' lang='lat' dir='ltr'>quoniam</span> 
     </span>
     <span class='ocr_line' id='line_1_18' title="bbox 276 1394 1863 1446; baseline 0.003 -15"><span class='ocrx_word' id='word_1_137' title='bbox 276 1394 423 1444; x_wconf 88' lang='lat' dir='ltr'>ingens</span> <span class='ocrx_word' id='word_1_138' title='bbox 448 1397 490 1434; x_wconf 92' lang='lat' dir='ltr'>et</span> <span class='ocrx_word' id='word_1_139' title='bbox 513 1395 637 1445; x_wconf 86' lang='lat' dir='ltr'>longa</span> <span class='ocrx_word' id='word_1_140' title='bbox 663 1396 936 1446; x_wconf 85' lang='lat' dir='ltr'>peregrinatio</span> <span class='ocrx_word' id='word_1_141' title='bbox 962 1395 1204 1434; x_wconf 88' lang='lat' dir='ltr'>sustinenda</span> <span class='ocrx_word' id='word_1_142' title='bbox 1228 1398 1301 1444; x_wconf 89' lang='lat' dir='ltr'>est,</span> <span class='ocrx_word' id='word_1_143' title='bbox 1330 1409 1428 1445; x_wconf 91' lang='lat' dir='ltr'>rogo</span> <span class='ocrx_word' id='word_1_144' title='bbox 1458 1397 1656 1435; x_wconf 86' lang='lat' dir='ltr'>adnitaris</span> <span class='ocrx_word' id='word_1_145' title='bbox 1683 1399 1729 1436; x_wconf 86' lang='lat' dir='ltr'>vt</span> <span class='ocrx_word' id='word_1_146' title='bbox 1756 1398 1863 1446; x_wconf 90' lang='lat' dir='ltr'>quod</span> 
     </span>
    </p>

    <p class='ocr_par' dir='ltr' id='par_1_9' title="bbox 220 1460 1865 1772">
     <span class='ocr_line' id='line_1_19' title="bbox 220 1460 1865 1512; baseline 0.002 -15"><span class='ocrx_word' id='word_1_147' title='bbox 220 1471 259 1492; x_wconf 84' lang='lat'>10</span> <span class='ocrx_word' id='word_1_148' title='bbox 276 1460 383 1510; x_wconf 89' lang='lat' dir='ltr'>apud</span> <span class='ocrx_word' id='word_1_149' title='bbox 416 1461 569 1511; x_wconf 85' lang='lat' dir='ltr'>Regem</span> <span class='ocrx_word' id='word_1_150' title='bbox 603 1462 737 1512; x_wconf 87' lang='lat' dir='ltr'>agitur</span> <span class='ocrx_word' id='word_1_151' title='bbox 775 1461 991 1512; x_wconf 80' lang='lat' dir='ltr'>negocium</span> <span class='ocrx_word' id='word_1_152' title='bbox 1023 1461 1235 1507; x_wconf 84' lang='lat' dir='ltr'>succedat;</span> <span class='ocrx_word' id='word_1_153' title='bbox 1280 1475 1403 1511; x_wconf 91' lang='lat' dir='ltr'>quem</span> <span class='ocrx_word' id='word_1_154' title='bbox 1437 1462 1560 1500; x_wconf 87' lang='lat' dir='ltr'>toties</span> <span class='ocrx_word' id='word_1_155' title='bbox 1591 1462 1676 1500; x_wconf 83' lang='lat' dir='ltr'>iam</span> <span class='ocrx_word' id='word_1_156' title='bbox 1709 1462 1865 1502; x_wconf 83' lang='lat' dir='ltr'>frustra</span> 
     </span>
     <span class='ocr_line' id='line_1_20' title="bbox 276 1526 1863 1576; baseline 0.002 -13"><span class='ocrx_word' id='word_1_157' title='bbox 276 1528 403 1574; x_wconf 87' lang='lat' dir='ltr'>capto.</span> <span class='ocrx_word' id='word_1_158' title='bbox 464 1526 639 1574; x_wconf 87' lang='lat' dir='ltr'>Adhibe,</span> <span class='ocrx_word' id='word_1_159' title='bbox 663 1526 698 1565; x_wconf 91' lang='lat' dir='ltr'>si</span> <span class='ocrx_word' id='word_1_160' title='bbox 716 1527 772 1565; x_wconf 89' lang='lat' dir='ltr'>sit</span> <span class='ocrx_word' id='word_1_161' title='bbox 791 1539 903 1576; x_wconf 90' lang='lat' dir='ltr'>opus,</span> <span class='ocrx_word' id='word_1_162' title='bbox 927 1526 1175 1565; x_wconf 89' lang='lat' dir='ltr'>Montioium</span> <span class='ocrx_word' id='word_1_163' title='bbox 1194 1539 1239 1564; x_wconf 85' lang='lat' dir='ltr'>ae</span> <span class='ocrx_word' id='word_1_164' title='bbox 1261 1526 1535 1565; x_wconf 85' lang='lat' dir='ltr'>Tonstallum.</span> <span class='ocrx_word' id='word_1_165' title='bbox 1596 1527 1761 1566; x_wconf 85' lang='lat' dir='ltr'>Coletus</span> <span class='ocrx_word' id='word_1_166' title='bbox 1779 1527 1863 1567; x_wconf 79' lang='lat' dir='ltr'>iani</span> 
     </span>
     <span class='ocr_line' id='line_1_21' title="bbox 275 1591 1864 1642; baseline 0.002 -14"><span class='ocrx_word' id='word_1_167' title='bbox 275 1591 436 1640; x_wconf 86' lang='lat' dir='ltr'>pridem</span> <span class='ocrx_word' id='word_1_168' title='bbox 468 1592 543 1630; x_wconf 83' lang='lat' dir='ltr'>hoe</span> <span class='ocrx_word' id='word_1_169' title='bbox 581 1593 691 1642; x_wconf 84' lang='lat' dir='ltr'>agit3</span> <span class='ocrx_word' id='word_1_170' title='bbox 734 1605 836 1642; x_wconf 91' lang='lat' dir='ltr'>opus</span> <span class='ocrx_word' id='word_1_171' title='bbox 864 1594 928 1630; x_wconf 90' lang='lat' dir='ltr'>est</span> <span class='ocrx_word' id='word_1_172' title='bbox 966 1593 1175 1641; x_wconf 86' lang='lat' dir='ltr'>praesente</span> <span class='ocrx_word' id='word_1_173' title='bbox 1213 1591 1396 1641; x_wconf 79' lang='lat' dir='ltr'>pecunia.</span> <span class='ocrx_word' id='word_1_174' title='bbox 1466 1591 1619 1642; x_wconf 89' lang='lat' dir='ltr'>Dorpio</span> <span class='ocrx_word' id='word_1_175' title='bbox 1656 1592 1777 1632; x_wconf 80' lang='lat' dir='ltr'>certis</span> <span class='ocrx_word' id='word_1_176' title='bbox 1813 1593 1864 1631; x_wconf 92' lang='lat' dir='ltr'>de</span> 
     </span>
     <span class='ocr_line' id='line_1_22' title="bbox 276 1656 1860 1707; baseline 0.002 -13"><span class='ocrx_word' id='word_1_177' title='bbox 276 1656 407 1694; x_wconf 88' lang='lat' dir='ltr'>causis</span> <span class='ocrx_word' id='word_1_178' title='bbox 434 1670 517 1695; x_wconf 92' lang='lat' dir='ltr'>non</span> <span class='ocrx_word' id='word_1_179' title='bbox 547 1657 706 1696; x_wconf 89' lang='lat' dir='ltr'>reddidi</span> <span class='ocrx_word' id='word_1_180' title='bbox 734 1660 850 1696; x_wconf 88' lang='lat' dir='ltr'>tuam</span> <span class='ocrx_word' id='word_1_181' title='bbox 876 1657 1101 1707; x_wconf 87' lang='lat' dir='ltr'>epistolam.</span> <span class='ocrx_word' id='word_1_182' title='bbox 1160 1656 1271 1695; x_wconf 82' lang='lat' dir='ltr'>Satis</span> <span class='ocrx_word' id='word_1_183' title='bbox 1295 1656 1401 1695; x_wconf 90' lang='lat' dir='ltr'>mihi</span> <span class='ocrx_word' id='word_1_184' title='bbox 1427 1670 1522 1695; x_wconf 87' lang='lat' dir='ltr'>cum</span> <span class='ocrx_word' id='word_1_185' title='bbox 1550 1657 1623 1696; x_wconf 91' lang='lat' dir='ltr'>illo</span> <span class='ocrx_word' id='word_1_186' title='bbox 1652 1659 1860 1705; x_wconf 87' lang='lat' dir='ltr'>conuenit,</span> 
     </span>
     <span class='ocr_line' id='line_1_23' title="bbox 276 1721 1549 1772; baseline 0.001 -13"><span class='ocrx_word' id='word_1_187' title='bbox 276 1723 316 1759; x_wconf 93' lang='lat' dir='ltr'>et</span> <span class='ocrx_word' id='word_1_188' title='bbox 334 1721 392 1760; x_wconf 90' lang='lat' dir='ltr'>ita</span> <span class='ocrx_word' id='word_1_189' title='bbox 411 1734 475 1760; x_wconf 89' lang='lat' dir='ltr'>res</span> <span class='ocrx_word' id='word_1_190' title='bbox 494 1722 650 1772; x_wconf 87' lang='lat' dir='ltr'>flagitat</span> <span class='ocrx_word' id='word_1_191' title='bbox 670 1724 716 1761; x_wconf 89' lang='lat' dir='ltr'>vt</span> <span class='ocrx_word' id='word_1_192' title='bbox 735 1723 889 1772; x_wconf 85' lang='lat' dir='ltr'>aliquot</span> <span class='ocrx_word' id='word_1_193' title='bbox 908 1722 1136 1762; x_wconf 83' lang='lat' dir='ltr'>academias</span> <span class='ocrx_word' id='word_1_194' title='bbox 1155 1722 1329 1761; x_wconf 91' lang='lat' dir='ltr'>habeam</span> <span class='ocrx_word' id='word_1_195' title='bbox 1349 1722 1549 1761; x_wconf 84' lang='lat' dir='ltr'>fauentes.</span> 
     </span>
    </p>

    <p class='ocr_par' dir='ltr' id='par_1_10' title="bbox 218 1786 1861 2098">
     <span class='ocr_line' id='line_1_24' title="bbox 218 1786 1861 1839; baseline 0.002 -14"><span class='ocrx_word' id='word_1_196' title='bbox 218 1796 254 1829; x_wconf 80' lang='lat'>15</span> <span class='ocrx_word' id='word_1_197' title='bbox 329 1787 529 1825; x_wconf 88' lang='lat' dir='ltr'>Narrabat</span> <span class='ocrx_word' id='word_1_198' title='bbox 549 1787 653 1826; x_wconf 86' lang='lat' dir='ltr'>mihi</span> <span class='ocrx_word' id='word_1_199' title='bbox 672 1788 845 1838; x_wconf 85' lang='lat' dir='ltr'>Cyclops</span> <span class='ocrx_word' id='word_1_200' title='bbox 867 1787 938 1826; x_wconf 93' lang='lat' dir='ltr'>ille</span> <span class='ocrx_word' id='word_1_201' title='bbox 964 1787 1041 1825; x_wconf 89' lang='lat' dir='ltr'>tibi</span> <span class='ocrx_word' id='word_1_202' title='bbox 1064 1788 1199 1826; x_wconf 87' lang='lat' dir='ltr'>nescio</span> <span class='ocrx_word' id='word_1_203' title='bbox 1224 1787 1322 1837; x_wconf 89' lang='lat' dir='ltr'>quid</span> <span class='ocrx_word' id='word_1_204' title='bbox 1349 1786 1580 1826; x_wconf 88' lang='lat' dir='ltr'>litterarum</span> <span class='ocrx_word' id='word_1_205' title='bbox 1601 1787 1729 1828; x_wconf 81' lang='lat' dir='ltr'>fuisse</span> <span class='ocrx_word' id='word_1_206' title='bbox 1748 1801 1861 1839; x_wconf 88' lang='lat' dir='ltr'>para-</span> 
     </span>
     <span class='ocr_line' id='line_1_25' title="bbox 274 1852 1861 1902; baseline 0.002 -13"><span class='ocrx_word' id='word_1_207' title='bbox 274 1854 375 1889; x_wconf 87' lang='lat' dir='ltr'>tum.</span> <span class='ocrx_word' id='word_1_208' title='bbox 437 1852 640 1902; x_wconf 73' lang='lat' dir='ltr'>Quicquid</span> <span class='ocrx_word' id='word_1_209' title='bbox 661 1854 732 1900; x_wconf 90' lang='lat' dir='ltr'>est,</span> <span class='ocrx_word' id='word_1_210' title='bbox 752 1853 849 1891; x_wconf 84' lang='lat' dir='ltr'>huic</span> <span class='ocrx_word' id='word_1_211' title='bbox 868 1853 996 1891; x_wconf 86' lang='lat' dir='ltr'>trade.</span> <span class='ocrx_word' id='word_1_212' title='bbox 1054 1852 1165 1901; x_wconf 88' lang='lat' dir='ltr'>Opus</span> <span class='ocrx_word' id='word_1_213' title='bbox 1180 1854 1242 1890; x_wconf 92' lang='lat' dir='ltr'>est</span> <span class='ocrx_word' id='word_1_214' title='bbox 1256 1865 1359 1901; x_wconf 89' lang='lat' dir='ltr'>equo</span> <span class='ocrx_word' id='word_1_215' title='bbox 1375 1852 1592 1891; x_wconf 84' lang='lat' dir='ltr'>commodo</span> <span class='ocrx_word' id='word_1_216' title='bbox 1605 1866 1651 1892; x_wconf 87' lang='lat' dir='ltr'>ac</span> <span class='ocrx_word' id='word_1_217' title='bbox 1671 1852 1861 1892; x_wconf 87' lang='lat' dir='ltr'>laborum</span> 
     </span>
     <span class='ocr_line' id='line_1_26' title="bbox 273 1917 1861 1968; baseline 0.003 -13"><span class='ocrx_word' id='word_1_218' title='bbox 273 1917 454 1966; x_wconf 89' lang='lat' dir='ltr'>patiente</span> <span class='ocrx_word' id='word_1_219' title='bbox 473 1917 652 1967; x_wconf 87' lang='lat' dir='ltr'>satisque</span> <span class='ocrx_word' id='word_1_220' title='bbox 678 1931 855 1967; x_wconf 84' lang='lat' dir='ltr'>procero.</span> <span class='ocrx_word' id='word_1_221' title='bbox 913 1917 1008 1956; x_wconf 88' lang='lat' dir='ltr'>Misi</span> <span class='ocrx_word' id='word_1_222' title='bbox 1030 1917 1239 1955; x_wconf 87' lang='lat' dir='ltr'>famulum</span> <span class='ocrx_word' id='word_1_223' title='bbox 1264 1917 1315 1955; x_wconf 89' lang='lat' dir='ltr'>ad</span> <span class='ocrx_word' id='word_1_224' title='bbox 1341 1917 1591 1957; x_wconf 87' lang='lat' dir='ltr'>venandum.</span> <span class='ocrx_word' id='word_1_225' title='bbox 1653 1919 1717 1956; x_wconf 91' lang='lat' dir='ltr'>Tu</span> <span class='ocrx_word' id='word_1_226' title='bbox 1737 1932 1861 1968; x_wconf 89' lang='lat' dir='ltr'>queso</span> 
     </span>
     <span class='ocr_line' id='line_1_27' title="bbox 273 1981 1857 2034; baseline 0.002 -14"><span class='ocrx_word' id='word_1_227' title='bbox 273 1982 413 2021; x_wconf 88' lang='lat' dir='ltr'>adiuta</span> <span class='ocrx_word' id='word_1_228' title='bbox 435 1982 511 2021; x_wconf 88' lang='lat' dir='ltr'>hac</span> <span class='ocrx_word' id='word_1_229' title='bbox 535 1996 694 2033; x_wconf 87' lang='lat' dir='ltr'>quoque</span> <span class='ocrx_word' id='word_1_230' title='bbox 720 1983 764 2021; x_wconf 87' lang='lat' dir='ltr'>in</span> <span class='ocrx_word' id='word_1_231' title='bbox 791 1985 916 2033; x_wconf 88' lang='lat' dir='ltr'>parte.</span> <span class='ocrx_word' id='word_1_232' title='bbox 978 1983 1038 2020; x_wconf 91' lang='lat' dir='ltr'>De</span> <span class='ocrx_word' id='word_1_233' title='bbox 1064 1981 1373 2020; x_wconf 88' lang='lat' dir='ltr'>commentariis</span> <span class='ocrx_word' id='word_1_234' title='bbox 1396 1982 1500 2021; x_wconf 91' lang='lat' dir='ltr'>meis</span> <span class='ocrx_word' id='word_1_235' title='bbox 1521 1982 1650 2021; x_wconf 89' lang='lat' dir='ltr'>miror</span> <span class='ocrx_word' id='word_1_236' title='bbox 1670 1983 1768 2034; x_wconf 87' lang='lat' dir='ltr'>quid</span> <span class='ocrx_word' id='word_1_237' title='bbox 1792 1985 1857 2023; x_wconf 92' lang='lat' dir='ltr'>sit.</span> 
     </span>
     <span class='ocr_line' id='line_1_28' title="bbox 272 2047 1861 2098; baseline 0.002 -12"><span class='ocrx_word' id='word_1_238' title='bbox 272 2049 497 2086; x_wconf 81' lang='lat' dir='ltr'>Vectantur</span> <span class='ocrx_word' id='word_1_239' title='bbox 524 2048 619 2086; x_wconf 90' lang='lat' dir='ltr'>libri</span> <span class='ocrx_word' id='word_1_240' title='bbox 648 2049 709 2086; x_wconf 92' lang='lat' dir='ltr'>tui</span> <span class='ocrx_word' id='word_1_241' title='bbox 734 2048 816 2087; x_wconf 88' lang='lat' dir='ltr'>iam</span> <span class='ocrx_word' id='word_1_242' title='bbox 840 2048 963 2087; x_wconf 88' lang='lat' dir='ltr'>annis</span> <span class='ocrx_word' id='word_1_243' title='bbox 992 2048 1120 2086; x_wconf 86' lang='lat' dir='ltr'>ferme</span> <span class='ocrx_word' id='word_1_244' title='bbox 1148 2047 1343 2098; x_wconf 92' lang='lat' dir='ltr'>quinque.</span> <span class='ocrx_word' id='word_1_245' title='bbox 1401 2047 1481 2096; x_wconf 77' lang='lat' dir='ltr'>Qui</span> <span class='ocrx_word' id='word_1_246' title='bbox 1503 2050 1601 2086; x_wconf 90' lang='lat' dir='ltr'>sunt</span> <span class='ocrx_word' id='word_1_247' title='bbox 1624 2048 1694 2087; x_wconf 91' lang='lat' dir='ltr'>isti</span> <span class='ocrx_word' id='word_1_248' title='bbox 1712 2050 1861 2089; x_wconf 78' lang='lat' dir='ltr'>venti?</span> 
     </span>
    </p>

    <p class='ocr_par' dir='ltr' id='par_1_11' title="bbox 216 2113 1860 2426">
     <span class='ocr_line' id='line_1_29' title="bbox 216 2113 1860 2164; baseline 0.002 -13"><span class='ocrx_word' id='word_1_249' title='bbox 216 2125 254 2146; x_wconf 89' lang='lat'>20</span> <span class='ocrx_word' id='word_1_250' title='bbox 273 2113 317 2151; x_wconf 89' lang='lat' dir='ltr'>Si</span> <span class='ocrx_word' id='word_1_251' title='bbox 344 2114 423 2152; x_wconf 89' lang='lat' dir='ltr'>scis</span> <span class='ocrx_word' id='word_1_252' title='bbox 450 2127 533 2152; x_wconf 91' lang='lat' dir='ltr'>non</span> <span class='ocrx_word' id='word_1_253' title='bbox 562 2127 649 2152; x_wconf 90' lang='lat' dir='ltr'>esse</span> <span class='ocrx_word' id='word_1_254' title='bbox 677 2127 804 2163; x_wconf 85' lang='lat' dir='ltr'>spem,</span> <span class='ocrx_word' id='word_1_255' title='bbox 828 2127 950 2164; x_wconf 89' lang='lat' dir='ltr'>queso</span> <span class='ocrx_word' id='word_1_256' title='bbox 981 2127 1033 2152; x_wconf 93' lang='lat' dir='ltr'>ne</span> <span class='ocrx_word' id='word_1_257' title='bbox 1062 2127 1129 2151; x_wconf 87' lang='lat' dir='ltr'>me</span> <span class='ocrx_word' id='word_1_258' title='bbox 1158 2114 1293 2151; x_wconf 85' lang='lat' dir='ltr'>lactes.</span> <span class='ocrx_word' id='word_1_259' title='bbox 1352 2113 1631 2163; x_wconf 86' lang='lat' dir='ltr'>Paraphrasin</span> <span class='ocrx_word' id='word_1_260' title='bbox 1659 2115 1710 2153; x_wconf 88' lang='lat' dir='ltr'>ad</span> <span class='ocrx_word' id='word_1_261' title='bbox 1735 2117 1790 2163; x_wconf 86' lang='lat' dir='ltr'>te,</span> <span class='ocrx_word' id='word_1_262' title='bbox 1814 2116 1860 2154; x_wconf 91' lang='lat' dir='ltr'>ni</span> 
     </span>
     <span class='ocr_line' id='line_1_30' title="bbox 272 2179 1860 2229; baseline 0.002 -12"><span class='ocrx_word' id='word_1_263' title='bbox 272 2179 403 2227; x_wconf 83' lang='lat' dir='ltr'>fallor,</span> <span class='ocrx_word' id='word_1_264' title='bbox 427 2179 524 2218; x_wconf 92' lang='lat' dir='ltr'>misi</span> <span class='ocrx_word' id='word_1_265' title='bbox 544 2192 638 2217; x_wconf 87' lang='lat' dir='ltr'>eum</span> <span class='ocrx_word' id='word_1_266' title='bbox 659 2180 870 2229; x_wconf 88' lang='lat' dir='ltr'>Apologia.</span> <span class='ocrx_word' id='word_1_267' title='bbox 921 2180 1003 2218; x_wconf 87' lang='lat' dir='ltr'>Illa</span> <span class='ocrx_word' id='word_1_268' title='bbox 1022 2179 1211 2217; x_wconf 90' lang='lat' dir='ltr'>omnium</span> <span class='ocrx_word' id='word_1_269' title='bbox 1230 2179 1519 2228; x_wconf 87' lang='lat' dir='ltr'>theologorum</span> <span class='ocrx_word' id='word_1_270' title='bbox 1539 2179 1706 2218; x_wconf 83' lang='lat' dir='ltr'>calculis</span> <span class='ocrx_word' id='word_1_271' title='bbox 1726 2180 1860 2221; x_wconf 82' lang='lat' dir='ltr'>lauda-</span> 
     </span>
     <span class='ocr_line' id='line_1_31' title="bbox 273 2244 1860 2295; baseline 0.002 -12"><span class='ocrx_word' id='word_1_272' title='bbox 273 2247 351 2284; x_wconf 88' lang='lat' dir='ltr'>tur.</span> <span class='ocrx_word' id='word_1_273' title='bbox 406 2244 610 2294; x_wconf 85' lang='lat' dir='ltr'>Apologia</span> <span class='ocrx_word' id='word_1_274' title='bbox 628 2245 735 2283; x_wconf 87' lang='lat' dir='ltr'>male</span> <span class='ocrx_word' id='word_1_275' title='bbox 759 2245 882 2283; x_wconf 90' lang='lat' dir='ltr'>habet</span> <span class='ocrx_word' id='word_1_276' title='bbox 908 2245 1114 2284; x_wconf 87' lang='lat' dir='ltr'>Fabristas</span> <span class='ocrx_word' id='word_1_277' title='bbox 1139 2245 1350 2295; x_wconf 86' lang='lat' dir='ltr'>quosdam,</span> <span class='ocrx_word' id='word_1_278' title='bbox 1374 2258 1459 2283; x_wconf 91' lang='lat' dir='ltr'>non</span> <span class='ocrx_word' id='word_1_279' title='bbox 1485 2245 1595 2294; x_wconf 89' lang='lat' dir='ltr'>quod</span> <span class='ocrx_word' id='word_1_280' title='bbox 1623 2245 1860 2295; x_wconf 87' lang='lat' dir='ltr'>improbent</span> 
     </span>
     <span class='ocr_line' id='line_1_32' title="bbox 272 2309 1860 2363; baseline 0.001 -14"><span class='ocrx_word' id='word_1_281' title='bbox 272 2323 437 2349; x_wconf 87' lang='lat' dir='ltr'>causam</span> <span class='ocrx_word' id='word_1_282' title='bbox 462 2323 607 2358; x_wconf 89' lang='lat' dir='ltr'>meam,</span> <span class='ocrx_word' id='word_1_283' title='bbox 631 2311 702 2349; x_wconf 89' lang='lat' dir='ltr'>sed</span> <span class='ocrx_word' id='word_1_284' title='bbox 730 2311 837 2361; x_wconf 92' lang='lat' dir='ltr'>quod</span> <span class='ocrx_word' id='word_1_285' title='bbox 856 2324 980 2350; x_wconf 88' lang='lat' dir='ltr'>ausus</span> <span class='ocrx_word' id='word_1_286' title='bbox 1004 2309 1118 2363; x_wconf 73' lang='lat' dir='ltr'>(sim)</span> <span class='ocrx_word' id='word_1_287' title='bbox 1139 2313 1257 2349; x_wconf 86' lang='lat' dir='ltr'>tanto</span> <span class='ocrx_word' id='word_1_288' title='bbox 1286 2311 1376 2349; x_wconf 88' lang='lat' dir='ltr'>viro</span> <span class='ocrx_word' id='word_1_289' title='bbox 1405 2311 1659 2360; x_wconf 89' lang='lat' dir='ltr'>respondere.</span> <span class='ocrx_word' id='word_1_290' title='bbox 1718 2312 1797 2360; x_wconf 74' lang='lat' dir='ltr'>Qui</span> <span class='ocrx_word' id='word_1_291' title='bbox 1825 2312 1860 2351; x_wconf 89' lang='lat' dir='ltr'>si</span> 
     </span>
     <span class='ocr_line' id='line_1_33' title="bbox 272 2375 1859 2426; baseline 0.003 -13"><span class='ocrx_word' id='word_1_292' title='bbox 272 2389 338 2414; x_wconf 90' lang='lat' dir='ltr'>me</span> <span class='ocrx_word' id='word_1_293' title='bbox 357 2375 509 2415; x_wconf 88' lang='lat' dir='ltr'>talibus</span> <span class='ocrx_word' id='word_1_294' title='bbox 529 2376 651 2415; x_wconf 87' lang='lat' dir='ltr'>dictis</span> <span class='ocrx_word' id='word_1_295' title='bbox 665 2377 882 2426; x_wconf 85' lang='lat' dir='ltr'>repetierit,</span> <span class='ocrx_word' id='word_1_296' title='bbox 903 2376 1050 2415; x_wconf 89' lang='lat' dir='ltr'>sentiet</span> <span class='ocrx_word' id='word_1_297' title='bbox 1068 2377 1179 2415; x_wconf 85' lang='lat' dir='ltr'>aliud</span> <span class='ocrx_word' id='word_1_298' title='bbox 1194 2375 1327 2415; x_wconf 87' lang='lat' dir='ltr'>telum</span> <span class='ocrx_word' id='word_1_299' title='bbox 1346 2389 1487 2414; x_wconf 90' lang='lat' dir='ltr'>meum</span> <span class='ocrx_word' id='word_1_300' title='bbox 1506 2390 1515 2414; x_wconf 93' lang='lat'>:</span> <span class='ocrx_word' id='word_1_301' title='bbox 1544 2389 1642 2415; x_wconf 88' lang='lat' dir='ltr'>nam</span> <span class='ocrx_word' id='word_1_302' title='bbox 1661 2377 1859 2417; x_wconf 86' lang='lat' dir='ltr'>hactenus</span> 
     </span>
    </p>

    <p class='ocr_par' dir='ltr' id='par_1_12' title="bbox 213 2440 1857 2620">
     <span class='ocr_line' id='line_1_34' title="bbox 213 2440 1857 2492; baseline 0.001 -11"><span class='ocrx_word' id='word_1_303' title='bbox 213 2452 252 2482; x_wconf 80' lang='lat'>25</span> <span class='ocrx_word' id='word_1_304' title='bbox 273 2442 411 2492; x_wconf 79' lang='lat' dir='ltr'>clypeo</span> <span class='ocrx_word' id='word_1_305' title='bbox 430 2441 631 2480; x_wconf 87' lang='lat' dir='ltr'>duntaxat</span> <span class='ocrx_word' id='word_1_306' title='bbox 658 2455 754 2480; x_wconf 86' lang='lat' dir='ltr'>vsus</span> <span class='ocrx_word' id='word_1_307' title='bbox 779 2455 881 2480; x_wconf 91' lang='lat' dir='ltr'>sum.</span> <span class='ocrx_word' id='word_1_308' title='bbox 942 2441 1187 2480; x_wconf 87' lang='lat' dir='ltr'>Bombasius</span> <span class='ocrx_word' id='word_1_309' title='bbox 1214 2441 1293 2480; x_wconf 91' lang='lat' dir='ltr'>sibi</span> <span class='ocrx_word' id='word_1_310' title='bbox 1315 2440 1488 2488; x_wconf 87' lang='lat' dir='ltr'>videtur,</span> <span class='ocrx_word' id='word_1_311' title='bbox 1510 2443 1556 2479; x_wconf 91' lang='lat' dir='ltr'>vt</span> <span class='ocrx_word' id='word_1_312' title='bbox 1575 2441 1726 2491; x_wconf 90' lang='lat' dir='ltr'>scribit,</span> <span class='ocrx_word' id='word_1_313' title='bbox 1751 2444 1857 2492; x_wconf 90' lang='lat' dir='ltr'>apud</span> 
     </span>
     <span class='ocr_line' id='line_1_35' title="bbox 273 2505 1855 2557; baseline 0.001 -12"><span class='ocrx_word' id='word_1_314' title='bbox 273 2507 397 2545; x_wconf 81' lang='lat' dir='ltr'>Getas</span> <span class='ocrx_word' id='word_1_315' title='bbox 433 2519 560 2556; x_wconf 88' lang='lat' dir='ltr'>agere,</span> <span class='ocrx_word' id='word_1_316' title='bbox 602 2508 867 2556; x_wconf 87' lang='lat' dir='ltr'>posteaquam</span> <span class='ocrx_word' id='word_1_317' title='bbox 908 2509 955 2545; x_wconf 87' lang='lat' dir='ltr'>tu</span> <span class='ocrx_word' id='word_1_318' title='bbox 994 2506 1281 2546; x_wconf 85' lang='lat' dir='ltr'>Constantiam</span> <span class='ocrx_word' id='word_1_319' title='bbox 1319 2505 1532 2556; x_wconf 88' lang='lat' dir='ltr'>reliquisti.</span> <span class='ocrx_word' id='word_1_320' title='bbox 1602 2506 1715 2546; x_wconf 90' lang='lat' dir='ltr'>Bene</span> <span class='ocrx_word' id='word_1_321' title='bbox 1751 2508 1855 2557; x_wconf 87' lang='lat' dir='ltr'>vale,</span> 
     </span>
     <span class='ocr_line' id='line_1_36' title="bbox 272 2571 1393 2620; baseline -0.002 -10"><span class='ocrx_word' id='word_1_322' title='bbox 272 2571 507 2610; x_wconf 84' lang='lat' dir='ltr'>doctissime</span> <span class='ocrx_word' id='word_1_323' title='bbox 526 2571 690 2609; x_wconf 88' lang='lat' dir='ltr'>Pacaee.</span> <span class='ocrx_word' id='word_1_324' title='bbox 748 2571 932 2610; x_wconf 88' lang='lat' dir='ltr'>Louanii.</span> <span class='ocrx_word' id='word_1_325' title='bbox 959 2585 994 2620; x_wconf 82' lang='lat'>3.</span> <span class='ocrx_word' id='word_1_326' title='bbox 1015 2585 1111 2610; x_wconf 90' lang='lat' dir='ltr'>non.</span> <span class='ocrx_word' id='word_1_327' title='bbox 1132 2572 1249 2610; x_wconf 90' lang='lat' dir='ltr'>Mart.</span> <span class='ocrx_word' id='word_1_328' title='bbox 1282 2573 1393 2619; x_wconf 84' lang='lat'><strong>1518.</strong></span> 
     </span>
    </p>
   </div>
   <div class='ocr_carea' id='block_1_7' title="bbox 272 2700 1856 2786">
    <p class='ocr_par' dir='ltr' id='par_1_13' title="bbox 272 2700 1856 2786">
     <span class='ocr_line' id='line_1_37' title="bbox 318 2700 1856 2743; baseline 0.001 -12"><span class='ocrx_word' id='word_1_329' title='bbox 318 2703 392 2734; x_wconf 82' lang='lat'><strong>786.</strong></span> <span class='ocrx_word' id='word_1_330' title='bbox 417 2704 471 2733; x_wconf 85' lang='lat'>60.</span> <span class='ocrx_word' id='word_1_331' title='bbox 500 2712 586 2742; x_wconf 73' lang='lat' dir='ltr'>opus</span> <span class='ocrx_word' id='word_1_332' title='bbox 601 2705 677 2733; x_wconf 74' lang='lat' dir='ltr'>add.</span> <span class='ocrx_word' id='word_1_333' title='bbox 697 2705 762 2742; x_wconf 86' lang='lat' dir='ltr'>LB,</span> <span class='ocrx_word' id='word_1_334' title='bbox 781 2713 816 2732; x_wconf 76' lang='lat' dir='ltr'>ex</span> <span class='ocrx_word' id='word_1_335' title='bbox 831 2705 910 2739; x_wconf 77' lang='lat' dir='ltr'><strong>Epp.</strong></span> <span class='ocrx_word' id='word_1_336' title='bbox 933 2702 1004 2740; x_wconf 87' lang='lat'><strong>782.</strong></span> <span class='ocrx_word' id='word_1_337' title='bbox 1029 2712 1076 2740; x_wconf 86' lang='lat'>13,</span> <span class='ocrx_word' id='word_1_338' title='bbox 1098 2702 1169 2740; x_wconf 86' lang='lat'><strong>785.</strong></span> <span class='ocrx_word' id='word_1_339' title='bbox 1190 2711 1240 2740; x_wconf 83' lang='lat'>47.</span> <span class='ocrx_word' id='word_1_340' title='bbox 1343 2700 1416 2732; x_wconf 79' lang='lat'><strong>787.</strong></span> <span class='ocrx_word' id='word_1_341' title='bbox 1440 2702 1473 2732; x_wconf 86' lang='lat'>6.</span> <span class='ocrx_word' id='word_1_342' title='bbox 1499 2711 1537 2732; x_wconf 87' lang='lat' dir='ltr'>ac</span> <span class='ocrx_word' id='word_1_343' title='bbox 1553 2710 1616 2741; x_wconf 81' lang='lat' dir='ltr'>age</span> <span class='ocrx_word' id='word_1_344' title='bbox 1632 2704 1700 2734; x_wconf 83' lang='lat' dir='ltr'>MS.</span> <span class='ocrx_word' id='word_1_345' title='bbox 1719 2713 1726 2732; x_wconf 75' lang='grc' dir='ltr'><strong>ε</strong></span> <span class='ocrx_word' id='word_1_346' title='bbox 1750 2712 1856 2743; x_wconf 74' lang='lat' dir='ltr'>apage</span> 
     </span>
     <span class='ocr_line' id='line_1_38' title="bbox 272 2745 1476 2786; baseline 0.002 -13"><span class='ocrx_word' id='word_1_347' title='bbox 272 2749 347 2776; x_wconf 54' lang='lat' dir='ltr'><strong>caui.</strong></span> <span class='ocrx_word' id='word_1_348' title='bbox 367 2749 430 2776; x_wconf 89' lang='lat' dir='ltr'>LB.</span> <span class='ocrx_word' id='word_1_349' title='bbox 568 2756 613 2784; x_wconf 89' lang='lat'><strong>17.</strong></span> <span class='ocrx_word' id='word_1_350' title='bbox 640 2748 711 2776; x_wconf 89' lang='lat' dir='ltr'>LB:</span> <span class='ocrx_word' id='word_1_351' title='bbox 734 2755 838 2786; x_wconf 79' lang='lat' dir='ltr'>pccro</span> <span class='ocrx_word' id='word_1_352' title='bbox 855 2748 922 2776; x_wconf 74' lang='lat' dir='ltr'>MS.</span> <span class='ocrx_word' id='word_1_353' title='bbox 1060 2754 1109 2783; x_wconf 92' lang='lat'><strong>19.</strong></span> <span class='ocrx_word' id='word_1_354' title='bbox 1133 2745 1208 2775; x_wconf 79' lang='lat' dir='ltr'>sint</span> <span class='ocrx_word' id='word_1_355' title='bbox 1224 2747 1287 2783; x_wconf 86' lang='lat' dir='ltr'>LB,</span> <span class='ocrx_word' id='word_1_356' title='bbox 1301 2754 1476 2781; x_wconf 76' lang='lat' dir='ltr'>perperam.</span> 
     </span>
    </p>
   </div>
   <div class='ocr_carea' id='block_1_8' title="bbox 318 2885 1818 3015">
    <p class='ocr_par' dir='ltr' id='par_1_14' title="bbox 318 2885 1818 3015">
     <span class='ocr_line' id='line_1_39' title="bbox 318 2885 1428 2927; baseline 0.003 -12"><span class='ocrx_word' id='word_1_357' title='bbox 318 2887 387 2917; x_wconf 60' lang='lat'><strong>7757.</strong></span> <span class='ocrx_word' id='word_1_358' title='bbox 407 2897 454 2925; x_wconf 83' lang='grc'>13.</span> <span class='ocrx_word' id='word_1_359' title='bbox 481 2886 684 2927; x_wconf 83' lang='lat' dir='ltr'>epistolam]</span> <span class='ocrx_word' id='word_1_360' title='bbox 697 2887 759 2918; x_wconf 90' lang='lat' dir='ltr'>See</span> <span class='ocrx_word' id='word_1_361' title='bbox 772 2887 835 2927; x_wconf 93' lang='lat' dir='ltr'>Ep.</span> <span class='ocrx_word' id='word_1_362' title='bbox 852 2896 922 2926; x_wconf 85' lang='lat'><strong>732.</strong></span> <span class='ocrx_word' id='word_1_363' title='bbox 938 2895 1026 2925; x_wconf 79' lang='grc'>531).</span> <span class='ocrx_word' id='word_1_364' title='bbox 1096 2886 1140 2917; x_wconf 87' lang='lat' dir='ltr'>cf.</span> <span class='ocrx_word' id='word_1_365' title='bbox 1159 2885 1221 2925; x_wconf 92' lang='lat' dir='ltr'>Ep.</span> <span class='ocrx_word' id='word_1_366' title='bbox 1243 2887 1315 2924; x_wconf 87' lang='lat'><strong>706.</strong></span> <span class='ocrx_word' id='word_1_367' title='bbox 1334 2896 1375 2924; x_wconf 86' lang='lat'>32</span> <span class='ocrx_word' id='word_1_368' title='bbox 1392 2897 1428 2918; x_wconf 92' lang='lat' dir='ltr'>n.</span> 
     </span>
     <span class='ocr_line' id='line_1_40' title="bbox 319 2929 1713 2971; baseline 0.001 -13"><span class='ocrx_word' id='word_1_369' title='bbox 319 2939 366 2967; x_wconf 86' lang='lat'>15.</span> <span class='ocrx_word' id='word_1_370' title='bbox 393 2929 556 2971; x_wconf 81' lang='lat' dir='ltr'>Cyclops]</span> <span class='ocrx_word' id='word_1_371' title='bbox 573 2930 734 2970; x_wconf 85' lang='lat' dir='ltr'>Meghen,</span> <span class='ocrx_word' id='word_1_372' title='bbox 753 2930 816 2961; x_wconf 79' lang='lat' dir='ltr'>the</span> <span class='ocrx_word' id='word_1_373' title='bbox 833 2930 1013 2969; x_wconf 87' lang='lat' dir='ltr'>one-eyed.</span> <span class='ocrx_word' id='word_1_374' title='bbox 1138 2939 1190 2960; x_wconf 85' lang='lat'>20.</span> <span class='ocrx_word' id='word_1_375' title='bbox 1217 2929 1471 2969; x_wconf 72' lang='lat' dir='ltr'>paraphrasin]</span> <span class='ocrx_word' id='word_1_376' title='bbox 1488 2930 1540 2961; x_wconf 85' lang='lat' dir='ltr'>Of.</span> <span class='ocrx_word' id='word_1_377' title='bbox 1558 2930 1621 2970; x_wconf 86' lang='lat' dir='ltr'>Ep.</span> <span class='ocrx_word' id='word_1_378' title='bbox 1641 2941 1713 2970; x_wconf 82' lang='lat'><strong>741.</strong></span> 
     </span>
     <span class='ocr_line' id='line_1_41' title="bbox 320 2972 1818 3015; baseline 0.003 -13"><span class='ocrx_word' id='word_1_379' title='bbox 320 2974 365 3003; x_wconf 84' lang='lat'>18.</span> <span class='ocrx_word' id='word_1_380' title='bbox 394 2972 677 3014; x_wconf 77' lang='lat' dir='ltr'>commentariis]</span> <span class='ocrx_word' id='word_1_381' title='bbox 703 2974 777 3005; x_wconf 85' lang='lat' dir='ltr'>The</span> <span class='ocrx_word' id='word_1_382' title='bbox 800 2976 1007 3005; x_wconf 73' lang='lat' dir='ltr'>Antibarbari</span> <span class='ocrx_word' id='word_1_383' title='bbox 1020 2984 1028 3012; x_wconf 92' lang='lat'>;</span> <span class='ocrx_word' id='word_1_384' title='bbox 1138 2983 1190 3012; x_wconf 88' lang='lat'>25.</span> <span class='ocrx_word' id='word_1_385' title='bbox 1216 2973 1441 3014; x_wconf 87' lang='lat' dir='ltr'>Bombasius]</span> <span class='ocrx_word' id='word_1_386' title='bbox 1459 2973 1509 3005; x_wconf 89' lang='lat' dir='ltr'>Cf.</span> <span class='ocrx_word' id='word_1_387' title='bbox 1527 2974 1589 3014; x_wconf 90' lang='lat' dir='ltr'>Ep.</span> <span class='ocrx_word' id='word_1_388' title='bbox 1609 2984 1679 3013; x_wconf 85' lang='lat'><strong>729.</strong></span> <span class='ocrx_word' id='word_1_389' title='bbox 1702 2984 1818 3015; x_wconf 81' lang='lat'><strong>15-19.</strong></span> 
     </span>
    </p>
   </div>
  </div>
 </body>
</html>
