2034 3433
131 168 232 224 657]
691 170 761 208 ΤΟ
800 170 1003 209 HENRY
1040 169 1154 208 VIII
1669 171 1720 207 79

132 275 182 313 ad
213 277 330 314 tuam
362 274 652 314 celsitudinem
684 274 818 320 mitto,
850 287 983 324 neque
1015 273 1057 312 id
1091 273 1246 323 absque
1278 273 1473 321 foenore;
1517 273 1722 324 siquidem

132 339 303 379 adiunxi
338 339 642 391 Panegyricum
673 339 861 390 Philippi
897 338 1114 378 Castelliae
1151 337 1275 389 Regis
1310 351 1566 388 praeconem,
1606 338 1724 377 cuius

132 406 376 444 memoriam
419 405 503 444 scio
546 404 624 443 tibi
660 406 961 444 sacrosanctam
997 416 1096 452 esse,
1138 403 1289 454 quippe
1326 416 1448 453 quem
1487 403 1589 442 olim
1624 416 1724 454 puer

131 469 327 509 iuuenem
358 469 498 509 fratris
529 470 619 508 vice
649 469 853 518 dilexeris,
886 482 1089 520 quemque
1122 468 1303 519 optimus
1333 481 1481 518 parens
1511 470 1611 507 tuus
1641 482 1726 508 non

132 534 256 573 titulo
273 536 442 574 tantum
460 535 505 572 in
524 534 661 573 filium
679 535 903 585 adoptarat.
1744 547 1783 578 45

189 600 271 639 His
298 600 428 639 adieci
455 599 664 649 Principis
693 598 1022 646 Institutionem,
1053 611 1179 649 quam
1208 597 1354 637 Carolo
1383 597 1486 648 Regi
1515 598 1727 638 Catholico

133 677 276 703 recens
306 665 553 715 inaugurato
584 664 837 715 principatui
870 677 1002 715 nuper
1035 663 1178 702 obtuli.
1239 663 1333 702 Non
1367 664 1475 713 quod
1506 663 1543 702 is
1575 664 1729 703 nostris

133 730 305 769 monitis
342 742 588 780 magnopere
625 731 775 780 egeret,
817 729 887 768 sed
932 729 1052 779 quod,
1095 728 1446 778 quemadmodum
1483 729 1529 767 in
1565 729 1728 779 magnis

134 795 450 845 tempestatibus
480 794 752 846 quantumuis
781 794 906 845 periti
935 794 1230 844 gubernatores
1260 806 1303 832 se
1334 793 1402 833 vel
1431 807 1454 833 a
1485 794 1633 844 quouis
1665 794 1729 833 ad-

134 860 297 899 moneri
315 861 542 911 patiuntur,
566 861 623 900 sic
649 860 849 910 Princeps
874 861 938 898 tot
964 859 1102 908 regnis
1122 859 1353 898 destinatus
1378 858 1539 898 nullius
1559 859 1728 898 omnino
1748 873 1788 906 50

135 925 358 964 consilium
379 925 526 964 debeat
544 925 756 975 aspernari
775 924 883 974 quod
904 923 1071 962 saedulo
1091 923 1319 973 proferatur
1338 925 1492 973 animo,
1514 926 1730 963 secuturus

136 990 245 1040 quod
266 991 455 1029 omnium
474 990 584 1029 factu
603 989 810 1039 optimum
830 988 1032 1028 iudicarit.
1084 989 1200 1038 Quod
1221 991 1361 1027 autem
1380 1002 1555 1039 vsquam
1576 990 1729 1028 fretum

135 1057 275 1093 tantos
303 1055 426 1094 habet
451 1056 590 1094 motus
615 1056 789 1105 quantos
814 1054 969 1092 habent
997 1053 1205 1092 tumultus
1232 1053 1396 1103 amplae
1422 1055 1631 1093 ditiones?
1659 1057 1731 1094 aut

136 1120 229 1171 quis
243 1133 428 1171 vnquam
447 1122 584 1159 tantas
599 1120 645 1158 in
659 1119 766 1157 mari
779 1120 1045 1169 tempestates
1057 1118 1164 1157 vidit
1183 1120 1358 1169 quantas
1372 1131 1512 1158 rerum
1532 1119 1730 1158 humana-

138 1198 232 1223 rum
265 1184 465 1235 procellas
497 1184 639 1234 paucis
676 1184 789 1223 hisce
826 1183 949 1222 annis
986 1183 1202 1223 vidimus?
1269 1183 1325 1222 Et
1358 1184 1492 1223 adhuc
1524 1185 1732 1234 grauiores
1750 1200 1790 1232 55

136 1250 357 1289 imminere
375 1249 582 1297 videntur,
603 1249 649 1287 ni
667 1262 732 1289 res
750 1249 990 1299 principum
1010 1248 1211 1299 sapientia
1236 1249 1469 1298 pietateque
1487 1262 1732 1300 componan-

138 1318 218 1355 tur.
289 1316 517 1363 Postremo,
555 1316 719 1365 quando
751 1315 797 1353 in
830 1314 1163 1354 consiliariorum
1196 1314 1383 1353 ordinem
1415 1315 1569 1353 ascitus
1605 1328 1729 1364 eram,

138 1381 276 1420 visum
305 1383 368 1420 est
395 1381 586 1431 protinus
611 1380 690 1418 hoc
717 1380 849 1418 officio
873 1393 966 1419 meo
991 1380 1240 1430 respondere
1266 1380 1442 1426 muneri,
1472 1382 1511 1418 et
1537 1394 1622 1419 non
1651 1394 1734 1419 vna

138 1448 210 1485 aut
227 1446 355 1485 altera
374 1445 420 1484 in
438 1458 481 1484 re
502 1445 729 1494 consulere,
752 1446 823 1484 sed
850 1444 1120 1484 consiliorum
1146 1444 1336 1483 omnium
1364 1458 1438 1483 ceu
1463 1445 1599 1484 fontes
1619 1459 1734 1495 quos·

139 1510 236 1549 dam
255 1509 480 1558 ostendere,
505 1511 689 1560 egregiae
709 1510 879 1560 quidem
898 1509 1052 1549 indolis
1070 1510 1141 1548 sed
1161 1510 1295 1548 adhuc
1315 1523 1443 1559 puero
1463 1510 1658 1561 Principi.
1751 1517 1794 1548 60

194 1575 304 1614 Nam
323 1578 369 1615 vt
387 1578 482 1615 tuae
501 1575 710 1615 maiestati
728 1575 902 1614 monitis
922 1575 1126 1614 eiusmodi
1148 1575 1202 1613 sit
1221 1589 1334 1625 opus,
1355 1577 1521 1614 tantum
1540 1576 1666 1623 abest,
1688 1579 1736 1616 vt

141 1641 212 1691 qui
230 1641 431 1680 attentius
449 1638 567 1680 tuam
586 1640 815 1691 imaginem
831 1641 1143 1691 contempletur,
1162 1640 1342 1679 absoluti
1355 1640 1556 1691 principis
1571 1641 1736 1680 simula·

141 1720 258 1746 crum
288 1706 339 1745 ad
370 1706 432 1745 tui
462 1706 673 1756 exemplar
705 1706 838 1756 possit
866 1706 1066 1756 effingere.
1127 1705 1224 1744 Misi
1251 1707 1403 1754 tamen,
1437 1707 1546 1756 quod
1574 1707 1734 1754 scirem,

140 1774 189 1811 vt
219 1772 328 1811 nihil
358 1772 471 1811 aliud
503 1771 720 1820 accederet,
752 1772 930 1810 duorum
961 1771 1040 1810 tibi
1069 1771 1408 1810 charissimorum
1437 1771 1599 1821 Regum
1629 1785 1737 1811 com-

141 1837 486 1876 memorationem
505 1850 590 1875 non
609 1837 880 1875 iniucundam
906 1836 1002 1875 fore.
1062 1836 1221 1875 Deinde
1247 1836 1356 1886 quod
1382 1850 1427 1876 ea
1452 1840 1678 1888 praecepta,
1701 1837 1738 1876 si
1756 1845 1795 1883 65

141 1902 323 1941 salubria
341 1902 526 1950 suadent,
545 1901 709 1951 regibus
728 1902 922 1940 omnibus
940 1902 1354 1950 commendabuntur,
1372 1903 1443 1941 aut
1462 1915 1607 1952 regum
1626 1902 1736 1950 filiis,

143 1967 179 2005 si
212 1966 418 2006 senserint
454 1966 543 2014 tibi,
581 1979 726 2016 regum
765 1967 837 2017 qui
869 1966 992 2005 hodie
1029 1967 1180 2005 viuunt
1217 1966 1407 2005 omnium
1444 1967 1736 2015 cordatissimo,

144 2031 501 2082 incorruptissimo
530 2031 916 2081 florentissimoque,
951 2045 1037 2070 non
1068 2031 1338 2082 displicuisse.
1406 2031 1622 2070 Postremo
1653 2032 1740 2082 ipse

145 2096 459 2146 ingratitudinis
503 2096 668 2146 culpam
710 2098 935 2146 vtcumque
977 2097 1169 2147 effugero,
1209 2097 1245 2135 si
1285 2110 1371 2135 non
1414 2096 1602 2135 desinam
1646 2100 1742 2136 tuae

144 2161 374 2200 maiestatis
407 2173 501 2211 erga
530 2174 606 2199 nos
636 2161 825 2200 studium
855 2175 935 2211 qua
963 2175 1136 2212 possum
1164 2162 1305 2201 sedulo
1335 2162 1560 2200 testificari.
1630 2162 1740 2210 Quid
1762 2178 1802 2210 70

146 2227 260 2265 enim
288 2225 355 2264 illi
382 2239 468 2265 non
493 2226 631 2274 debeo,
654 2226 779 2264 toties
805 2229 974 2265 ornatus
1001 2227 1241 2266 testimonio
1264 2227 1377 2266 vocis
1405 2228 1532 2265 tuae?
1573 2227 1623 2266 ad
1652 2227 1738 2274 hec,

148 2305 242 2330 cum
261 2291 386 2330 isthic
406 2303 538 2330 essem
557 2291 753 2340 proxime,
772 2293 860 2329 tam
879 2290 1074 2341 benignis
1093 2291 1399 2330 conditionibus
1418 2291 1631 2339 inuitatus,
1650 2294 1742 2330 tum

146 2357 255 2396 vltro
276 2358 369 2395 tum
390 2356 500 2406 regia
523 2369 691 2406 prorsus
718 2356 937 2404 comitate3
967 2356 1132 2406 quando
1159 2357 1236 2394 hoc
1265 2357 1404 2406 ipsum
1429 2357 1570 2406 magni
1596 2357 1737 2406 habeo,

148 2422 257 2471 quod
277 2421 375 2460 huic
394 2421 668 2460 homuncioni
686 2421 784 2460 talis
807 2434 851 2460 ac
872 2423 1015 2460 tantus
1038 2422 1238 2471 Princeps
1263 2422 1388 2471 faues,
1412 2422 1522 2472 quod
1542 2422 1740 2472 agnoscis,

148 2486 258 2536 quod
297 2498 422 2525 amas.
501 2485 760 2524 Maiestatem
805 2487 922 2524 tuam
966 2499 1091 2536 quam
1136 2486 1370 2525 diutissime
1407 2486 1661 2525 incolumem
1698 2501 1744 2526 ac
1763 2502 1801 2535 75

148 2551 366 2589 florentem
385 2552 552 2589 tueatur
570 2550 817 2600 Principum
837 2551 1036 2601 Princeps
1058 2551 1150 2601 Opt.
1171 2551 1379 2590 Maximus
1398 2552 1518 2590 Iesus
1537 2552 1739 2592 Christus

203 2615 444 2665 Antwerpie
468 2616 605 2655 Anno.
629 2628 719 2654 nnn.
746 2625 806 2663 17.
828 2615 1027 2666 postridie
1048 2616 1206 2655 Natalis
1226 2617 1319 2655 diue
1337 2617 1524 2667 virginis.

390 2680 588 2719 Erasmus
607 2680 907 2720 Roterodamus
926 2681 1060 2720 eidem
1080 2681 1288 2720 maiestati
1306 2684 1400 2720 tuae
1421 2680 1739 2722 addictissimus

194 2779 245 2808 52.
273 2770 437 2801 omnium
452 2772 542 2802 MS:
566 2780 609 2801 ex
624 2771 792 2803 omnibus
806 2773 846 2802 D.
1032 2781 1086 2810 53.
1109 2774 1156 2804 D:
1181 2772 1349 2803 timultus
1364 2774 1430 2802 MS.
1620 2773 1671 2811 58.
1697 2776 1743 2803 D:

152 2813 293 2843 numeri
310 2815 403 2852 MS.;
427 2815 464 2850 cs.
484 2816 541 2851 Ep.
559 2824 633 2853 317.
650 2825 669 2845 2
686 2825 718 2846 n.
845 2815 897 2854 64.
924 2814 1206 2846 clarissimorum
1221 2815 1274 2847 D2.
1395 2817 1447 2846 66.
1474 2818 1523 2846 D:
1547 2816 1744 2847 commeda-

152 2858 290 2886 buntur
306 2858 377 2886 MS.
507 2858 561 2888 68.
586 2860 614 2888 D
630 2869 638 2889 ε
661 2858 869 2898 displicuise
886 2862 954 2890 MS.
1042 2861 1087 2889 D:
1115 2859 1171 2898 ipe
1186 2861 1255 2890 MS.
1392 2868 1445 2897 70.
1469 2859 1592 2890 sedulo
1608 2862 1680 2891 add.
1699 2863 1743 2891 H.

154 2910 205 2938 71.
230 2899 286 2929 illi
302 2901 375 2930 aad.
392 2902 436 2930 Η.
573 2910 622 2939 72.
647 2901 756 2932 isthic
770 2905 817 2934 D:
842 2903 929 2933 istec
945 2904 1012 2933 MS.
1144 2912 1197 2941 73.
1219 2902 1341 2942 magni
1357 2905 1427 2933 MS.
1442 2914 1447 2933 :
1474 2912 1538 2943 pro
1554 2912 1683 2943 magno
1699 2906 1742 2934 H.

155 2952 204 2981 75.
232 2945 276 2972 D:
303 2942 510 2973 incolumen
527 2946 594 2975 MS.
727 2946 779 2983 78.
803 2946 974 2976 Erasmus
991 2970 997 2976 .
1018 2969 1025 2977 .
1044 2969 1052 2977 .
1069 2945 1338 2977 addictissimus
1354 2956 1413 2977 om.
1431 2948 1468 2977 D.

518 3022 570 3059 46.
598 3021 890 3062 Institutionem]
910 3021 961 3054 Cf.
982 3022 1070 3062 Epp.
1087 3022 1161 3061 683.
1181 3032 1233 3063 49,
1250 3023 1323 3053 688.
1346 3032 1395 3054 11.
