2034 3433
181 193 279 249 703]
421 199 491 238 ΤΟ
532 195 833 243 HERMANN,
872 191 1060 235 COUNT
1099 191 1168 231 OF
1207 190 1533 230 NEUENAHR
1692 191 1768 228 129

178 299 271 337 Hoc
290 302 378 338 erat
396 300 527 339 animi
546 312 642 338 vere
663 298 815 349 magni.
866 297 958 336 Non
979 296 1179 335 defuisset
1199 294 1458 334 innocentiae
1478 293 1765 344 patrocinium.

178 364 409 403 Reuchlino
432 365 535 404 satis
559 377 648 403 esse
674 363 818 402 debuit
837 362 947 412 quod
967 361 1124 411 optimo
1145 361 1293 411 cuique
1314 359 1518 410 probatur.
1577 358 1769 397 Demiror
1790 370 1827 400 15

178 429 443 479 magistratus
463 432 504 468 et
523 429 733 480 episcopos
751 427 796 466 in
816 441 862 465 ea
881 440 923 465 re
939 426 1170 474 dormitare,
1189 426 1235 464 vt
1251 425 1390 464 sinant
1404 424 1530 464 istam
1545 425 1706 473 pestem
1724 423 1768 461 in

158 491 163 495 ’
178 494 360 533 eruditos
374 496 415 533 et
427 495 557 533 claros
571 493 761 532 homines
777 493 947 541 impune
960 491 1187 537 debachari,
1202 502 1334 540 neque
1347 501 1581 539 quenquam
1595 488 1769 527 existere

179 558 405 597 Herculem
425 560 495 609 qui
510 559 663 598 Cacum
683 558 727 596 in
747 557 989 596 barathrum
1009 556 1174 606 aliquod
1195 555 1407 606 protrahat
1423 569 1432 593 :
1461 555 1519 593 sic
1538 553 1650 592 enim
1670 553 1769 591 talia

177 626 366 673 portenta
380 625 583 664 vincenda
599 626 707 671 sunt,
729 637 812 662 non
829 623 957 661 libris.
1004 622 1090 660 Nec
1105 621 1247 659 vident
1260 634 1310 659 ex
1326 620 1406 659 isto
1418 620 1609 658 Tartareo
1626 631 1765 668 grano,

177 689 286 738 quod
315 690 488 728 Satanas
517 690 741 728 Iudeorum
775 689 932 726 amicus
963 700 1035 725 sua
1067 699 1192 725 manu
1227 685 1335 735 cepit
1364 685 1560 734 plantare,
1594 683 1768 734 pullula·
1789 694 1829 715 20

177 757 314 793 turam
342 755 563 804 pessimam
597 755 770 804 syluam,
805 754 850 791 ni
878 754 923 791 in
952 755 1135 801 tempore
1165 751 1450 801 prospicietur.
1508 749 1698 796 Proinde,
1733 748 1769 787 si

178 819 285 857 mihi
317 821 522 869 permittis
552 822 597 858 vt
627 821 668 857 te
698 820 824 857 etiam
857 818 1112 864 admoneam,
1146 816 1295 854 suadeo
1327 818 1369 854 vt
1398 815 1618 864 ingenium
1648 817 1767 852 tuum

175 884 466 923 felicissimum
487 888 527 923 et
546 886 626 923 ista
645 884 864 922 nobilitate
879 883 1052 932 dignum
1072 882 1115 919 in
1135 881 1201 919 his
1220 881 1473 931 argumentis
1489 892 1676 918 exerceas
1690 892 1768 928 que

176 949 261 987 sint
282 951 475 988 omnibus
496 949 708 999 placitura.
1078 986 1081 990 .

230 1014 292 1052 De
311 1014 451 1053 libello
471 1015 545 1053 illo
562 1013 787 1064 premendo
807 1012 919 1051 idem
943 1013 1075 1050 sentio
1095 1011 1203 1062 quod
1224 1011 1378 1060 scripsi.
1439 1010 1533 1048 Non
1553 1012 1615 1048 est
1635 1009 1769 1048 danda
1789 1020 1826 1050 25

176 1092 275 1118 ansa
294 1092 461 1118 omnem
487 1093 629 1118 ansam
656 1078 932 1129 captantibus.
989 1077 1148 1115 Deinde
1174 1090 1258 1115 non
1283 1078 1347 1114 est
1373 1073 1679 1126 offen<den>dus
1697 1074 1768 1112 ille

177 1143 294 1182 cuius
312 1145 516 1194 praesidio
529 1145 724 1182 nituntur
738 1144 843 1182 bone
858 1143 1029 1181 litterae.
1075 1142 1217 1192 Neque
1236 1140 1584 1180 committendum
1598 1141 1645 1178 vt
1663 1139 1768 1177 liber

177 1209 362 1259 ἀνώνυμος
398 1210 538 1248 doctos
574 1209 732 1247 omneis
769 1209 909 1247 trahat
946 1208 990 1245 in
1028 1207 1316 1256 suspicionem.
1386 1205 1661 1255 Negligantur
1696 1204 1767 1242 isti

177 1275 249 1323 qui
267 1275 445 1324 publicis
471 1275 594 1313 malis
619 1276 818 1312 crescunt.
880 1273 966 1312 Nos
991 1273 1127 1319 seculi,
1149 1273 1234 1311 imo
1260 1270 1525 1321 posteritatis,
1547 1269 1766 1319 negocium

176 1352 356 1388 agamus.
411 1339 565 1389 Aquila
585 1352 669 1377 non
688 1339 798 1389 capit
817 1351 991 1385 muscas,
1011 1338 1144 1377 multo
1164 1338 1297 1388 magis
1316 1350 1339 1375 a
1359 1336 1530 1385 scorpiis
1545 1338 1585 1374 et
1602 1335 1768 1374 cantha·
1787 1343 1829 1374 30

177 1404 334 1443 ridibus
352 1405 535 1444 abstinet
553 1417 770 1454 generosos
788 1417 958 1454 vngues.

233 1469 313 1508 Sed
342 1483 417 1520 ego
446 1469 643 1519 insignite
670 1470 901 1519 impudens,
934 1469 1006 1519 qui
1034 1482 1105 1507 sus
1134 1469 1380 1507 Mineruam.
1438 1467 1552 1505 Bene
1577 1465 1678 1513 vale,
1705 1466 1770 1502 vir

176 1549 260 1575 non
279 1537 445 1574 tantum
464 1534 717 1584 imaginibus
736 1534 977 1574 clarissime.
1035 1534 1211 1574 Louanii
1235 1547 1267 1573 2.
1292 1533 1397 1572 Non.
1419 1531 1624 1571 Nouemb.

500 1655 598 1695 704.
660 1653 725 1694 To
756 1652 896 1694 DUKE
927 1653 1104 1694 ERNEST
1136 1664 1191 1693 OF
1224 1652 1444 1694 BAVARIA.

222 1755 411 1791 Deventer
427 1754 504 1789 MS.
523 1764 579 1798 91,
599 1754 623 1789 f.
641 1755 687 1797 69
706 1757 745 1788 v⁰
764 1754 829 1800 (a).
1431 1751 1660 1799 <Louvain.>

223 1812 385 1856 Quintus
402 1811 563 1853 Curtius,
587 1813 686 1858 1518,
705 1812 764 1847 tit.
783 1816 823 1846 v0
839 1812 908 1858 (β).
1355 1822 1377 1854 4
1394 1810 1602 1846 November
1622 1819 1719 1855 1517.

224 1872 424 1917 D¹.p.196:
454 1871 555 1916 D².p.
572 1880 657 1916 197:
683 1871 722 1906 F.
737 1883 772 1916 p.
791 1872 877 1915 163:
901 1869 993 1905 HN:
1020 1870 1133 1905 Lond.
1149 1869 1202 1904 iii.
1218 1880 1284 1914 34:
1314 1869 1384 1904 LB.
1404 1870 1482 1914 276.

221 1963 310 2004 [The
326 1963 466 2003 preface
483 1965 518 1993 to
535 1963 691 2002 Quintus
707 1962 862 2002 Curtius,
881 1961 1002 1993 which
1017 1971 1090 1991 was
1106 1962 1186 1991 sent
1206 1963 1243 1991 to
1267 1961 1421 1992 Schiirer
1437 1970 1475 1990 as
1491 1970 1511 1991 a
1528 1959 1639 1991 result
1656 1959 1694 1989 of
1706 1960 1770 1989 the

178 2007 416 2045 negotiations
432 2007 471 2036 in
488 2007 574 2046 Epp.
592 2007 668 2045 606,
682 2007 757 2045 612,
770 2006 845 2045 633,
858 2007 940 2045 693;
967 2005 1041 2036 and
1054 2014 1128 2035 was
1143 2004 1337 2044 published
1353 2005 1400 2043 by
1414 2004 1491 2034 him
1509 2004 1548 2034 in
1564 2004 1658 2034 June
1673 2003 1766 2041 1518.

177 2050 245 2080 For
260 2049 363 2080 Duke
379 2050 507 2080 Ernest
523 2059 580 2080 see
596 2050 659 2089 Ep.
676 2050 751 2088 386.
772 2059 808 2088 17
821 2048 877 2089 n.]

392 2158 662 2188 CLARISSIMO
692 2158 891 2188 PRINCIPI
924 2156 1158 2186 HERNESTO
1189 2156 1417 2186 BAVARIAE
1449 2155 1556 2186 DVCI

624 2225 829 2255 ERASMVS
860 2224 1190 2255 ROTERODAMVS
1220 2224 1254 2255 S.
1281 2225 1324 2254 D.

190 2330 193 2332 >
232 2311 278 2350 S1
291 2311 345 2350 M.
361 2311 533 2358 Tullius,
549 2311 736 2349 omnium
752 2311 959 2362 suffragiis
971 2311 1204 2350 vberrimus
1218 2313 1259 2348 et
1274 2311 1542 2349 inexhaustus
1556 2310 1769 2348 facundiae

177 2376 280 2424 fons,
314 2376 467 2414 fatetur
499 2376 758 2426 eloquentiae
793 2389 944 2414 venam
981 2376 1174 2414 facillime
1212 2376 1446 2424 inarescere,
1481 2376 1526 2413 ni
1564 2375 1769 2414 cotidiana

162 2440 341 2490 legendi
379 2441 621 2490 dicendique
658 2441 948 2480 exercitatione
984 2441 1171 2488 sufficias,
1203 2441 1407 2479 Herneste
1447 2440 1645 2490 Princeps
1681 2454 1767 2479 non

177 2507 342 2545 tantum
370 2506 623 2556 imaginibus
650 2507 815 2556 inclyte,
840 2506 937 2556 quid
968 2506 1074 2545 mihi
1103 2505 1236 2544 credis
1262 2506 1466 2553 accidisse,
1489 2507 1555 2545 cui
1583 2519 1677 2544 cum
1697 2507 1767 2545 vix

178 2570 315 2609 tenuis
334 2571 504 2620 quidam
523 2571 720 2609 orationis
738 2571 900 2610 riuulus
919 2571 1146 2621 contigerit,
1168 2571 1252 2609 iam
1279 2571 1381 2609 anni
1404 2571 1635 2621 complures
1655 2572 1701 2609 in
1721 2585 1767 2609 eo
1786 2585 1804 2615 5

178 2635 410 2674 studiorum
433 2649 580 2685 genere
600 2636 836 2687 consumpti
862 2638 971 2684 sunt,
995 2636 1102 2685 quod
1122 2636 1220 2674 adeo
1243 2636 1294 2674 ad
1317 2636 1606 2686 expoliendam
1625 2636 1767 2674 oratio-

179 2713 276 2738 nem
303 2713 388 2738 non
414 2701 524 2748 facit,
544 2703 588 2739 vt
612 2701 840 2751 quamlibet
870 2702 997 2740 etiam
1027 2701 1203 2751 benigne
1230 2701 1428 2740 fluentem
1454 2701 1614 2751 copiam
1637 2701 1768 2750 possit

178 2764 426 2815 extinguere,
448 2779 493 2804 ac
514 2767 687 2805 dictioni
707 2767 976 2818 quantumuis
997 2767 1149 2805 nitenti
1176 2767 1305 2805 situm
1325 2780 1369 2805 ac
1390 2767 1624 2817 rubiginem
1644 2766 1768 2805 obdu-

223 2861 295 2891 703.
328 2871 376 2901 14.
404 2861 603 2893 defuissent
619 2866 686 2895 MS.
832 2874 884 2896 20.
911 2860 1005 2904 quod
1021 2866 1094 2896 LB:
1120 2873 1189 2902 quo
1205 2866 1272 2894 MS.
1418 2873 1469 2893 22.
1496 2864 1677 2903 permittis
1692 2865 1768 2894 LB:

178 2905 362 2944 promittis
378 2907 446 2936 MS.
580 2916 632 2945 33.
659 2907 819 2940 Nouenb.
836 2911 906 2941 MS.

223 2991 296 3022 703.
345 3002 397 3032 25.
445 2993 570 3024 libello
608 2993 691 3035 illo]
726 2994 801 3026 The
838 2997 942 3026 Iulius
1049 2995 1100 3025 26.
1128 2993 1206 3035 ille]
1234 2995 1304 3025 Leo
1319 3005 1352 3026 x.

179 3037 353 3075 Exclusus3
378 3035 422 3068 cf.
440 3036 503 3076 Ep.
521 3038 596 3076 636.
614 3047 665 3077 25.
1049 3038 1123 3070 704.
1144 3047 1171 3069 1.
1189 3037 1344 3079 Tullius]
1362 3041 1397 3069 de
1412 3041 1459 3069 Or.
1481 3048 1507 3069 1.
1526 3047 1624 3078 capp.
1641 3047 1729 3078 33‚4.

244 3101 351 3121 Anum
369 3102 410 3121 111
955 3107 983 3131 Κ
