2034 3433
262 166 344 206 368
728 167 977 207 LETTERS
1017 168 1087 206 OF
1125 167 1391 208 ERASMUS
1732 169 1859 225 [1518

260 272 452 311 sancita?
480 286 579 311 nam
608 274 650 310 et
678 272 756 310 hoc
787 284 872 310 non
901 285 994 310 raro
1021 286 1100 312 vsu
1129 273 1256 311 venit.
1317 272 1379 311 Ne
1408 273 1620 313 damnaris
1648 277 1758 325 quod
1786 290 1862 327 pro

181 352 243 382 230
260 350 335 375 suo
356 338 486 376 officio
507 338 658 387 gerunt
676 336 896 386 principes.
954 339 1016 375 At
1035 350 1214 385 rursum,
1237 337 1325 377 noli
1344 339 1627 377 contaminare
1643 341 1861 381 coelestem

259 402 377 441 illam
402 402 560 441 Christi
590 401 902 452 philosophiam
931 402 1129 442 humanis
1159 403 1344 443 decretis.
1405 403 1569 443 Maneat
1597 405 1790 446 Christus
1818 408 1860 447 id

260 468 368 517 quod
395 469 471 515 est,
495 469 696 515 centrum,
727 467 1012 506 ambientibus
1039 468 1206 507 circulis
1235 469 1406 519 aliquot.
1466 469 1564 507 Noli
1588 483 1760 520 scopum
1785 485 1861 512 suo

259 547 425 572 mouere
449 534 550 571 loco.
607 533 687 581 Qui
713 533 894 583 proximi
918 534 1087 573 Christo
1114 536 1227 581 sunt,
1252 535 1495 582 sacerdotes,
1520 536 1711 585 episcopi,
1734 537 1861 576 cardi-

258 599 385 646 nales,
424 599 649 649 pontifices,
690 602 732 638 et
771 613 950 650 quorum
988 602 1053 639 est
1090 601 1209 650 sequi
1252 602 1426 651 Agnum
1464 615 1712 652 quocunque
1749 603 1858 653 ierit,

176 679 235 710 235
257 664 526 714 purissimam
551 664 670 703 illam
697 666 857 714 partem
884 666 1200 714 amplectantur,
1224 668 1265 704 et
1291 667 1425 716 quoad
1453 666 1550 706 licet
1576 667 1623 705 in
1649 669 1861 717 proximos

256 730 566 769 transfundant.
600 731 815 769 Secundus
831 730 1012 770 circulus
1028 731 1177 770 habeat
1191 732 1399 782 principes
1414 732 1663 782 prophanos,
1683 747 1861 784 quorum

255 808 370 834 arma
388 795 579 846 legesque
599 810 676 835 suo
702 796 882 847 quodam
909 797 1033 835 modo
1060 797 1227 836 Christo
1255 797 1471 845 seruiunt3
1501 798 1589 836 siue
1609 799 1711 838 dum
1737 799 1862 839 iustis

256 860 377 899 bellis
405 862 630 912 profligant
654 862 817 900 hostem
845 863 1143 912 publicamque
1170 865 1343 902 tuentur
1373 863 1736 914 tranquillitatem,
1770 865 1859 904 siue

257 926 355 964 dum
381 926 582 976 legitimis
609 927 827 978 suppliciis
853 928 1073 967 cohercent
1098 929 1359 968 facinorosos.
1415 930 1471 968 Et
1493 931 1635 968 tamen
1661 930 1859 980 quoniam

176 1006 237 1037 240
256 992 483 1032 necessario
498 995 720 1032 versantur
735 994 781 1032 in
797 994 864 1032 his
880 994 1005 1033 rebus
1021 1008 1124 1044 quae
1139 1008 1235 1034 cum
1255 994 1402 1035 infima
1420 995 1507 1034 fece
1526 997 1660 1034 terrae
1675 1009 1859 1047 quaeque

255 1071 349 1096 cum
379 1059 529 1097 mundi
555 1059 738 1109 negociis
762 1060 1008 1099 coniunctae
1032 1063 1143 1106 sunt,
1168 1060 1401 1111 periculum
1427 1063 1491 1100 est
1513 1074 1566 1099 ne
1589 1062 1861 1111 prolabantur

254 1125 420 1175 longius
439 1140 447 1173 ;
476 1139 529 1163 ne
555 1125 713 1164 bellum
737 1140 822 1164 non
850 1140 924 1176 pro
947 1140 992 1165 re
1015 1127 1182 1177 publica
1211 1129 1282 1167 sed
1302 1141 1377 1177 pro
1397 1140 1471 1166 5113
1490 1127 1666 1167 libidine
1685 1130 1858 1179 gerant3

255 1204 304 1228 ne
325 1191 512 1229 iusticiae
527 1193 743 1240 praetextu
760 1193 923 1232 seuiant
942 1196 983 1232 et
1003 1193 1046 1232 in
1065 1208 1136 1233 eos
1157 1208 1261 1244 quos
1277 1194 1499 1233 clementia
1512 1207 1655 1233 sanare
1674 1196 1857 1245 poterat;

254 1271 306 1295 ne
325 1256 449 1295 titulo
470 1257 642 1295 dominii
662 1258 865 1308 populum
886 1258 1072 1309 expilent
1093 1273 1273 1309 quorum
1292 1272 1357 1299 res
1379 1259 1490 1298 tueri
1509 1259 1746 1299 debuerant.

173 1334 233 1365 245
306 1322 448 1370 Porro,
468 1325 515 1361 vt
544 1323 736 1361 Christus
761 1324 879 1362 velut
912 1324 1022 1374 ignis
1055 1325 1214 1364 aeterni
1246 1326 1341 1364 fons
1374 1325 1636 1364 sacerdotum
1668 1324 1856 1364 ordinem

252 1388 439 1437 proxime
467 1389 519 1427 ad
550 1402 592 1427 se
618 1389 749 1428 trahit
777 1403 824 1429 30
843 1390 959 1429 velut
983 1391 1126 1441 igneos
1151 1391 1299 1439 reddit,
1321 1404 1444 1441 puros
1460 1390 1512 1429 ab
1531 1391 1648 1429 omni
1667 1392 1856 1430 terrenae

252 1454 351 1492 fecis
398 1454 611 1504 contagio:
669 1455 728 1494 ita
773 1455 1035 1495 sacerdotum
1081 1459 1155 1505 est,
1204 1459 1246 1495 et
1286 1456 1532 1507 praesertim
1575 1469 1852 1504 summorum,

252 1519 458 1568 principes
491 1520 626 1569 quoad
671 1520 768 1558 licet
817 1521 868 1559 ad
916 1534 1004 1560 sese
1042 1535 1197 1560 vocare.
1258 1522 1400 1560 Sicubi
1437 1521 1594 1560 bellum
1623 1521 1850 1573 ingruerit,

252 1584 493 1623 adnitantur
519 1585 735 1634 pontifices
761 1588 808 1624 vt
833 1587 907 1624 aut
932 1588 1236 1637 componantur
1260 1600 1326 1625 res
1355 1588 1458 1625 citra
1483 1586 1744 1636 sanguinem,
1767 1589 1850 1635 aut,

173 1666 234 1698 250
251 1649 286 1687 51
324 1649 366 1688 id
402 1663 487 1688 0011
520 1652 668 1700 potest,
702 1653 748 1689 vt
781 1653 880 1690 sunt
914 1665 1053 1691 rerum
1088 1653 1368 1692 humanarum
1405 1651 1621 1702 procellae,
1662 1654 1770 1691 certe
1806 1653 1850 1691 id

250 1717 387 1764 agant,
408 1717 454 1753 vt
475 1716 618 1754 minus
643 1718 812 1754 cruente
832 1719 997 1767 geratur
1016 1717 1177 1756 bellum
1197 1730 1301 1756 neue
1324 1718 1370 1756 in
1395 1717 1569 1767 longum
1588 1719 1847 1768 propagetur.

252 1780 365 1818 Olim
398 1783 438 1819 et
471 1781 516 1831 in
549 1782 672 1820 iustis
706 1782 917 1832 suppliciis
950 1782 1234 1822 intercedebat
1262 1783 1546 1833 episcoporum
1575 1783 1787 1833 autoritas,
1810 1785 1851 1822 et

251 1846 426 1883 subinde
464 1849 683 1885 nocentem
721 1861 742 1885 e
775 1848 961 1886 iudicum
996 1848 1193 1886 manibus
1230 1848 1512 1898 extorquebat,
1545 1850 1594 1886 vt
1630 1847 1768 1897 palam
1805 1848 1848 1887 in

249 1912 436 1961 epistolis
475 1912 562 1950 suis
601 1914 781 1951 testatur
809 1914 1084 1963 Augustinus.
1146 1915 1253 1953 Sunt
1293 1913 1406 1952 enim
1448 1913 1651 1963 quaedam
1691 1914 1748 1951 ita
1783 1927 1849 1952 ne-

171 1991 185 2012 2
191 1991 207 2022 5
212 1991 228 2021 5
249 1976 423 2016 cessaria
441 1977 491 2015 ad
512 1977 701 2016 ordinem
721 1979 1030 2029 reipublicaevt
1045 1993 1092 2018 ea
1111 1981 1255 2018 tamen
1275 1979 1466 2018 Christus
1485 1978 1639 2029 partim
1658 1978 1850 2019 dissimu-

248 2043 355 2091 larit,
387 2043 540 2093 partim
578 2056 602 2081 a
634 2057 676 2082 se
710 2044 906 2092 reiecerit,
938 2044 1091 2095 partim
1124 2058 1199 2083 nec
1232 2044 1482 2094 improbans,
1510 2057 1584 2083 000
1617 2044 1850 2094 approbans

247 2108 364 2146 velut
404 2109 453 2147 ad
500 2122 546 2147 ea
593 2109 825 2148 conniueat.
887 2110 981 2149 Non
1029 2111 1218 2161 agnoscit
1265 2123 1490 2149 nummum
1537 2110 1723 2150 Caesaris
1771 2123 1848 2149 nec

248 2173 571 2224 inscriptionem.
633 2175 814 2214 censum
840 2176 898 2214 ita
918 2176 1007 2215 dari
1030 2177 1157 2224 iubet,
1179 2176 1216 2214 si
1246 2176 1452 2223 debeatur,
1478 2175 1595 2225 quasi
1619 2176 1671 2214 ad
1697 2188 1739 2213 se
1763 2188 1848 2214 non

247 2239 431 2278 multum
460 2239 675 2289 pertineat,
699 2241 824 2279 modo
853 2242 976 2280 detur
1007 2242 1094 2280 Deo
1123 2242 1233 2292 quod
1262 2241 1327 2280 illi
1354 2240 1537 2280 debetur.
1596 2240 1845 2279 Adulteram

168 2308 229 2339 260
247 2317 322 2343 nec
343 2305 514 2344 damnat
542 2319 618 2343 nec
641 2305 778 2355 palam
806 2307 996 2355 absoluit,
1019 2310 1184 2346 tantum
1210 2306 1327 2346 iubet
1351 2320 1403 2345 ne
1423 2307 1583 2355 repetat
1602 2306 1843 2345 admissum.

246 2369 306 2407 De
339 2370 550 2408 damnatis
583 2384 606 2408 a
639 2371 786 2419 Pilato,
812 2386 988 2422 quorum
1022 2373 1269 2423 sanguinem
1298 2371 1521 2410 miscuerat
1550 2384 1647 2410 cum
1675 2371 1845 2410 illorum

245 2435 470 2483 sacrificiis,
495 2449 580 2474 non
618 2438 866 2485 pronunciat
900 2440 1005 2477 recte
1038 2451 1092 2476 30
1126 2451 1243 2477 500115
1275 2438 1352 2476 1100
1381 2437 1493 2487 passi
1525 2437 1638 2475 sint:
1680 2437 1845 2474 tantum

245 2500 382 2538 simile
430 2501 607 2539 exitium
663 2502 943 2542 comminatur
992 2503 1199 2551 omnibus,
1246 2503 1330 2541 nisi
1377 2502 1630 2552 resipiscant.
1701 2501 1841 2550 Porro,

245 2568 413 2604 vocatus
437 2566 592 2605 arbiter
616 2567 869 2606 diuidundae
896 2567 1172 2616 haereditatis,
1189 2567 1333 2617 palam
1354 2566 1486 2606 reiicit
1511 2566 1702 2614 officium,
1726 2566 1844 2606 velut

166 2636 225 2676 265
244 2630 464 2681 indignum
492 2645 535 2670 50
561 2632 609 2670 de
637 2633 760 2671 rebus
778 2635 866 2671 tam
886 2633 1034 2672 crassis
1054 2633 1339 2682 pronunciare,
1363 2632 1434 2682 qui
1454 2632 1647 2671 coelestia
1666 2632 1840 2670 doceret.

245 2696 406 2744 Contra,
430 2699 530 2735 sunt
555 2710 659 2747 quae
678 2697 816 2746 palam
842 2699 1079 2737 detestatur.
1141 2697 1194 2736 In
1218 2697 1441 2736 Phariseos
1467 2710 1624 2744 auaros,
1647 2697 1691 2735 in
1716 2697 1842 2747 hypo-

243 2761 379 2809 critas,
407 2762 452 2799 in
491 2762 644 2801 diuites
682 2763 810 2802 elatos
839 2763 924 2802 Vae
963 2765 1141 2802 intonat.
1198 2763 1423 2814 Apostolos
1457 2776 1670 2813 nunquam
1707 2763 1843 2802 acrius

286 2873 359 2902 230.
385 2865 497 2895 nolim
514 2868 556 2897 Il.
731 2876 805 2905 241.
829 2878 853 2906 ’γ
870 2878 877 2898 :
902 2867 1097 2898 coniuncta
1113 2880 1141 2898 α.
1306 2868 1379 2907 248.
1404 2866 1520 2906 quoad
1537 2878 1577 2898 a:
1602 2867 1779 2906 quantum
1794 2866 1836 2896 H.

243 2915 333 2979 {get
342 2909 389 2980 kz:
413 2910 492 2947 agat
510 2922 537 2940 α.
674 2911 747 2949 256.
772 2920 792 2941 a
809 2921 849 2942 a:
874 2911 917 2941 ab
932 2914 975 2942 H.
1108 2912 1181 2949 264.
1207 2910 1360 2942 officium
1378 2914 1453 2942 add.
1471 2913 1512 2942 H.
1643 2911 1716 2948 265.
1743 2919 1780 2940 se
1796 2922 1816 2940 α
1831 2919 1839 2939 2

764 3040 836 3069 254.
863 3030 1104 3072 Augustinus]
1130 3031 1181 3062 Cf.
1200 3034 1259 3069 Ep.
1283 3042 1357 3071 134.
