2034 3433
127 201 224 257 539]
542 205 693 245 FROM
731 205 996 245 WILLIAM
1034 205 1304 245 BUDAEUS
1633 207 1712 243 513

125 310 286 360 γεγονὼς
312 310 396 359 πρὶν
414 312 479 359 τῆς
498 311 587 359 ἐμῆς
612 309 781 354 ἐξουσίας
805 312 871 359 τῆς
897 311 990 361 ἄγαν
1013 312 1233 362 γεύσασθαι·
1261 311 1300 349 ἐν
1324 310 1348 362 ᾗ
1374 312 1503 349 πολλὰ
1531 312 1599 360 μὲν
1625 311 1713 351 ἴσως

125 376 304 412 τελευτῶν
329 373 353 424 ἢ
379 375 454 413 ἔνιά
473 392 516 426 γε
542 375 650 415 αὐτὸς
673 374 864 424 μωροειδῆ,
887 375 990 414 οὐδὲν
1015 375 1053 414 δὲ
1080 377 1256 415 κακόνουν
1277 376 1350 414 οὐδ’
1369 375 1616 428 ἐχθροπρεπὲς
1633 376 1713 415 ἴσθι
1732 391 1746 412 2
1752 391 1770 422 5

127 441 411 490 καταφωράσας,
437 443 479 479 οὗ
503 442 556 491 μὰ
583 441 651 489 τὴν
678 441 906 492 φιλολογίαν
932 442 999 490 τὴν
1024 443 1212 491 ἡμετέραν,
1238 444 1310 481 aut
1335 441 1370 480 Si
1396 441 1504 492 quod
1529 441 1713 480 Sanctius

124 505 232 544 mihi
253 506 542 546 iusiurandum
567 519 656 545 esse
681 508 812 555 putas.
873 506 988 555 Quod
1015 507 1050 546 si
1077 507 1211 546 sciens
1234 507 1331 546 fallo
1349 507 1416 545 vel
1438 509 1478 545 te
1498 507 1564 546 vel
1584 506 1712 546 alium

123 571 361 621 quempiam
389 571 467 610 hoc
496 570 733 621 epistolium
762 570 979 616 lecturum,
1011 584 1175 610 causam
1207 571 1317 610 haud
1353 572 1442 610 dico
1475 572 1578 621 quin
1608 572 1713 611 mihi

125 634 238 675 Deus
269 649 361 675 eam
393 637 445 675 ob
482 650 570 676 rem
603 637 844 677 malefaciat.
904 637 1062 676 Verum
1095 651 1118 675 o
1151 650 1218 675 me
1254 637 1458 687 ineptum,
1490 637 1555 676 cui
1586 637 1713 676 etiam

124 701 306 740 iniurato
329 701 490 741 credere
510 702 594 743 iam
620 703 801 753 coepisti,
826 702 909 740 nisi
936 704 1089 741 temere
1109 702 1150 741 id
1170 702 1277 741 mihi
1297 702 1478 752 persuasi
1495 704 1504 743 1
1541 703 1713 753 Ἔρρωσο
1732 715 1775 747 30

125 766 185 803 καὶ
203 766 357 818 εὐτύχει,
379 767 438 805 καὶ
457 767 616 806 διατέλει
637 771 756 808 καλῶς
774 785 814 806 τε
836 770 950 805 ποιῶν
971 768 1030 805 καὶ
1050 769 1250 806 κάλλιστα.

177 832 358 871 Parisiis.
388 845 500 872 xu11.
525 833 665 873 Galen.
688 833 823 883 April.

176 897 333 937 Verum
352 897 457 936 heus
475 900 532 946 tu,
552 900 685 950 ἀνέχου
708 900 768 937 καὶ
792 900 942 949 ἀπέχου,
967 898 1100 948 quoad
1125 901 1283 937 certum
1303 911 1388 938 esse
1410 899 1586 949 coeperit
1612 899 1710 948 quid

123 962 312 1001 futurum
341 962 418 1001 tibi
445 963 500 1002 sit
528 963 614 1013 παρ’
640 965 753 1013 ἡμῶν.
813 964 895 1003 Vix
927 963 1064 1002 adhuc
1094 963 1172 1013 ipsi
1201 963 1356 1002 scimus
1382 964 1482 1014 quid
1510 963 1631 1002 nobis
1657 964 1711 1002 sit

121 1027 264 1066 animi.
296 1026 340 1065 ‘O
355 1030 421 1066 τοῦ
433 1027 711 1079 Αὐτοκράτορος
727 1028 885 1069 θάνατος
901 1042 1046 1068 omnes
1065 1031 1226 1068 nostras
1240 1029 1420 1068 rationes
1435 1028 1708 1076 conturbauit‚
1732 1042 1770 1072 35

123 1091 194 1131 vix
215 1094 260 1130 vt
279 1092 408 1131 statui
428 1093 528 1143 quid
548 1094 691 1144 possit.

503 1289 692 1345 ‘¹¹⁵930987
751 1289 816 1330 To
843 1289 1059 1331 WILLIAM
1094 1289 1330 1330 BUDAfflrs.

174 1387 333 1435 Farrago
351 1401 386 1436 p.
404 1399 459 1432 4ο.
1420 1390 1596 1427 Mechlin.

173 1445 210 1480 F.
230 1458 265 1491 p.
286 1457 375 1482 201:
402 1447 493 1483 HN:
522 1447 636 1484 Lond.
656 1447 709 1483 iii.
731 1450 794 1494 58:
822 1448 892 1484 LB.
914 1450 991 1493 398.
1356 1459 1395 1484 21
1417 1449 1545 1484 March
1567 1458 1665 1494 1519.

166 1538 288 1580 [From
305 1539 502 1580 similarity
518 1540 556 1570 of
569 1541 696 1580 phrase
719 1540 793 1571 this
815 1540 925 1570 letter
948 1549 1034 1578 may
1050 1540 1093 1570 be
1110 1540 1219 1570 taken
1236 1541 1271 1570 to
1288 1540 1329 1570 be
1345 1540 1386 1570 of
1400 1540 1461 1571 the
1478 1550 1574 1571 same
1590 1539 1712 1580 period

120 1591 159 1613 as
175 1581 237 1621 Ep.
252 1591 327 1622 954,
345 1583 419 1613 and
435 1593 518 1623 may
535 1583 710 1614 therefore
728 1584 770 1614 be
788 1582 961 1623 regarded
985 1592 1023 1613 as
1045 1583 1108 1613 the
1125 1583 1233 1624 letter
1248 1583 1370 1614 which
1388 1583 1527 1614 follows
1543 1583 1606 1624 Ep.
1624 1591 1709 1623 915:

120 1624 239 1656 which
257 1627 286 1656 it
302 1627 484 1666 expressly
500 1626 685 1658 disclaims
701 1636 773 1667 any
789 1626 974 1657 intention
993 1626 1031 1657 of
1046 1626 1278 1667 answering.]

587 1735 797 1765 ERASMVS
828 1734 1010 1766 BVDAEO
1041 1734 1122 1765 SVO
1154 1735 1187 1765 S.
1210 1735 1254 1766 D.

177 1826 247 1865 An
284 1827 513 1875 postremas
548 1827 689 1866 literas
729 1828 832 1875 tuas,
865 1825 1144 1865 eruditissime
1183 1825 1361 1874 Budaee,
1396 1826 1504 1864 nihil
1542 1825 1714 1864 omnino

124 1891 377 1941 respondeo3
409 1892 510 1930 satis
539 1892 653 1931 enim
681 1890 923 1930 huiusmodi
952 1890 1319 1929 concertationum.
1382 1890 1473 1929 Non
1503 1891 1640 1930 ambio
1668 1893 1714 1930 vt

123 1956 168 1996 in
193 1956 348 1995 talibus
373 1957 628 2007 argumentis
649 1957 791 1995 videar
816 1956 1018 2004 disertus;
1047 1969 1122 1994 nec
1140 1956 1246 1994 mihi
1266 1956 1399 2006 placet
1418 1956 1588 1995 victoria
1609 1970 1712 2006 quae

123 2021 280 2060 iactura
316 2022 631 2061 necessitudinis
668 2022 832 2061 emitur.
905 2020 1013 2070 Quid
1045 2021 1154 2070 apud
1188 2023 1227 2060 te
1261 2021 1310 2059 de
1343 2021 1464 2060 nobis
1496 2022 1713 2071 suspiceris

121 2085 268 2125 nescio.
326 2085 439 2125 Illud
466 2099 551 2125 non
577 2086 764 2124 dubitem
790 2099 863 2136 per
895 2086 1037 2124 omnia
1063 2099 1176 2124 sacra
1200 2085 1388 2134 deierare,
1414 2085 1623 2125 neminem
1644 2087 1711 2125 hic
1732 2102 1748 2131 ,ς

125 2164 215 2191 esse
239 2150 311 2201 qui
337 2151 387 2189 de
420 2151 578 2190 Budaei
610 2151 786 2201 ingenio,
809 2151 918 2198 stilo,
940 2151 1174 2189 eruditione
1209 2150 1424 2189 candidius
1457 2151 1608 2190 sentiat
1639 2154 1712 2191 aut

124 2214 464 2255 honorificentius
491 2216 696 2266 praedicet
721 2229 845 2266 quam
865 2216 1092 2254 Erasmus:
1120 2215 1282 2254 etiamsi
1310 2217 1355 2254 tu
1383 2229 1513 2266 neque
1539 2217 1712 2255 moraris

125 2282 314 2320 nostrum
340 2280 593 2330 suffragium,
616 2282 678 2319 sat
704 2280 799 2328 scio,
823 2294 898 2318 nec
923 2280 1000 2319 hoc
1023 2294 1117 2330 eges
1143 2293 1350 2330 praecone.
1410 2279 1566 2319 Mirum
1586 2294 1709 2331 quam

124 2346 353 2396 μισόμουσοι
370 2346 458 2383 toto
477 2345 562 2384 fere
579 2347 785 2384 terrarum
806 2345 904 2384 orbe
922 2347 1242 2397 συγκρητίζουσιν,
1264 2347 1305 2383 ei:
1324 2344 1519 2395 quicquid
1538 2348 1710 2396 possunt

125 2411 211 2451 suis
235 2411 469 2460 adiungunt
494 2410 643 2461 copiis:
673 2423 755 2461 quo
780 2411 914 2460 magis
940 2412 1098 2460 oportet
1124 2413 1166 2449 et
1190 2423 1266 2448 nos
1289 2410 1398 2448 inter
1417 2423 1492 2449 nos
1511 2423 1599 2449 esse
1619 2424 1710 2450 con·
1733 2427 1773 2449 10

125 2476 276 2515 cordes.
328 2475 388 2513 De
407 2475 537 2514 literis
557 2489 659 2526 quae
678 2477 719 2514 te
735 2476 932 2514 videntur
949 2475 1180 2524 offendisse,
1201 2475 1347 2513 faciam
1367 2474 1561 2525 quicquid
1581 2475 1706 2523 voles,

125 2542 191 2582 vel
220 2540 448 2580 aboliturus
475 2541 543 2580 vel
575 2541 806 2580 leniturus:
845 2543 927 2589 aut,
966 2541 1002 2578 si
1036 2540 1181 2587 mauis,
1217 2552 1345 2579 noxae
1377 2540 1535 2587 dedam,
1567 2541 1613 2577 vt
1639 2541 1710 2578 tuo

125 2605 298 2645 arbitrio
316 2618 442 2655 penas
461 2605 593 2644 luant.
651 2605 765 2643 Bene
784 2604 884 2643 vale.

179 2670 434 2709 Mechliniae.
499 2684 558 2709 12.
581 2670 716 2710 Galen.
737 2670 916 2720 Apriles.
976 2671 1057 2709 An.
1079 2683 1260 2709 M.D.X1x.

169 2805 244 2836 929.
271 2806 322 2836 26.
349 2804 443 2844 quod
460 2807 508 2835 F:
531 2805 621 2844 quid
637 2808 674 2836 E.
851 2815 903 2844 33.
926 2805 1013 2844 quid
1031 2807 1060 2835 E
1077 2806 1187 2843 Corriq.
1206 2815 1213 2834 ε
1237 2804 1331 2843 quod
1346 2806 1410 2834 EF.
1583 2812 1636 2842 34.
1662 2804 1709 2833 sit

124 2851 236 2887 scripsi
246 2853 315 2886 post
328 2849 396 2879 tibi
411 2851 579 2879 secundum
594 2851 793 2880 intentionem
809 2851 1019 2880 annotationis
1030 2850 1237 2885 praecedentis
1251 2849 1287 2877 in
1302 2850 1330 2877 E
1347 2849 1456 2885 Corriq.
1476 2858 1482 2877 :
1507 2847 1560 2877 est
1577 2849 1612 2876 E.

169 2990 244 3020 929.
260 2999 312 3029 33.
330 2987 463 3030 ἀνέχου]
477 2989 591 3028 Epiet.
604 2999 655 3026 ap.
669 2988 758 3020 Gell.
770 2999 819 3028 17.
832 2999 881 3028 19.
994 2989 1067 3020 930.
1093 2999 1103 3019 1
1114 2999 1139 3020 1.
1167 2988 1298 3029 literis]
1318 2989 1381 3029 Ep.
1394 2989 1479 3028 906;
1495 2988 1538 3020 cf.
1551 2987 1616 3027 Ep.
1629 2996 1706 3026 954.

169 3042 222 3073 35.
248 3031 501 3073 Αὐτοκράτορος]
519 3032 570 3064 Cf.
587 3031 653 3072 Ep.
671 3041 747 3072 915.
767 3033 828 3072 156
845 3042 879 3063 n.
950 3033 1025 3071 3—6.

192 3115 298 3135 annm«
316 3114 357 3134 111
890 3116 912 3141 L
932 3104 946 3142 1
