2034 3433
227 146 278 183 72
691 145 942 185 LETTERS
980 144 1050 183 OF
1086 143 1353 184 ERASMUS
1692 140 1818 195 [1517

659 266 757 307 649.
817 264 882 305 To
911 262 1193 318 <SYLVESTER
1223 263 1391 319 Gla-LI).

273 355 462 392 Deventer
479 354 555 390 MS.
576 365 634 400 91,
651 354 675 390 f.
699 364 735 400 51
757 358 809 390 v0.
1491 350 1672 388 Louvain.

273 414 346 450 LB.
363 413 459 459 App.
482 421 558 456 177.
1394 421 1413 455 7
1433 409 1655 457 September
1676 419 1775 455 1517.

271 495 349 536 [Dr.
367 494 477 525 Reich
493 494 524 524 is
541 493 674 532 clearly
690 492 788 532 right
805 492 844 522 in
861 491 1073 530 addressing
1089 491 1163 522 this
1184 491 1291 522 letter
1313 493 1349 523 to
1371 492 1467 532 Gigli
1485 502 1492 530 3
1516 490 1598 522 who
1620 490 1693 522 had
1713 490 1823 521 taken

226 548 272 569 an
298 539 413 569 active
440 538 521 577 part
546 536 639 567 with
665 535 884 566 Ammonius
906 535 946 565 in
970 535 1162 574 procuring
1187 535 1252 566 the
1279 535 1545 576 dispensations
1572 534 1679 566 asked
1705 534 1760 565 for
1782 533 1822 564 in

227 582 314 622 Epp.
332 583 439 620 446,7.
488 580 562 610 The
577 579 760 619 year-date
776 588 841 610 can
856 579 899 609 be
916 577 1113 609 confirmed
1128 578 1178 618 by
1191 588 1303 618 many
1314 578 1561 619 indications.]

282 659 653 696 REVERENDISSIME
673 656 807 703 Pater,
832 656 872 695 S.
892 656 941 694 D.
1002 654 1185 704 Memini,
1209 656 1396 705 memini,
1420 669 1663 706 semperque
1682 654 1825 694 memi-

228 737 326 762 nero
358 721 583 772 singularis
613 720 734 760 istius
765 722 860 759 tuae
891 720 936 759 in
966 733 1042 759 nos
1073 720 1377 771 beneficentiae,
1410 722 1537 761 etiam
1569 721 1603 760 si
1635 721 1824 759 nondum

229 788 379 839 gratias
399 800 474 826 1100
494 786 560 836 egi
579 799 654 824 1100
675 785 811 825 retuli.
856 786 975 826 Adeo
994 798 1072 825 nos
1089 786 1282 825 distraxit
1300 786 1455 837 partim
1474 786 1613 825 erebra
1630 785 1826 836 migratio

228 866 271 892 ac
298 852 545 902 remigratio‚
568 851 720 901 partim
746 851 885 890 abitus
904 851 1160 899 Cancellarii,
1183 851 1336 902 partim
1356 851 1566 902 Principis
1591 851 1822 897 molimina,

192 929 209 959 5
228 918 380 968 partim
411 920 451 956 et
476 916 660 964 morbus,
683 918 892 966 postremo
919 916 1059 956 omnia
1083 916 1252 965 incerta,
1281 918 1329 956 vt
1354 917 1425 956 vix
1449 917 1537 966 ipse
1564 917 1649 955 mei
1673 915 1827 955 fuerim

228 995 400 1022 memor.
463 981 543 1020 Sed
570 981 689 1020 breui
714 981 866 1020 senties
890 981 1022 1021 animi
1046 995 1131 1020 non
1160 981 1313 1032 ingrati
1341 982 1540 1021 studium.
1598 981 1703 1030 Quid
1734 983 1826 1031 post

228 1048 388 1087 abitum
414 1062 436 1086 e
465 1047 686 1086 Britannia
711 1061 854 1086 meum
881 1047 1048 1087 nouarit
1074 1047 1118 1085 in
1144 1048 1313 1097 negocio
1339 1061 1431 1087 meo
1458 1047 1649 1087 Andreas
1678 1047 1827 1085 nescio.

230 1113 377 1163 Siquid
397 1115 599 1152 nouatum
619 1114 683 1151 est
700 1112 752 1152 ab
772 1127 831 1163 eo,
850 1126 974 1164 queso
992 1113 1055 1152 vti
1074 1112 1272 1163 perficias.
1322 1113 1491 1152 Nouum
1512 1113 1828 1151 Testamentum

229 1192 371 1218 rursus
392 1180 455 1217 est
473 1178 518 1216 in
537 1178 742 1217 manibus.
788 1178 839 1217 Id
858 1178 1048 1229 primum
1066 1178 1254 1217 nouitate
1272 1191 1346 1217 sua
1366 1177 1567 1228 quosdam
1588 1178 1826 1226 offenderat,

174 1254 211 1276 10
229 1244 450 1295 probatum
483 1245 626 1282 tamen
656 1256 786 1294 vsque
820 1243 1134 1294 probatissimis.
1204 1243 1364 1282 Verum
1399 1243 1441 1282 id
1477 1245 1606 1282 estate
1642 1243 1830 1293 proxima.

230 1309 412 1359 prodibit
442 1308 500 1347 sio
530 1322 553 1347 a
583 1322 651 1347 me
682 1311 906 1348 tractatum
937 1312 984 1348 vt
1017 1308 1177 1347 nemini
1207 1322 1294 1348 non
1323 1309 1377 1347 sit
1405 1308 1666 1359 placiturum,
1699 1311 1751 1358 et,
1784 1310 1831 1347 vt

229 1374 386 1425 aliquid
424 1374 559 1413 dicam
600 1374 869 1424 arrogantius,
912 1374 1065 1414 Leonis
1106 1374 1283 1423 gloriam
1328 1387 1374 1413 ac
1416 1374 1639 1413 Medicium
1677 1387 1831 1413 nomen

232 1442 421 1478 aeternae
451 1439 585 1478 famae
614 1441 960 1490 consecraturum,
989 1439 1025 1478 si
1051 1440 1175 1478 modo
1204 1440 1325 1478 detur
1349 1440 1483 1478 adhuc
1509 1454 1643 1480 vnum
1672 1452 1831 1478 annum

231 1517 455 1555 superesse.
525 1505 631 1544 Cum
663 1505 849 1555 proxime
883 1518 1014 1544 essem
1052 1506 1097 1544 in
1134 1505 1367 1553 Britannia,
1401 1506 1487 1544 Rex
1526 1519 1594 1544 me
1622 1504 1831 1555 ‘singulari

175 1580 212 1612 15
233 1570 368 1608 studio
412 1571 652 1620 complexus
691 1572 764 1619 est,
806 1573 846 1609 et
890 1572 986 1621 post
1027 1571 1139 1610 hunc
1184 1570 1556 1610 reuerendissimus
1600 1570 1831 1611 cardinalis

232 1635 527 1684 Eboracensis3
567 1638 741 1686 vterque
773 1649 841 1674 me
873 1649 960 1674 non
987 1636 1255 1686 aspernandis
1286 1635 1592 1674 conditionibus
1620 1635 1829 1674 inuitauit.

233 1701 347 1739 Bene
374 1700 477 1750 vale,
509 1700 682 1739 Praesu]
711 1700 994 1752 integerrime,
1022 1704 1063 1740 et
1091 1703 1259 1740 tuorum
1288 1701 1487 1740 clientum
1517 1701 1665 1740 infimo
1693 1701 1831 1740 fauere

233 1779 366 1816 perge.
426 1766 600 1807 Louanii
619 1766 753 1816 pridie
773 1766 908 1806 Natal.
934 1767 1136 1817 deiparae.
1196 1768 1277 1806 An.
1300 1779 1388 1806 M.D.
1418 1779 1475 1814 17.

1185 1832 1385 1870 Erasmus
1405 1831 1718 1870 Roterodamus.

683 1946 837 1989 617650.
898 1947 962 1988 ΤΟ
992 1949 1183 1989 ANTONY
1215 1945 1382 1988 CLAVA.

282 2034 470 2071 Dei-enter
487 2035 564 2072 Ms.
585 2047 640 2082 91,
662 2037 686 2072 f.
707 2047 752 2082 50
768 2041 817 2072 v0.
1479 2036 1656 2072 Louvain.

282 2092 353 2127 LB.
373 2093 468 2138 App.
490 2103 567 2139 175.
1355 2104 1374 2138 7
1392 2094 1613 2140 September
1632 2094 1784 2142 (1517).

587 2176 696 2217 [1517‚
716 2177 864 2208 because
881 2177 919 2208 of
931 2177 993 2208 the
1009 2179 1161 2215 Apoloqsa
1175 2177 1316 2216 against
1331 2176 1472 2217 Faber.]

522 2263 729 2294 ERASMVS
760 2264 858 2296 ROT.
886 2264 1086 2295 ANTONIO
1117 2263 1294 2295 CLAVAE
1327 2263 1409 2293 SVO
1441 2264 1474 2293 S.
1502 2263 1544 2294 D.

291 2344 449 2381 ACCEPI
470 2343 629 2382 Budaei
651 2344 813 2384 litteras
836 2345 922 2383 tuis
946 2344 1136 2393 inclusas,
1158 2347 1351 2395 vtrasque
1369 2344 1636 2395 gratissimas.
1697 2344 1835 2384 Pudet

236 2407 314 2445 1100
347 2408 515 2447 1101111110
547 2410 700 2458 gratias
732 2422 860 2460 agere,
900 2410 972 2459 qui
1005 2412 1068 2448 tot
1100 2409 1344 2448 nominibus
1381 2409 1562 2448 debeam.
1634 2409 1740 2460 Dici,
1763 2410 1834 2447 vix

238 2472 369 2521 possit
402 2475 556 2523 quanta
587 2487 655 2512 me
688 2474 950 2513 humanitate
988 2475 1171 2525 theologi
1207 2476 1520 2524 prosequuntur,
1557 2487 1653 2512 cum
1686 2474 1835 2524 primis

239 2539 379 2575 autem
401 2537 452 2575 M.
479 2538 526 2576 N.
551 2539 722 2578 Atensis
742 2540 1038 2589 Cancellarius,
1061 2540 1242 2590 Dorpius
1267 2542 1307 2578 et
1325 2539 1558 2578 Vianensis.
1618 2539 1835 2579 Buslidius

538 2635 613 2669 649.
638 2646 670 2675 9.
695 2645 757 2667 sua
772 2639 902 2674 scripsi:
926 2637 981 2667 sui
997 2640 1067 2669 MS.
1172 2647 1185 2667 1
1197 2647 1220 2667 1.
1247 2637 1462 2668 tractactum
1478 2639 1547 2668 MS.

283 2723 358 2754 649.
383 2733 413 2761 4.
439 2724 559 2755 abitus
595 2723 829 2765 Cancellarii]
858 2724 910 2756 Cf.
940 2725 1004 2765 Ep.
1072 2725 1156 2756 vain
1173 2724 1212 2755 in
1230 2724 1408 2764 1489‚and
1418 2724 1547 2763 taught
1565 2725 1603 2755 111
1616 2725 1680 2756 the
1694 2725 1835 2765 College

238 2766 314 2797 608.
333 2775 352 2795 2
372 2776 406 2796 n.
1072 2768 1121 2799 du
1146 2767 1316 2799 Chateau.
1365 2768 1410 2798 In
1435 2768 1514 2799 Feb.
1544 2778 1638 2808 1500,
1656 2769 1763 2810 being
1786 2769 1836 2800 al-

287 2810 335 2839 16.
362 2809 552 2851 inuitauit]
570 2811 622 2842 Cf.
642 2811 705 2851 Ep.
723 2820 798 2850 577.
1071 2811 1182 2850 ready
1212 2811 1309 2851 B.D.,
1350 2811 1397 2842 he
1434 2821 1507 2842 was
1542 2812 1670 2843 Rector
1700 2814 1739 2844 of
1771 2812 1834 2844 the

277 2852 351 2882 650.
371 2862 401 2889 4.
419 2853 677 2894 Cancellarius]
692 2854 756 2885 See
769 2855 831 2895 Ep.
843 2856 919 2894 643.
932 2856 952 2886 8
966 2865 1001 2886 n.
1072 2855 1294 2894 University.
1327 2855 1373 2885 In
1392 2864 1475 2894 1505
1492 2855 1538 2886 he
1555 2865 1626 2887 was
1639 2856 1835 2896 appointed

327 2895 542 2937 Vianensis]
589 2897 808 2929 Guilielmus
855 2899 1004 2930 Ioannis
1072 2898 1164 2929 Prof.
1185 2898 1223 2929 of
1239 2898 1420 2938 Theology
1437 2898 1508 2929 and
1528 2899 1721 2930 therewith
1741 2901 1750 2918 ‘
1763 2900 1835 2940 ple-

242 2938 426 2969 Lamberti
450 2940 534 2980 (†2o
557 2940 645 2972 Nov.
674 2940 785 2981 1529),
812 2941 850 2973 of
862 2942 1005 2973 Vianen
1072 2942 1207 2973 banus’
1226 2942 1264 2972 of
1276 2941 1326 2972 st.
1345 2942 1480 2973 Peter’s
1493 2942 1647 2974 Church.
1694 2943 1751 2974 He
1763 2952 1836 2974 was

241 2982 280 3011 in
297 2981 329 3013 S.
348 2981 519 3014 Holland.
566 2984 621 3014 He
646 2994 719 3015 was
744 2985 837 3016 M.A.
855 2987 892 3016 at
915 2986 1004 3016 Lou—
1073 2985 1160 3017 D.D.
1179 2986 1199 3015 6
1216 2985 1290 3016 Oct.
1310 2986 1415 3025 15063
1438 2986 1478 3016 in
1495 2986 1575 3018 Feb.
1604 2988 1686 3025 1508
1708 2987 1835 3018 Rector
