2034 3433
141 142 237 196 810]
556 143 708 183 FROM
745 143 1010 182 WILLIAM
1048 143 1320 182 BUDAEUS
1658 143 1736 180 269

143 247 294 278 mission
311 246 468 286 through
481 246 592 278 Gilles
605 246 707 289 (Epp.
723 247 798 286 846.
810 257 885 286 3—4‚
898 247 974 286 849.
992 245 1086 286 12-3)
1102 247 1132 276 it
1147 248 1242 277 went
1255 247 1375 286 asti-ay
1387 247 1424 276 to
1437 246 1558 278 Genea
1569 246 1650 287 (Ep.
1663 247 1737 286 869.

145 300 174 329 1,
191 289 241 331 2),
257 289 330 321 and
345 289 408 321 did
424 291 488 321 not
502 291 608 322 reach
624 291 796 322 Erasmus
808 291 906 321 until
921 299 936 320 1
955 291 1050 330 Sept.
1069 291 1106 321 at
1124 289 1229 321 Basle
1245 289 1350 330 (Epp.
1371 290 1444 321 886.
1465 300 1564 329 40-1‚
1580 291 1655 330 906.
1678 289 1739 330 1).]

701 385 909 416 BVDAEVS
940 385 1120 416 ERASMO
1152 386 1187 416 S.

197 467 309 506 Eccss
327 469 467 505 autem
487 479 631 506 rursus
644 467 932 517 expostulatio.
984 467 1277 517 Conquerebar
1294 466 1402 505 nihil
1421 480 1445 506 a
1463 468 1504 505 te
1524 465 1739 504 literarum

144 532 291 571 multis
312 532 396 570 iam
416 532 630 571 mensibus
649 533 863 582 accepisse,
882 533 989 582 quod
1009 532 1177 583 quidem
1197 532 1393 582 epistolae
1413 532 1547 570 instar
1559 530 1738 577 haberet,

145 610 275 647 quum
294 598 341 635 tu
365 597 416 635 ad
445 610 512 635 me
538 596 680 636 literas
706 611 790 636 non
818 598 952 647 magis
981 597 1164 647 copiosas
1189 610 1313 647 quam
1341 597 1543 647 iurgiosas
1567 595 1740 634 dedisti:

145 662 316 712 perinde
346 661 464 712 quasi
496 675 546 700 ex
580 662 778 701 diuturno
807 675 965 710 somno,
997 661 1040 700 id
1070 664 1132 700 est
1160 662 1359 700 diuturna
1396 662 1556 700 incuria
1593 661 1740 708 nostri,

144 727 352 765 turbidius
379 728 420 765 te
451 727 675 766 excitarim.
750 726 966 765 Huttenus
995 740 1079 765 non
1109 726 1243 776 magis
1271 726 1355 765 iam
1382 726 1461 764 tibi
1484 739 1605 776 quam
1633 726 1740 764 mihi
1760 745 1777 776 5

145 792 383 842 nostrisque
412 792 609 842 probatus
635 794 676 830 et
700 792 866 839 amicus,
898 805 993 830 cum
1022 805 1071 830 ex
1098 792 1225 841 Regis
1250 791 1450 830 comitatu
1476 791 1638 840 rediret,
1664 791 1740 830 hac

144 857 350 895 transiens
368 857 509 895 literas
532 871 556 895 a
581 870 648 895 me
672 857 969 896 tumultuarias
989 857 1188 906 expressit
1206 871 1215 904 ;
1244 857 1289 895 in
1310 857 1461 907 quibus
1481 870 1610 906 quum
1631 856 1739 907 quio-

146 922 244 972 quid
271 922 316 959 in
346 921 517 960 buccam
546 921 751 970 subiisset,
777 922 846 960 vel
877 923 1030 960 Graece
1059 921 1126 960 vel
1156 921 1304 960 Latine
1332 922 1570 968 scriberem,
1594 935 1737 962 vnum.

146 989 190 1025 vt
210 987 398 1035 arbitror,
421 988 493 1025 aut
522 987 701 1025 alterum
726 986 900 1025 verbum
920 987 970 1025 de
989 986 1193 1037 Apologia
1211 986 1285 1025 illa
1305 988 1376 1025 tua
1394 986 1532 1034 adieci,
1555 1000 1605 1024 ex
1625 987 1741 1025 cuius

145 1051 351 1090 aeditione
372 1051 573 1100 dolebam,
594 1064 689 1090 cum
702 1064 750 1090 eo
765 1052 876 1101 quod
892 1051 1023 1090 Faber
1036 1050 1281 1100 scripsisset,
1300 1051 1494 1090 nonnihil
1513 1051 1740 1090 simultatis
1765 1070 1802 1092 10

145 1117 282 1155 simile
308 1117 419 1156 inter
442 1129 517 1156 vos
545 1119 714 1156 enatum
737 1129 825 1155 esse
852 1116 1000 1155 videri.
1060 1116 1154 1155 Non
1178 1117 1291 1155 enim
1319 1118 1420 1156 satis
1444 1117 1617 1155 memini
1643 1117 1740 1167 quid

146 1182 394 1232 scripserim,
428 1184 469 1220 et
501 1183 589 1221 erat
621 1182 711 1220 eius
741 1183 903 1232 generis
936 1182 1110 1232 epistola
1141 1182 1257 1221 cuius
1296 1182 1405 1232 apud
1444 1195 1512 1220 me
1550 1182 1740 1232 exempla

148 1261 314 1286 manere
340 1261 427 1286 non
454 1247 599 1286 solent.
660 1246 742 1285 Hic
762 1247 951 1297 pauculis
971 1247 1109 1286 verbis
1129 1247 1343 1298 οἷκροχόλως
1371 1250 1418 1286 tu
1444 1249 1676 1286 commotus
1696 1247 1740 1285 in

146 1312 448 1362 pacificatorem
478 1314 644 1363 repente
673 1326 826 1351 cornua
851 1313 1080 1361 obuertisti,
1110 1313 1304 1351 videlicet
1334 1313 1450 1363 quasi
1479 1326 1545 1350 me
1574 1313 1642 1351 liti
1666 1326 1740 1362 pro

148 1377 280 1416 Fabro
299 1380 452 1417 temere
472 1380 543 1416 aut
563 1378 710 1428 cupide
736 1377 971 1428 obtulerim,
993 1378 1278 1428 potioremque
1299 1378 1480 1428 impetus
1500 1378 1561 1415 tui
1581 1380 1741 1428 partem
1765 1395 1800 1427 15

146 1443 190 1481 in
210 1457 277 1482 me
296 1457 372 1482 nec
396 1444 641 1493 opinantem
665 1443 892 1483 deflexisti:
921 1444 1047 1482 etiam
1067 1444 1103 1482 si
1122 1457 1188 1482 me
1208 1443 1382 1482 subinde
1405 1443 1583 1493 benigne
1609 1443 1742 1494 appel-

148 1508 271 1547 lando
290 1509 470 1547 suauiari
487 1508 627 1547 videre
645 1509 756 1547 inter
775 1509 1136 1559 expostulandum.

203 1573 396 1612 Primum
415 1573 511 1613 volo
531 1573 608 1612 hoc
626 1575 674 1613 tu
695 1576 742 1612 vt
762 1587 814 1613 ne
834 1574 1010 1625 ignores,
1033 1588 1100 1612 me
1125 1587 1199 1613 nec
1218 1573 1487 1624 pacificatoris
1506 1587 1580 1612 nec
1598 1572 1743 1612 arbitri

147 1639 357 1677 honorarii
384 1641 523 1688 partes
552 1639 627 1677 1130
653 1639 699 1677 111
725 1652 768 1678 re
796 1639 904 1678 mihi
929 1639 1180 1689 sumpsisse:
1210 1652 1294 1678 non
1320 1639 1428 1689 quod
1448 1652 1622 1687 vererer,
1645 1639 1682 1676 si
1701 1638 1742 1677 id

147 1704 333 1753 facerem,
360 1717 413 1742 ne
440 1705 531 1743 tute
558 1704 665 1743 mihi
693 1717 777 1743 non
806 1704 1078 1754 permitteres,
1109 1706 1181 1743 aut
1201 1706 1247 1743 tu
1276 1704 1318 1742 id
1347 1704 1454 1742 mihi
1484 1716 1744 1742 succenseres
1765 1720 1806 1743 20

148 1769 257 1819 quod
277 1769 327 1807 de
346 1771 387 1808 te
407 1771 573 1808 tantum
592 1769 700 1808 mihi
717 1770 1015 1820 permitterem,
1039 1769 1110 1809 sed
1131 1770 1240 1820 quod
1260 1769 1337 1808 hac
1362 1770 1411 1808 de
1430 1783 1473 1808 re
1494 1783 1589 1808 cum
1610 1769 1744 1808 Fabro

149 1847 367 1884 nunquam
393 1834 621 1873 collocutus
648 1848 753 1873 sum.
815 1835 949 1883 Quare
973 1848 1094 1874 causa
1112 1835 1219 1873 mihi
1239 1835 1355 1874 nulla
1374 1835 1456 1874 fuit
1475 1835 1744 1884 quamobrem

150 1899 239 1938 eius
268 1899 327 1938 rei
355 1899 574 1938 arbitrium
598 1900 843 1949 affectarem,
869 1901 978 1951 quod
1005 1900 1057 1939 ad
1078 1913 1146 1939 me
1167 1900 1359 1950 vti-inque
1380 1914 1465 1939 non
1486 1900 1746 1939 reiiciebatur

151 1966 223 2002 aut
235 1964 345 2002 vltro
360 1965 635 2004 deferebatur:
657 1965 820 2005 etiamsi
835 1965 1072 2004 Ludouicus
1084 1966 1283 2014 Ruzaeus,
1300 1966 1546 2004 Parisiensis
1556 1965 1745 2015 subprae-

151 2029 292 2078 fectus,
310 2031 357 2068 vt
371 2031 432 2068 est
445 2030 641 2068 omnibus
654 2030 757 2068 viris
769 2030 900 2069 doctis
915 2030 1131 2069 vltroneus
1147 2031 1314 2078 amicus,
1335 2031 1468 2069 facere
1482 2043 1550 2068 me
1564 2030 1742 2078 iubebat,
1766 2044 1781 2066 2
1787 2044 1804 2077 5

151 2094 274 2144 idque
312 2097 573 2133 recusantem
612 2095 844 2134 conuiciose
881 2095 1132 2146 obiurgabat.
1205 2096 1283 2134 Sed
1323 2109 1417 2134 cum
1456 2096 1591 2135 vicem
1629 2097 1742 2134 tuam

151 2159 344 2207 dolerem,
374 2159 559 2198 hominis
585 2159 692 2198 mihi
718 2160 978 2208 amicissimi,
1005 2161 1270 2199 admonitum
1299 2163 1342 2199 te
1371 2161 1564 2210 oportuit,
1597 2161 1633 2199 si
1661 2173 1744 2198 non

151 2223 275 2262 aliam
303 2223 355 2262 ob
385 2237 560 2273 causam,
589 2225 641 2263 ob
666 2225 744 2263 1100
774 2227 892 2274 certe,
919 2239 972 2263 ne
998 2227 1044 2264 tu
1073 2239 1141 2263 1110
1168 2225 1421 2264 obdormisse
1449 2228 1626 2275 putares,
1650 2238 1744 2263 cum

151 2291 223 2328 tua
240 2288 434 2339 illiusque
455 2302 576 2328 causa
594 2289 804 2340 frequenti
819 2303 938 2340 saepe
955 2303 1105 2329 corona
1122 2291 1173 2329 ad
1193 2290 1382 2340 publicae
1402 2292 1534 2329 1311130
1549 2290 1745 2328 subsellia

152 2355 408 2403 peroraretur
425 2368 435 2393 ι
465 2367 560 2392 011111
580 2367 639 2403 eo,
661 2357 708 2393 vt
727 2368 873 2393 verum
893 2355 1032 2402 fatear,
1057 2355 1165 2404 quod
1185 2357 1226 2393 et
1246 2355 1427 2394 Fabrum
1455 2369 1616 2406 quoque
1635 2355 1745 2393 inter
1764 2367 1806 2399 30

153 2418 305 2458 amicos
324 2432 508 2458 numero.
565 2420 626 2458 At
651 2418 765 2457 enim
791 2432 886 2458 sum
908 2419 979 2457 ille
1003 2419 1217 2458 Pandorae
1239 2420 1429 2468 coniunx,
1462 2433 1586 2470 quem
1613 2422 1660 2459 tu
1686 2420 1745 2458 rei

154 2484 236 2522 iam
265 2484 540 2523 conclamatae
578 2484 808 2523 remedium
836 2485 979 2523 afferre
1015 2484 1234 2533 cauillaris,
1266 2487 1307 2524 et
1335 2485 1457 2524 Troia
1484 2485 1568 2524 iam
1605 2497 1744 2524 euersa

154 2549 298 2587 docere
329 2562 414 2587 non
445 2549 573 2588 fuisse
603 2549 843 2600 rapiendam
874 2550 1092 2589 Helenam.
1151 2550 1228 2588 Eia
1259 2552 1306 2589 tu
1339 2564 1533 2600 germane
1561 2550 1620 2589 mi
1648 2549 1744 2589 Pro-

155 2614 340 2662 metheu,
360 2614 632 2653 meministin’
654 2616 704 2654 ad
731 2629 797 2654 1110
827 2615 896 2654 1115
919 2615 1060 2656 verbis
1088 2617 1129 2653 te
1158 2615 1402 2666 scripsisse?
1442 2615 1595 2654 ‘Faber
1621 2615 1745 2654 toties

156 2729 187 2758 7.
211 2728 231 2749 a
244 2728 301 2749 me
310 2721 380 2756 post
392 2718 648 2749 tumultuarias
662 2722 795 2750 iteratE
809 2730 817 2750 ε
840 2729 900 2751 om.
914 2722 950 2751 F.
1020 2719 1068 2751 18.
1094 2720 1133 2749 vt
1149 2729 1208 2750 om.
1224 2721 1265 2750 N.
1344 2728 1397 2758 25.
1421 2719 1509 2749 viris
1525 2721 1560 2749 H
1571 2729 1579 2749 ι
1602 2718 1692 2750 iuris
1703 2721 1742 2749 E.

201 2823 227 2843 1.
254 2811 516 2853 Conquerebar]
534 2812 598 2852 Ep.
616 2822 678 2852 744
695 2812 776 2844 init.
1027 2820 1079 2850 34.
1106 2810 1306 2851 scripsisse]
1330 2811 1375 2842 In
1392 2821 1412 2842 a
1427 2811 1495 2842 lost
1505 2811 1612 2842 letter
1623 2811 1743 2843 which

197 2866 228 2895 3.
254 2854 394 2896 literas]
412 2855 475 2895 Ep.
495 2856 568 2895 778.
984 2854 1016 2885 is
1040 2854 1199 2885 referred
1223 2856 1260 2885 to
1283 2854 1357 2885 also
1380 2855 1420 2885 in
1444 2854 1483 2886 ll.
1504 2864 1555 2894 70,
1581 2855 1650 2893 161,
1668 2855 1743 2886 228.

200 2910 229 2936 7.
255 2898 394 2939 literas]
412 2899 475 2939 Ep.
495 2908 566 2939 744.
983 2899 1034 2929 As
1059 2898 1082 2929 l.
1108 2899 1151 2936 38
1178 2898 1296 2928 shows
1320 2898 1401 2929 that
1428 2898 1457 2928 it
1481 2898 1655 2938 preceded
1681 2899 1744 2929 the

198 2952 250 2981 24.
277 2942 455 2982 Ruzaeus]
473 2942 538 2973 See
554 2941 619 2982 Ep.
637 2951 711 2981 493.
730 2951 796 2981 420
811 2952 846 2973 11.
984 2941 1166 2981 Apologia,
1184 2941 1214 2972 it
1231 2941 1415 2981 evidently
1431 2951 1505 2973 was
1521 2942 1559 2973 of
1572 2942 1633 2973 the
1649 2951 1744 2973 same

198 2996 250 3025 32.
276 2985 395 3027 Troia]
414 2985 466 3017 Cf.
486 2985 547 3026 Ep.
568 2986 639 3025 778.
660 2986 796 3017 108-10.
983 2985 1105 3025 period
1122 2994 1161 3016 as
1177 2985 1240 3025 Ep.
1259 2994 1334 3024 597,
1352 2984 1423 3016 and
1440 2985 1593 3026 perhaps
1609 2995 1682 3016 was
1698 2995 1743 3016 an
