2034 3433
121 192 218 246 862]
537 195 607 234 ΤΟ
646 194 930 235 BONIFAGE
969 195 1285 235 AMORBACH
1625 196 1705 234 385

118 300 283 338 etiamsi
303 313 384 338 non
405 300 542 338 desint
562 299 633 349 qui
658 299 735 337 fari
761 300 953 349 gestiant.
1011 301 1137 350 Spero
1157 303 1296 339 tamen
1315 300 1433 339 breui
1453 300 1640 338 futurum
1661 302 1707 338 vt
1726 311 1766 341 30

117 364 217 403 haec
237 378 398 415 quoque
418 365 615 414 professio
633 355 726 403 'situ
747 364 906 403 deterso
935 366 1159 415 pristinum
1186 379 1307 405 suum
1335 366 1513 404 nitorem
1539 367 1702 403 asserat.

118 429 335 469 Hactenus
368 443 389 468 e
419 430 634 468 doctorum
671 430 871 469 centuriis
907 431 1231 470 excludebantur
1265 431 1337 481 qui
1374 430 1496 480 paulo
1534 430 1705 480 politius

118 494 411 545 loquerentur;
439 508 515 533 nec
542 495 820 545 dignabantur
849 509 1084 546 quenquam
1112 509 1186 535 suo
1218 496 1310 535 albo
1338 495 1595 545 professores,
1624 495 1707 534 nisi

117 560 187 610 qui
214 573 309 599 cum
335 560 438 611 ipsis
463 560 639 609 turpiter
658 559 904 599 balbutisset
932 574 1062 611 neque
1081 561 1301 611 quicquam
1328 561 1500 599 omnino
1519 560 1707 599 castioris

115 624 352 664 literaturae
375 625 591 675 attigisset.
647 625 786 675 Atque
815 625 920 664 illud
945 626 1135 676 protinus
1156 628 1242 665 erat
1262 626 1307 664 in
1334 628 1541 675 promptu,
1565 626 1706 664 Gram·
1725 636 1764 667 35

117 690 296 729 maticus
317 692 388 738 est,
411 704 496 729 non
515 689 811 740 philosophus;
846 691 988 730 rhetor
1007 693 1079 739 est,
1103 705 1186 730 non
1213 691 1541 739 iureconsultus;
1570 691 1708 730 orator

117 758 191 802 est,
224 769 309 794 non
338 755 566 804 theologus.
627 755 706 794 Sed
736 755 863 804 breui,
897 756 941 794 ni
969 756 1102 804 fallor,
1135 757 1256 795 rebus
1286 756 1330 794 in
1359 756 1570 795 diuersum
1600 768 1705 793 com-

117 821 292 859 mutatis
319 834 403 859 non
433 821 685 870 recipientur
712 821 758 857 in
787 821 976 860 ordinem
1006 821 1088 860 nisi
1118 822 1189 871 qui
1219 821 1374 871 priscos
1403 821 1498 859 illos
1527 819 1706 869 discipli-

116 898 265 924 narum
284 888 447 924 autores
465 886 788 935 elegantioribus
807 886 935 925 etiam
961 886 1094 925 literis
1117 887 1297 925 referant
1314 901 1322 933 ;
1350 899 1483 935 neque
1503 885 1608 935 phas
1627 884 1705 922 erit

115 951 309 1000 cuiquam
336 950 417 988 sibi
445 950 692 1000 sapientiam
719 951 948 1000 vendicare,
979 951 1063 990 nisi
1094 952 1221 990 simul
1255 951 1434 990 adfuerit
1463 950 1705 1000 pedissequa
1722 961 1765 992 40

114 1015 362 1066 eloquentia,
391 1028 515 1065 quam
545 1015 666 1054 diuus
694 1016 959 1065 Augustinus
988 1029 1073 1054 non
1098 1016 1192 1055 vult
1218 1029 1395 1066 vsquam
1424 1016 1476 1055 ab
1504 1015 1603 1053 hera
1630 1028 1705 1054 sua

115 1080 285 1130 digredi.

169 1145 362 1185 Zasianas
398 1146 686 1184 annotationes
722 1146 904 1195 percurri
937 1147 1074 1185 verius
1106 1159 1231 1196 quam
1269 1146 1376 1196 legi3
1419 1159 1517 1184 nam
1552 1144 1702 1182 adfere-

115 1210 268 1249 bantur
286 1224 353 1249 me
371 1211 455 1249 iam
480 1211 531 1250 ad
556 1211 635 1249 iter
653 1210 844 1249 accincto.
902 1210 1005 1249 Mire
1024 1211 1181 1261 placuit
1203 1213 1377 1261 gustus3
1407 1223 1540 1260 neque
1561 1209 1703 1247 dubito

114 1275 216 1326 quin
248 1276 389 1315 omnia
419 1275 553 1325 magis
589 1276 673 1314 sint
706 1275 915 1325 placitura,
949 1277 985 1314 si
1018 1277 1137 1315 liceat
1167 1276 1328 1315 affatim
1362 1275 1518 1325 expleri
1550 1273 1703 1312 talibus
1722 1282 1762 1313 45

113 1341 259 1391 epulis.
319 1341 598 1379 Extimulabis
627 1341 854 1390 hominem,
878 1341 937 1379 mi
957 1341 1158 1389 Bonifaci,
1184 1354 1236 1379 ne
1262 1341 1422 1380 diutius
1449 1339 1569 1379 nobis
1597 1339 1704 1377 hanc

113 1407 299 1455 gloriam,
331 1407 443 1445 hunc
470 1406 665 1453 fructum,
696 1405 803 1444 hanc
832 1406 1085 1455 voluptatem
1113 1407 1318 1445 inuideat:
1354 1405 1435 1444 nisi
1465 1407 1512 1443 tu
1541 1417 1703 1454 quoque

114 1471 233 1510 nobis
259 1471 433 1519 inuides,
463 1484 558 1510 cum
587 1471 806 1520 contigerit
831 1471 908 1509 tibi
933 1472 1157 1511 domestico
1185 1471 1294 1510 Zasii
1320 1470 1590 1509 contubernio
1616 1469 1702 1507 feli-

112 1548 202 1575 cem
220 1549 318 1575 esse.
370 1537 484 1574 Bene
503 1537 604 1575 vale.

165 1601 351 1640 Basileae
369 1601 502 1652 pridie
522 1601 722 1640 Calendas
740 1601 1029 1651 Septembreis.
1087 1603 1214 1640 Anno
1232 1613 1447 1641 M.n.xvm.
1720 1609 1763 1639 50

557 1711 652 1750 863.
714 1709 844 1750 FROM
876 1708 1025 1750 JAMES
1056 1708 1261 1751 SPIEGEL.

160 1798 202 1834 Ε.
220 1798 368 1835 Vitellii
386 1798 515 1835 Oratio
534 1799 595 1835 tit.
614 1803 664 1833 v0.
1382 1796 1591 1842 Augsburg.

1323 1865 1364 1900 31
1385 1855 1533 1900 August
1554 1855 1653 1898 1518.

157 1937 246 1978 [The
260 1937 397 1978 preface
418 1939 454 1968 to
477 1947 523 1968 an
540 1937 688 1968 Oration
710 1936 749 1968 of
768 1937 938 1968 Erasmus
954 1937 1125 1968 Vitellius
1142 1937 1180 1975 (l.
1202 1946 1221 1974 4
1239 1937 1290 1973 n.)
1307 1934 1491 1966 delivered
1507 1934 1624 1965 before
1640 1934 1702 1964 the

114 1980 198 2011 Diet
214 1980 252 2012 of
263 1981 451 2020 Augsburg
467 1990 512 2011 on
529 1991 572 2011 20
589 1981 675 2020 Aug.
700 1981 794 2020 1518,
813 1980 883 2011 and
900 1980 1045 2020 printed
1065 1981 1178 2020 twice,
1199 1979 1384 2018 evidently
1399 1978 1505 2009 about
1526 1978 1588 2008 the
1605 1986 1702 2007 same

113 2024 212 2063 time,
230 2025 278 2064 by
291 2025 389 2055 John
412 2024 531 2054 Miller
552 2024 590 2055 of
610 2025 802 2064 Augsburg
817 2035 824 2062 ;
841 2033 897 2055 see
914 2024 954 2056 G.
971 2023 1106 2055 Knod’s
1122 2027 1154 2054 J.
1171 2025 1300 2062 Spieyel,
1323 2032 1357 2062 p.
1378 2031 1430 2061 37,
1450 2020 1521 2051 and
1539 2020 1698 2059 Knaake,

113 2069 144 2099 C.
161 2069 316 2098 Scheurl’s
333 2070 575 2107 Geschichtbuch,
597 2068 690 2107 1872,
709 2077 765 2107 pp.
786 2068 925 2106 265—79.
964 2068 983 2098 I
1007 2067 1098 2097 have
1122 2065 1208 2106 only
1229 2075 1312 2097 seen
1335 2065 1398 2096 the
1421 2065 1556 2095 edition
1579 2063 1700 2094 which

113 2111 262 2142 Knaake
287 2111 487 2151 designates
501 2111 538 2141 A.
553 2112 620 2150 (α);
647 2111 806 2150 Bocking
831 2113 978 2151 (Huttem'
1004 2112 1077 2148 opp.
1102 2111 1148 2142 iv.
1171 2110 1249 2149 687)
1267 2109 1386 2149 prints
1408 2108 1499 2139 from
1525 2107 1701 2138 Knaake's

114 2155 142 2185 B
164 2154 229 2195 (β).
274 2154 348 2185 The
364 2155 445 2185 date
461 2154 492 2184 is
506 2153 832 2194 unquestionable.]

114 2252 320 2283 ILLVSTRI
368 2251 546 2282 DOMINO
586 2252 763 2281 ERASMO
803 2251 1157 2291 ROTHERODAMO‚
1196 2248 1447 2285 VTRIVSQVE
1487 2247 1698 2277 LITTERA-

212 2320 329 2350 TVRE
358 2319 559 2350 PRINCIPI
591 2320 645 2348 ET
676 2319 1011 2349 THEOLOGORVM
1044 2318 1165 2360 DVC1,
1195 2316 1384 2348 IACOBVS
1414 2315 1595 2346 SPIEGEL

305 2387 687 2426 SELESTADIENSIS,
717 2387 981 2416 IMPERIALIS
1012 2385 1327 2425 SECRETARIVS‚
1349 2384 1381 2415 S.
1402 2384 1440 2414 P.
1462 2383 1505 2414 D.

164 2470 254 2509 PRO
281 2468 559 2507 inuictissimo
578 2467 749 2506 Polonie
778 2480 871 2518 rege
902 2467 1181 2517 Sigismundo,
1207 2466 1277 2516 qui
1305 2478 1390 2504 non
1418 2464 1574 2504 multos
1601 2467 1698 2504 ante

111 2547 243 2573 annos
261 2536 304 2572 et
326 2545 489 2572 menses
507 2532 690 2571 maxima
704 2532 877 2571 victoria
896 2532 940 2570 in
958 2531 1256 2571 Hamaxobitas
1272 2531 1388 2581 (quos
1407 2530 1488 2580 ipsi
1507 2529 1698 2569 Moschos

110 2599 332 2650 appellant)
351 2599 392 2637 et
418 2598 592 2649 Scythas
611 2598 729 2648 (quos
753 2597 944 2637 Tartaros
973 2597 1132 2646 dicunt)
1154 2596 1313 2646 potitus
1342 2597 1414 2643 est,
1442 2595 1694 2635 reuerendis-

110 2665 242 2703 simus
278 2663 473 2702 dominus
509 2663 708 2702 Erasmus
736 2662 947 2711 Vitellius,
988 2663 1201 2712 episcopus
1231 2661 1452 2708 Plocensis,
1493 2659 1694 2710 singulari

153 2778 228 2810 826.
244 2788 296 2817 31.
321 2779 393 2809 situ
410 2778 561 2818 deterso]
579 2778 672 2809 Plin.
685 2781 798 2816 Paney.
814 2788 865 2817 50.
937 2787 994 2809 see
1010 2780 1091 2807 Acta
1108 2778 1285 2808 Tomiciana
1300 2776 1350 2806 iii.
1367 2776 1440 2814 4-6.

153 2832 204 2861 41.
229 2822 469 2863 Augustinus]
486 2824 567 2853 Doct.
585 2824 695 2853 Christ.
710 2832 740 2860 4.
763 2832 799 2861 7;
826 2823 868 2853 cf.
981 2831 1011 2859 4.
1041 2819 1229 2860 Vitellius]
1262 2819 1302 2850 E.
1327 2818 1448 2850 Ciolek
1473 2820 1523 2856 (=
1545 2818 1632 2857 calf)
1660 2823 1697 2849 ot

112 2866 185 2898 Cic.
200 2869 236 2895 cle
254 2868 336 2896 Orat.
358 2875 384 2896 1.
403 2875 454 2904 55.
473 2867 546 2904 236.
938 2864 1077 2895 Cracow
1106 2864 1186 2904 (†22
1215 2863 1311 2902 Sept.
1339 2871 1442 2901 1522:
1475 2861 1522 2893 H.
1549 2861 1690 2901 Dalton,

153 2919 206 2948 44.
222 2908 395 2950 accincto]
409 2909 477 2940 For
486 2909 665 2940 Erasmus’
679 2909 868 2948 departure
936 2910 1020 2938 Jolm
1045 2918 1066 2938 α
1091 2909 1196 2946 Lasco,
1222 2907 1266 2937 tr.
1299 2906 1344 2938 M.
1374 2906 1406 2936 J.
1437 2905 1565 2944 Evans,
1597 2905 1690 2945 1886,

110 2953 204 2984 from
218 2952 322 2983 Basle
337 2961 394 2983 see
409 2962 442 2992 p.
461 2962 534 2992 392.
936 2960 968 2990 p.
985 2951 1044 2991 90)
1059 2950 1130 2981 had
1145 2950 1240 2980 risen
1262 2948 1355 2980 from
1371 2958 1391 2979 a
1405 2948 1553 2979 humble
1576 2948 1691 2988 origin

154 2996 230 3028 863.
239 3006 269 3028 2.
276 2996 440 3037 victoria]
448 2997 496 3026 At
506 2996 567 3027 the
578 2995 689 3026 battle
700 2995 864 3035 ofOrsha,
936 2997 971 3025 to
984 2994 1057 3024 win
1074 2993 1189 3024 credit
1204 2992 1295 3024 from
1311 2992 1370 3023 his
1384 2992 1537 3031 teacher,
1555 2991 1692 3022 Beroal-

111 3049 157 3071 on
170 3040 232 3071 the
247 3049 327 3079 way
342 3040 379 3070 to
396 3039 593 3079 Smolensk,
611 3039 632 3070 8
647 3039 740 3079 Sept.
759 3048 841 3078 1514
860 3050 867 3069 :
936 3036 1012 3077 dus,
1026 3039 1062 3069 at
1075 3036 1232 3076 Bologna
1245 3035 1395 3076 (EE.64)
1408 3034 1479 3066 and
1491 3034 1693 3066 confidence

175 3106 281 3126 annm<
298 3105 341 3125 111
871 3107 892 3131 C
913 3106 932 3131 C
