2034 3433
236 158 313 197 112
700 154 949 194 LETTERS
989 153 1057 191 OF
1096 151 1362 191 ERASMUS
1705 150 1830 204 [1517

645 275 781 329 689744
841 272 904 313 To
936 270 1155 311 WILLIAM
1192 269 1426 311 BUDAEth.

284 367 469 402 Deventer
486 365 561 400 Ms.
582 374 636 409 91,
656 363 680 398 f.
702 373 756 408 59.
1499 360 1676 396 Louvain.

286 425 356 460 LB.
374 424 469 470 App.
493 432 569 468 195.
1391 419 1434 454 26
1453 417 1616 455 October
1637 417 1787 465 (1517).

714 505 921 535 ERASMVS
953 505 1102 535 BVDEO
1135 505 1217 534 SVO
1250 505 1284 536 S.
1313 505 1354 534 D.

294 591 405 639 QVID
426 587 506 627 sibi
526 587 629 635 vult,
652 587 711 625 mi
732 586 908 633 Budaee,
932 587 1020 624 tam
1041 584 1230 623 subitum
1257 584 1485 634 silentium,
1508 587 1579 637 qui
1600 587 1723 637 paulo
1742 589 1840 625 ante

239 670 305 694 me
325 668 410 693 non
431 653 617 704 epistolis
636 652 706 690 sed
727 650 1016 690 voluminibus
1038 649 1273 689 obruebas‘?
1329 651 1424 701 Περὶ
1442 654 1508 690 τοῦ
1528 653 1733 698 Βασιλέως,
1755 652 1838 702 περὶ

239 723 303 759 τοῖ-
327 719 558 757 Ἐπισκόπου
578 717 723 768 quanti
741 716 901 767 pridem
921 716 1155 755 tumultus!
1186 730 1298 755 nunc
1319 716 1402 755 οὐδὲ
1420 720 1501 769 γρῦ.
1557 719 1676 757 Aueo
1696 732 1839 769 cogno-

240 799 351 825 scere
388 784 487 835 quid
526 784 707 822 monstri
751 782 898 821 alatur.
971 781 1131 820 Deinde
1175 795 1420 832 prouocaras
1458 797 1525 821 me
1562 786 1608 823 vt
1646 785 1838 823 auderem

204 869 220 899 5
240 850 415 889 scribere
445 848 613 887 domino
644 847 841 886 Deloino:
883 847 955 897 qui
985 847 1020 885 si
1050 846 1206 885 nostris
1234 846 1386 885 litteris
1416 848 1598 887 offensus
1625 851 1700 896 est,
1732 849 1840 888 bona

241 916 359 965 culpe
386 928 479 964 pars
504 927 630 965 penes
655 916 719 952 est
745 915 810 961 te:
840 926 916 951 nec
942 913 1057 950 enim
1083 912 1170 962 ipse
1197 913 1417 962 respondet
1444 914 1665 964 quiequam
1692 928 1767 953 nec
1793 917 1840 954 tu

240 982 355 1020 illius
374 980 553 1019 nomine.

296 1046 537 1086 Tunstallus
575 1045 797 1084 Zelandico
836 1044 946 1083 coelo
987 1043 1058 1082 diu
1101 1044 1362 1094 grauiterque
1401 1031 1589 1093 afflictus,
1633 1047 1843 1084 contracta

242 1112 353 1151 febre
387 1114 428 1150 et
458 1112 612 1150 amisso
647 1109 801 1160 Brugis
830 1108 1048 1158 praecipuo
1081 1108 1248 1156 famulo,
1281 1108 1444 1147 duobus
1477 1109 1632 1148 relictis
1664 1111 1848 1161 grauiter

188 1195 226 1217 10
244 1177 396 1228 egrotis
433 1176 478 1214 in
516 1188 635 1214 suam
674 1174 875 1224 Angliam
912 1187 955 1213 se
996 1174 1162 1224 recepit.
1226 1174 1306 1213 Fac
1344 1176 1389 1213 vt
1426 1175 1646 1226 aliquoties
1683 1176 1846 1215 homini

244 1243 420 1282 scribas:
450 1242 568 1281 crede
601 1241 718 1289 mihi,
754 1240 863 1278 nihil
895 1253 941 1278 eo
974 1239 1064 1277 viro
1102 1240 1317 1289 syncerius
1355 1254 1487 1291 neque
1525 1241 1745 1292 quisquam
1781 1241 1846 1280 tui

247 1309 429 1347 nominis
460 1306 694 1346 studiosior.
754 1306 896 1344 Morus
927 1305 1050 1354 Regis
1079 1305 1144 1343 sui
1174 1305 1345 1343 nomine
1374 1305 1557 1356 legatum
1585 1307 1671 1357 agit
1699 1307 1841 1347 caleti.

246 1374 532 1423 Hieronymus
552 1371 779 1419 Buslidius,
804 1370 1048 1410 cancellarii
1067 1371 1199 1408 nostri
1224 1370 1268 1409 in
1294 1370 1546 1422 Hispaniam
1566 1385 1713 1420 comes,
1736 1373 1846 1423 apud

246 1439 454 1478 Vascones
485 1438 632 1488 periit:
667 1437 702 1475 is
735 1450 784 1474 ex
814 1436 952 1487 legato
982 1436 1167 1475 instituit·
1199 1436 1375 1475 Louanii
1405 1437 1639 1487 collegium,
1669 1437 1733 1490 <in
1764 1451 1847 1488 quo

192 1520 229 1552 15
248 1505 469 1543 tradantur
499 1506 583 1542 tres
615 1503 793 1552 linguae,
826 1500 986 1552 Greca‚>
1015 1501 1165 1539 Latina
1193 1503 1234 1540 et
1265 1501 1482 1541 Hebraica.
1544 1503 1702 1553 Ianque
1732 1504 1847 1542 adest

251 1570 454 1617 Hebreus,
478 1569 605 1607 huius
624 1568 744 1606 etatis
765 1567 955 1606 omnium
980 1566 1135 1605 iudicio
1163 1567 1439 1615 doctissimus,
1465 1569 1634 1607 nomine
1656 1569 1847 1608 Matheus

249 1635 472 1674 Adrianus.
536 1635 692 1673 Grecus
721 1632 871 1682 aliquis
896 1634 958 1671 est
983 1632 1176 1671 alicunde
1201 1634 1480 1672 accersendus.
1539 1634 1653 1672 Bene
1679 1635 1781 1684 vale,
1807 1638 1847 1673 et-

251 1701 441 1741 animum
486 1699 680 1750 scrupulo
719 1698 859 1737 libera.
929 1697 1109 1736 Louanii
1156 1711 1174 1746 7
1219 1698 1304 1738 Cal.
1340 1699 1544 1738 Nouemb.

307 1766 539 1809 Henricum
560 1765 802 1804 Glarianum
821 1764 973 1803 iterum
993 1766 1115 1813 atque
1134 1763 1287 1802 iterum
1308 1764 1387 1803 tibi
1407 1765 1659 1803 commendo.

691 1896 844 1936 064690.
905 1894 969 1935 To
998 1895 1193 1936 THOMAS
1225 1894 1417 1936 LUPSET.

301 1990 488 2025 Dei-enter
506 1987 581 2022 MS.
602 1998 658 2032 91,
678 1987 702 2021 f.
724 1995 775 2031 57.
1519 1985 1693 2020 Louvain.

304 2048 377 2082 LB.
397 2048 492 2093 App.
514 2048 588 2090 196.
1410 2045 1454 2078 26
1472 2043 1634 2080 October
1651 2042 1804 2090 (1517).

710 2136 917 2167 ERASMVS
949 2135 1146 2166 LVPSETO
1179 2135 1261 2165 SVO
1293 2136 1326 2166 S.
1354 2136 1395 2166 D.

313 2221 500 2258 OBSECRO
527 2220 577 2265 te,
603 2217 711 2255 vnde
740 2216 997 2255 coniectabas
1023 2229 1090 2254 me
1117 2215 1196 2254 tibi
1221 2229 1308 2254 esse
1336 2216 1522 2254 iratum?
1577 2217 1648 2254 An
1675 2215 1785 2265 quod
1810 2215 1855 2253 in

257 2286 409 2324 litteris
441 2287 528 2323 tani
568 2285 756 2321 amanter
788 2281 1018 2320 admonui?
1085 2281 1193 2320 Nam
1228 2281 1336 2331 quod
1375 2281 1483 2319 nihil
1520 2282 1774 2331 scripseram,
1808 2283 1856 2318 tu

260 2351 392 2401 magis
412 2349 690 2397 smeensebas,
713 2348 784 2398 qui
804 2347 1024 2398 postremis
1043 2346 1194 2386 litteris
1221 2346 1329 2385 nihil
1354 2347 1624 2395 responderis.
1681 2347 1721 2385 A
1741 2345 1858 2384 Moro

260 2415 394 2466 recepi
413 2412 866 2465 decla<ma>eiunculam
887 2415 926 2451 et
946 2415 1153 2463 praeterea
1173 2412 1310 2451 nescio
1330 2411 1440 2461 quid.
1492 2411 1536 2450 Is
1555 2413 1672 2450 tuam
1691 2423 1857 2449 causam

223 2497 241 2528 5
261 2480 544 2520 amantissime
563 2479 660 2529 egit,
683 2479 847 2517 etiamsi
872 2477 981 2516 nihil
1008 2479 1094 2516 erat
1120 2490 1248 2526 opus3
1278 2489 1371 2515 sum
1397 2476 1511 2515 enim
1530 2477 1692 2525 meapte
1711 2477 1857 2525 sponte

261 2547 311 2585 ad
332 2548 373 2584 te
392 2545 618 2585 amandum
645 2557 883 2594 propensus,
905 2556 978 2581 nec
1005 2543 1115 2581 vinci
1140 2556 1207 2581 me
1232 2541 1375 2592 patiar.
1422 2541 1706 2591 Appendicem
1732 2540 1859 2590 Copie

309 2649 384 2680 689.
413 2657 439 2678 1.
465 2647 586 2690 Budee
610 2650 679 2677 MS.
842 2657 873 2685 3.
899 2646 1068 2676 timultus
1091 2647 1183 2675 MS:
1207 2646 1244 2682 cf.
1264 2646 1322 2680 Ep.
1341 2644 1415 2681 824.
1433 2644 1463 2674 6.
1636 2651 1685 2673 12.
1711 2642 1859 2673 nomine

265 2695 355 2722 MS:
380 2702 455 2723 corr.
480 2693 543 2722 LB.
695 2700 741 2728 14.
768 2691 807 2720 in
832 2699 902 2729 quo
926 2712 935 2720 .
961 2713 968 2721 .
994 2712 1001 2720 .
1030 2698 1079 2727 15.
1105 2688 1216 2719 Greoa
1242 2689 1363 2726 addidi,
1389 2689 1560 2717 secundum
1589 2687 1648 2722 Ep.
1672 2695 1744 2725 707.
1767 2687 1798 2725 8,
1827 2696 1857 2725 9.

270 2737 316 2766 18.
343 2738 413 2765 LB:
440 2735 556 2765 libero
572 2737 641 2764 MS.
776 2734 850 2765 690.
874 2743 903 2763 2.
930 2732 1099 2764 admonui
1116 2733 1188 2763 LB:
1209 2731 1343 2760 amonii
1358 2732 1427 2760 MS.

310 2824 385 2854 689.
403 2833 432 2861 3.
449 2822 607 2863 pridem]
625 2822 666 2852 in
683 2822 771 2862 Epp.
789 2831 852 2861 522
869 2820 941 2851 and
956 2820 1028 2859 568.
1144 2819 1176 2848 6.
1199 2816 1465 2857 Appendicem]
1506 2817 1664 2856 Perhaps
1708 2816 1770 2847 the
1818 2819 1860 2846 De

310 2877 339 2903 4.
365 2866 591 2907 prouocaras]
610 2866 663 2897 Cf.
682 2865 744 2905 Ep.
764 2875 837 2905 493.
856 2875 918 2903 411
938 2873 1008 2903 seq.
1096 2864 1205 2900 pueris
1213 2864 1320 2891 statim
1330 2871 1365 2892 ac
1375 2863 1541 2891 liberaliter
1551 2861 1758 2899 instituendis,
1767 2868 1859 2890 com-

311 2918 341 2948 5.
369 2909 518 2949 litteris]
543 2910 606 2950 Ep.
627 2918 701 2948 535.
1102 2905 1209 2946 posed
1218 2905 1265 2943 by
1276 2905 1444 2935 Erasmus
1462 2904 1501 2935 in
1519 2903 1627 2943 Italy,
1640 2903 1711 2934 and
1726 2903 1765 2933 in
1781 2904 1860 2942 part

311 2954 342 2983 8.
368 2953 590 2993 Ttmstallus]
609 2953 659 2984 Cf.
679 2953 741 2992 Ep.
761 2952 836 2990 663.
1104 2948 1261 2980 restored
1274 2950 1310 2978 to
1324 2947 1401 2978 him
1419 2948 1465 2987 by
1476 2947 1608 2987 Lupset
1626 2947 1665 2977 in
1681 2947 1766 2985 1516
1777 2946 1856 2987 (Ep.

321 2996 396 3027 690.
421 3005 452 3035 3.
476 2996 507 3027 A
523 2995 640 3036 Mero]
659 2996 710 3027 Cf.
727 2995 790 3035 Ep.
810 3004 885 3033 502.
1103 3002 1177 3032 502.
1203 2992 1317 3030 9—12).
1366 2991 1534 3022 Erasmus
1568 2990 1728 3029 inquires
1754 2989 1808 3020 tor
1831 2989 1859 3018 it
