2034 3433
148 151 245 206 769]
503 154 657 195 rRoM
693 156 844 197 JOHN
886 157 1073 198 MAIER
1111 160 1181 200 oF
1220 160 1332 200 EcK
1661 165 1738 202 211

144 255 317 306 legitur:
352 258 557 298 ‘Proinde
582 259 711 298 miror
730 259 1017 311 Euangelistas
1043 263 1192 302 abusos
1218 264 1296 302 hoc
1316 264 1451 313 verbo,
1476 266 1585 314 quod
1609 267 1740 316 magis

142 321 361 362 videbatur
379 324 623 374 fugiendum
639 325 670 362 ἐ
699 325 879 375 loqueris
899 327 947 364 de
967 328 1094 366 verbo
1115 328 1333 378 θεραπεύων.
1390 330 1449 368 At
1470 329 1538 368 hic
1557 331 1740 381 Euange-

141 386 334 426 listarum
372 391 674 438 praeceptorem
708 391 749 428 te
780 390 910 429 facere
944 391 1108 440 videris,
1145 394 1186 431 et
1219 393 1318 443 quid
1351 394 1566 434 scribendo
1599 395 1740 445 fugere
1761 405 1799 438 75

142 451 381 492 debuissent
406 454 586 504 aperire:
614 468 660 493 ac
685 454 721 493 si
747 468 832 493 non
858 455 959 494 satis
985 457 1214 506 propicium
1240 459 1282 497 et
1303 459 1471 498 doctum
1495 459 1740 499 habuissent

142 516 448 557 afformatorem
487 519 691 568 Spiritum
729 522 933 568 sanctum,
972 521 1090 560 cuius
1132 522 1430 573 negligentiam
1468 526 1510 563 te
1547 527 1641 574 post
1677 527 1740 563 tot

142 582 280 621 secula
317 583 507 633 supplere
545 585 759 633 oporteret.
819 584 956 624 Pauca
985 585 1135 632 adfero,
1168 587 1405 627 doctissime
1437 589 1618 638 Erasme,
1653 603 1738 629 non

141 648 186 684 vt
215 659 449 698 oppugnem
479 648 550 687 sed
578 651 624 688 vt
652 649 1030 689 commonefaciam.

195 711 413 751 Postremo
432 712 621 763 pluribus
637 714 1022 763 praeteritis—nam
1039 715 1074 754 si
1089 715 1189 754 haec
1208 717 1286 755 tibi
1301 717 1502 766 placuisse
1520 731 1734 769 agnouero,
1755 725 1796 756 80

140 776 334 815 sedulum
362 778 579 828 praestabo
606 779 989 819 monitorem—hoc
1019 793 1068 818 ex
1098 794 1189 819 meo
1217 782 1377 831 addam,
1408 783 1478 832 qui
1505 783 1736 833 Augustini

141 841 374 880 doctrinam
393 843 769 882 eminentissimam
790 844 835 882 in
855 844 1002 894 primis
1021 848 1114 895 post
1134 859 1294 885 sacrum
1314 860 1513 886 canonem
1532 861 1578 886 ac
1598 849 1734 887 Eccle-

140 906 222 945 siae
261 910 423 946 sanctae
462 908 621 947 decreta
658 908 838 959 suspicio
876 911 918 947 et
954 923 1138 949 veneror.
1204 911 1364 950 Idcirco
1401 912 1592 962 displicet
1629 914 1736 952 mihi

138 970 342 1010 iudicium
374 975 507 1021 tuum,
543 973 651 1022 quod
686 973 734 1011 de
765 973 1003 1023 Augustino
1037 988 1160 1024 super
1189 974 1346 1014 Ioanne
1384 977 1529 1025 affers3
1569 977 1734 1028 ‘Impu-

140 1037 434 1075 dentissimum
450 1038 458 1053 ⁹
478 1038 627 1077 asseris
649 1038 850 1076 ‘alterum
879 1038 999 1077 alteri
1026 1041 1252 1090 comparari
1265 1041 1285 1079 '.
1344 1042 1404 1080 At
1430 1055 1503 1091 ego
1527 1042 1734 1081 Francisci
1753 1047 1793 1088 85

140 1101 352 1152 Philelphi
375 1103 576 1141 iudicium
595 1103 690 1153 plus
710 1103 843 1151 laudo,
869 1103 939 1153 qui
964 1104 1023 1142 ita
1042 1104 1091 1142 de
1110 1105 1162 1143 iis
1186 1106 1342 1154 statuit,
1367 1107 1475 1157 quod
1500 1108 1571 1146 ‘A.
1595 1108 1735 1158 Augu-

138 1167 275 1205 stinus
300 1167 468 1215 acutior,
491 1167 674 1217 peritior,
697 1169 736 1206 et
764 1168 955 1206 subtilior
979 1168 1106 1207 fuerit
1133 1169 1177 1207 in
1204 1171 1320 1208 omni
1344 1171 1614 1222 philosophia,
1638 1172 1734 1211 huic

139 1231 423 1282 Hieronymus
455 1232 686 1282 plurimum
719 1232 970 1282 praestiterit
1004 1233 1166 1272 dicendi
1198 1235 1405 1285 elegantia
1437 1237 1577 1286 potius
1610 1251 1733 1287 quam

139 1297 371 1344 doctrina'3
401 1297 599 1335 claudens
624 1297 842 1347 epistolam
869 1297 938 1346 ait,
965 1298 1101 1347 ‘Quod
1127 1301 1162 1338 si
1181 1314 1230 1338 ex
1254 1301 1306 1339 iis
1326 1301 1485 1340 duobus
1504 1316 1611 1341 vnus
1630 1303 1734 1341 effici

137 1361 349 1411 potuisset,
373 1361 479 1400 nihil
500 1361 730 1401 absolutius
750 1363 900 1401 natura
918 1363 1166 1403 aedidisset.'
1215 1365 1270 1403 Et
1289 1366 1398 1415 quod
1418 1366 1666 1416 Philelphus
1685 1367 1733 1406 de
1752 1377 1795 1408 90

137 1426 408 1476 philosophia,
434 1427 513 1465 hoc
539 1426 696 1465 eruditi
722 1440 866 1465 omnes
892 1428 938 1466 in
956 1428 1166 1479 theologia
1192 1430 1241 1468 de
1266 1430 1503 1479 Augustino
1528 1433 1729 1470 statuunt.

137 1491 431 1541 Vnusquisque
470 1492 576 1530 bene
609 1492 762 1531 iudicat
797 1506 899 1542 quae
931 1493 1034 1532 bene
1067 1494 1196 1543 nouit,
1234 1495 1292 1533 ait
1326 1495 1554 1546 Stragirita.
1615 1497 1731 1535 Nihil

135 1557 275 1595 autem
299 1558 361 1595 est
387 1557 496 1607 quod
520 1557 599 1595 tibi
626 1557 764 1596 deesse
785 1557 985 1597 Erasmici
1007 1572 1151 1598 omnes
1179 1559 1279 1598 adeo
1308 1562 1622 1610 conquerantur,
1651 1562 1731 1600 nisi

135 1620 244 1672 quod
264 1623 316 1660 A.
334 1622 619 1671 Augustinum
639 1635 723 1660 non
742 1622 900 1673 legeris.
963 1623 1059 1661 Noli
1079 1637 1184 1674 ergo,
1206 1624 1388 1673 Erasme,
1408 1627 1573 1664 tantum
1594 1626 1732 1665 Eccle-

134 1685 218 1725 siae
232 1686 392 1735 lumen,
407 1700 488 1736 quo
506 1688 598 1737 post
615 1687 771 1736 primas
785 1687 991 1726 Ecclesiae
1007 1687 1220 1727 columnas
1235 1689 1400 1728 nullum
1415 1690 1496 1728 fuit
1511 1690 1727 1739 illustrius,
1751 1703 1790 1735 95

136 1753 205 1790 tuo
230 1751 383 1790 iudicio
410 1750 688 1790 obtenebrare.
746 1753 937 1802 Agnosce
960 1753 1100 1802 potius
1125 1753 1414 1793 doctissimum
1438 1754 1566 1793 fuisse
1588 1757 1730 1805 Augu—

135 1817 307 1865 stinum,
337 1816 425 1855 eius
453 1817 701 1867 amplectere
731 1818 894 1867 scripta,
928 1831 1093 1856 versare
1123 1819 1168 1856 in
1199 1819 1282 1858 illis
1315 1833 1403 1857 non
1436 1819 1705 1870 indiligenter
1720 1837 1730 1869 ;

135 1881 546 1931 impudentissimum
572 1883 751 1932 profecto
771 1896 867 1921 eum
893 1882 1094 1921 iudicabis
1114 1883 1185 1933 qui
1211 1884 1391 1935 aliquem
1419 1898 1468 1923 ex
1495 1885 1730 1925 doctoribus

135 1946 364 1985 eruditione
384 1947 620 1997 Augustino
640 1948 788 1986 audeat
806 1948 1020 1998 praeferre.

190 2010 272 2049 His
298 2012 488 2061 pauculis
513 2014 553 2051 te
577 2012 801 2051 admonere
819 2013 945 2061 volui,
967 2013 1027 2051 mi
1054 2013 1235 2062 Erasme,
1258 2014 1448 2052 omnium
1474 2014 1545 2064 qui
1571 2015 1730 2064 spirant
1751 2030 1812 2052 100

137 2075 484 2126 eloquentissime,
506 2079 579 2115 aut
599 2077 739 2127 potius
759 2091 902 2117 ansam
921 2078 1114 2128 praebere
1140 2091 1221 2128 quo
1241 2091 1458 2127 synceram
1476 2079 1668 2130 piamque
1686 2080 1729 2118 in

136 2140 203 2179 his
234 2140 458 2191 explicares
492 2142 766 2180 sententiam:
808 2144 855 2181 vt
887 2142 931 2180 hi
963 2142 1034 2192 qui
1063 2144 1103 2180 te
1136 2142 1334 2192 singulari
1366 2143 1506 2181 fauore
1539 2143 1590 2181 ob
1620 2157 1729 2193 prae-

137 2205 357 2244 cellentem
387 2206 666 2245 eruditionem
699 2207 832 2245 veluti
860 2209 1076 2256 parentem
1106 2207 1258 2255 colunt,
1289 2207 1511 2246 obseruant
1538 2221 1583 2246 ac
1613 2222 1730 2248 vene-

135 2273 293 2319 rantur,
324 2284 347 2309 a
376 2271 600 2309 virulentis
634 2271 978 2310 calumniatorum
1011 2271 1165 2321 linguis
1199 2274 1240 2310 et
1269 2272 1627 2322 vitilitigatoribus
1657 2276 1729 2312 tua

136 2336 356 2375 defendere
375 2337 416 2374 et
435 2336 563 2374 tutari
581 2336 753 2386 possint,
772 2337 813 2374 et
833 2336 958 2374 simul
979 2335 1168 2374 sinistras
1193 2336 1439 2375 submouere
1459 2337 1722 2387 suspiciones.
1750 2354 1808 2385 105

137 2401 253 2450 Quod
274 2414 369 2439 vero
388 2400 438 2439 ad
461 2413 527 2439 me
545 2401 706 2449 attinet,
729 2400 812 2440 scio
833 2401 1014 2450 profecto
1033 2403 1074 2438 te
1101 2400 1206 2439 mihi
1228 2414 1314 2439 non
1333 2401 1471 2440 solum
1490 2414 1574 2440 non
1594 2402 1724 2451 irasci,

135 2466 206 2504 sed
226 2467 268 2504 et
289 2465 439 2516 gratias
458 2465 715 2513 habiturum,
738 2466 809 2516 qui
835 2466 1008 2504 Erasmo
1027 2479 1102 2504 suo
1123 2466 1185 2514 (ex
1210 2466 1326 2504 cuius
1351 2466 1728 2506 elucubrationibus

136 2530 329 2570 nonnihil
355 2531 520 2581 profeci,
542 2544 566 2570 a
591 2531 747 2570 teneris
775 2531 896 2569 annis
924 2531 1156 2569 minoribus
1185 2530 1267 2569 tuis
1292 2531 1465 2580 Adagiis
1493 2531 1727 2581 institutus)

178 2621 229 2659 87.
254 2623 290 2651 et
306 2625 376 2651 ante
391 2621 543 2660 peritior
558 2625 634 2652 add.
651 2624 694 2652 H.
887 2622 939 2661 89.
963 2621 1008 2651 iis
1023 2624 1052 2650 D
1066 2632 1071 2650 :
1097 2621 1156 2651 his
1172 2622 1213 2652 H.
1401 2630 1453 2660 92.
1481 2621 1651 2661 Stagirita
1667 2621 1723 2653 N3.

135 2674 187 2703 93.
215 2664 304 2695 adeo
320 2674 376 2695 om.
395 2663 460 2702 D2,·
483 2668 534 2695 sed
549 2667 587 2703 cf.
605 2667 666 2702 Ep.
687 2666 760 2704 844.
781 2666 853 2696 168.
1006 2674 1076 2702 104.
1103 2663 1158 2703 ΝΞ,
1177 2666 1252 2694 LB:
1277 2663 1556 2704 vitiligatoribus
1572 2668 1609 2703 D,
1628 2668 1724 2697 Lond.

140 2709 210 2738 106.
237 2717 309 2738 non
326 2711 397 2738 ante
412 2709 518 2739 irasci
535 2711 610 2739 add.
626 2708 680 2740 D‘·'.

180 2786 233 2822 84.
258 2794 365 2824 super
380 2784 534 2825 Ioanne]
553 2784 653 2824 chap.
669 2794 721 2815 21.
969 2783 1176 2822 frequently
1188 2784 1309 2814 writes
1322 2785 1495 2821 Strayyrtta
1508 2794 1516 2821 3
1540 2793 1608 2824 e.g.
1619 2784 1657 2814 in
1668 2783 1727 2815 his

181 2827 234 2866 85.
261 2827 402 2868 asseris]
420 2838 454 2867 p.
472 2837 546 2867 373.
970 2829 1128 2858 Orationes
1146 2826 1260 2866 (1513)
1279 2826 1316 2859 ff.
1334 2826 1368 2856 a⁴¹
1380 2828 1428 2866 v⁰‚
1444 2827 1540 2866 b²v⁰,
1559 2827 1672 2867 (1515)
1688 2828 1723 2858 ff.

180 2871 232 2902 86.
259 2870 520 2911 Philelphi]1n
533 2871 672 2902 aletter
682 2871 789 2902 dated
804 2881 902 2910 14493
968 2870 1015 2901 ΑΨ·
1038 2873 1088 2909 v0,
1115 2870 1141 2900 C
1158 2872 1207 2909 v0,
1234 2870 1306 2900 and
1327 2879 1373 2900 on
1394 2870 1457 2901 the
1482 2870 1664 2910 title-page
1692 2872 1730 2901 of

138 2914 202 2945 the
220 2914 290 2944 last
307 2915 347 2945 in
364 2915 421 2945 bk.
441 2915 477 2945 vi
495 2914 534 2945 of
554 2914 613 2946 his
631 2914 767 2946 letters.
826 2915 900 2945 The
968 2914 1026 2944 his
1042 2915 1290 2952 eommentary
1302 2922 1347 2944 on
1360 2913 1533 2944 Aristotle
1550 2913 1586 2954 (1.
1604 2923 1645 2944 10
1659 2914 1726 2955 n.).

138 2957 220 2988 first
236 2956 428 2997 quotation
444 2958 527 2989 here
544 2957 575 2989 is
591 2958 754 2997 adapted.
1015 2957 1086 2988 108.
1113 2957 1312 2987 minoribus
1326 2980 1334 2988 .
1348 2980 1355 2987 .
1370 2980 1378 2988 .
1392 2956 1556 2998 Adagiis]
1579 2957 1643 2988 See
1661 2957 1725 2997 Ep.

181 3011 233 3041 92.
260 3000 466 3042 Stragirita]
482 3003 552 3033 Em.
570 3003 639 3033 Nic.
661 3010 688 3032 1.
710 3010 742 3040 3.
760 3010 791 3041 5.
827 3000 899 3032 Eck
973 3003 1043 3032 126.

897 3067 963 3094 1²2
