2034 3433
334 156 415 194 466
798 154 1051 193 LETTERS
1089 154 1160 193 OF
1197 152 1463 193 ERASMUS
1804 153 1930 208 [1519

272 274 317 304 40
335 260 652 300 salutationem'
680 272 755 309 pro
789 258 948 296 ‘dicere
975 258 1201 306 salutem'3
1234 258 1277 297 id
1308 259 1416 308 quod
1446 258 1518 296 ille
1546 258 1664 308 ponit
1691 271 1782 309 pag.
1811 273 1844 299 a.
1870 260 1928 298 iii.

337 323 521 362 Rursum
540 336 629 372 pag.
654 334 686 360 a.
711 321 764 368 vi,
785 322 874 359 ‘Me
900 321 944 359 in
973 320 1158 359 derisum
1177 321 1305 360 habes
1320 322 1340 361 ⁹.
1403 322 1585 360 Rursum
1606 321 1760 369 eadem,
1786 323 1932 360 ‘Occu-

335 388 522 438 pationes
543 390 637 425 tuae
656 386 932 424 excusationis
950 386 1089 424 locum
1109 386 1264 424 habent
1277 387 1285 402 ’
1301 386 1350 424 de
1369 399 1444 425 suo
1463 385 1634 424 addidit.
1684 386 1794 424 Item
1813 398 1847 425 a.
1862 386 1932 432 vii,

339 456 452 504 ‘Ago
472 453 548 491 tibi
567 452 721 502 gratias
749 451 820 501 qui
841 451 1076 490 litterarum
1096 451 1305 490 fasciculis
1329 464 1406 490 nos
1433 451 1659 489 onerasti’:
1689 463 1775 489 non
1804 451 1935 490 sensit

336 520 402 566 qui
422 530 588 567 poscere
612 517 783 555 modum
804 516 1134 563 subiunctiuum,
1159 517 1168 534 ⁴
1182 517 1255 566 qui
1278 529 1354 555 nos
1378 517 1558 555 oneraris
1571 516 1592 555 '.
1652 516 1762 554 Item
1788 528 1827 554 a.
1847 515 1932 561 viii,

276 600 316 629 45
340 584 429 621 ‘Ad
464 582 607 621 clunes
637 582 903 621 mundandos
915 583 934 629 ³,
969 582 1112 620 clunes
1144 581 1264 632 ponit
1294 595 1367 631 pro
1401 582 1565 620 diuersa
1594 581 1774 631 corporis
1805 583 1931 631 parte.

339 648 498 686 Rursus
536 647 703 694 ibidem,
731 648 895 686 ‘Laudo
928 650 969 685 te
1002 647 1139 685 virum
1174 647 1470 697 praestitisse':
1516 647 1608 697 quis
1639 647 1707 685 vel
1739 647 1844 686 Geta
1879 647 1935 685 sic

336 713 551 763 loquitur?

391 779 470 817 Sed
490 778 634 817 desino
654 779 784 826 plura,
804 791 857 816 ne
872 778 1019 817 lectori
1035 779 1113 816 sim
1134 778 1362 825 molestus;
1392 790 1487 815 cum
1501 777 1600 816 haec
1621 777 1704 815 sint
1725 776 1771 815 in
1791 777 1938 827 primis

337 843 519 894 pagellis.
580 843 826 893 Quanquam
847 846 947 882 sunt
973 843 1017 881 in
1044 843 1110 881 his
1137 845 1178 881 et
1204 842 1284 881 alia
1309 856 1414 893 quae
1440 842 1547 881 mihi
1572 855 1658 881 non
1684 842 1938 891 probantur:

278 926 319 956 50
338 922 516 960 quorum
537 912 600 948 est
620 908 737 955 illud,
765 911 865 959 ‘qua
883 908 1126 947 valetudine
1145 921 1189 946 es
1216 908 1458 958 praeditus?
1471 909 1480 924 ³
1537 908 1663 946 Recte
1684 907 1861 946 forsitan
1881 908 1938 945 sic

339 975 488 1014 dixerit
515 976 718 1023 medicus,
737 975 773 1013 si
800 975 850 1014 de
876 977 1072 1025 perpetua
1098 974 1278 1024 corporis
1305 974 1410 1013 crasi
1435 975 1757 1024 percontaretur,
1780 987 1865 1012 non
1891 974 1939 1011 de

338 1041 545 1091 praesenti
565 1041 747 1091 corporis
768 1042 892 1079 statu.

392 1106 635 1145 Admonui:
679 1119 772 1144 meo
806 1119 901 1145 sum
937 1105 1070 1144 officio
1100 1106 1283 1144 functus.
1344 1105 1526 1143 Posthac
1559 1105 1595 1143 si
1628 1105 1721 1154 quis
1753 1105 1864 1143 vltro
1897 1118 1940 1142 se

339 1171 465 1218 fallet,
504 1171 583 1210 sibi
620 1172 813 1221 imputet.
888 1171 1070 1211 Holonio
1109 1185 1194 1210 non
1232 1171 1411 1219 inuideo,
1450 1171 1486 1209 si
1525 1171 1623 1221 quid
1663 1170 1762 1209 hinc
1799 1170 1941 1209 lucelli

278 1252 319 1283 55
340 1236 519 1275 corrasit.
580 1236 659 1274 Sed
687 1237 840 1286 gratias
860 1238 1027 1275 acturus
1046 1250 1131 1276 non
1157 1251 1251 1276 sum
1278 1237 1450 1285 homini,
1473 1237 1556 1275 nisi
1585 1250 1653 1275 me
1678 1236 1760 1275 alio
1785 1236 1941 1275 demer-

340 1302 445 1340 uerit
465 1302 623 1348 officio3
654 1316 777 1352 quem
798 1302 835 1341 si
863 1305 1017 1353 pergat,
1040 1316 1089 1340 ex
1111 1302 1298 1341 Holonio
1317 1302 1517 1340 faciemus
1543 1302 1781 1352 holopolam
1801 1304 1883 1349 aut,
1906 1303 1941 1340 si

341 1367 468 1415 malit,
491 1367 763 1417 holopolium.
820 1369 912 1406 Scio
933 1381 1020 1406 non
1040 1381 1127 1406 esse
1147 1368 1284 1407 leuem
1305 1367 1503 1406 iniuriam
1522 1368 1642 1406 edere
1663 1381 1755 1406 meo
1774 1367 1942 1406 nomine

341 1433 450 1482 quod
470 1446 612 1471 meum
632 1446 717 1471 non
737 1436 810 1480 est,
833 1435 1078 1483 praesertim
1101 1447 1168 1472 me
1193 1434 1427 1484 superstite.
1489 1434 1569 1473 Sed
1590 1433 1942 1483 quemadmodum

343 1498 515 1538 Balaam
534 1499 605 1537 ille
625 1512 709 1537 non
730 1499 956 1538 admodum
983 1499 1152 1549 expauit
1177 1499 1228 1537 ad
1253 1512 1395 1537 vocem
1420 1499 1561 1537 asinae
1585 1499 1808 1549 loquentis,
1832 1499 1939 1549 quod

282 1570 324 1600 60
342 1565 543 1603 monstris
569 1564 832 1612 assueuisset,
857 1565 916 1602 ita
943 1578 1017 1614 ego
1043 1565 1242 1614 quoniam
1268 1565 1318 1602 ad
1348 1565 1528 1603 maiores
1555 1565 1832 1604 contumelias
1856 1565 1940 1603 iam

343 1630 527 1678 occallui,
557 1630 700 1668 minus
727 1630 776 1668 ad
805 1630 903 1668 haec
928 1630 1039 1668 leuia
1064 1643 1336 1669 commoueor.
1396 1629 1569 1680 Alioqui
1598 1643 1683 1668 non
1711 1629 1850 1668 aberat
1878 1642 1943 1667 res

343 1695 393 1734 ab
432 1696 560 1734 atroci
596 1696 761 1742 iniuria,
796 1696 963 1734 etiamsi
997 1695 1164 1734 libellus
1201 1709 1225 1735 a
1259 1708 1324 1733 me
1361 1695 1618 1745 conscriptus
1650 1695 1821 1733 fuisset:
1862 1695 1943 1733 nisi

343 1762 518 1800 forsitan
557 1761 754 1811 quicquid
795 1761 1050 1812 experientes
1087 1761 1303 1809 calamum,
1339 1760 1533 1811 quicquid
1574 1760 1704 1810 pueri,
1746 1760 1941 1810 quicquid

344 1827 479 1875 soluti,
504 1826 701 1877 quicquid
729 1827 857 1874 vuidi,
883 1826 1079 1877 quicquid
1106 1828 1294 1865 amantes
1320 1829 1390 1865 aut
1417 1826 1513 1865 irati
1538 1826 1693 1865 chartis
1721 1825 1940 1873 minimus,

284 1896 324 1937 65
345 1892 384 1930 id
419 1891 553 1930 cuiuis
583 1892 648 1930 ius
681 1892 759 1930 erit
787 1892 901 1942 typis
931 1904 1127 1930 excusum
1161 1891 1252 1929 orbi
1283 1891 1458 1929 tradere.
1517 1891 1629 1939 Quae
1663 1890 1834 1929 tandem
1865 1890 1944 1929 ista

344 1957 513 1995 licentia
544 1970 611 1994 me
642 1957 865 2007 superstite
899 1957 1005 1995 mihi
1036 1957 1262 1996 asscribere
1295 1956 1489 2007 quicquid
1520 1955 1668 2006 cuique
1696 1956 1943 1994 collubitum

345 2022 470 2061 fuerit
490 2024 531 2061 et
551 2022 711 2061 alienae
731 2023 866 2061 famae
886 2023 1069 2073 periculo
1089 2023 1253 2061 ludere!
1298 2022 1354 2061 Et
1373 2024 1513 2060 tamen
1534 2021 1732 2072 quoniam
1752 2021 1943 2060 libellum

345 2087 497 2137 vbique
518 2088 667 2137 corripi
687 2088 893 2136 videbam,
918 2088 1145 2138 perlectum
1171 2087 1499 2136 emendauimus,
1524 2100 1576 2125 ne
1594 2087 1795 2125 iuuentus
1814 2087 1944 2125 nostri

347 2153 530 2191 nominis
548 2152 756 2191 lenocinio
784 2154 953 2204 decepta
978 2153 1231 2192 soloecismis
1256 2153 1502 2191 inficeretur.
1561 2153 1674 2191 Bene
1693 2152 1795 2199 vale,
1817 2151 1944 2190 lector

286 2231 329 2263 70
348 2218 513 2268 optime.

401 2283 590 2322 Louanii.
650 2285 733 2322 An.
756 2297 934 2323 M D.X1x.
996 2284 1070 2322 cal.
1095 2284 1153 2322 Ia.

391 2414 445 2443 51.
477 2407 650 2444 perpetua
671 2414 738 2444 osy:
768 2414 827 2435 om.
851 2405 904 2438 βδ.
1070 2405 1123 2443 56.
1156 2413 1263 2443 quem
1287 2427 1295 2436 .
1321 2426 1330 2435 .
1357 2427 1364 2435 .
1390 2413 1443 2443 57.
1468 2402 1688 2443 holopolium
1711 2413 1777 2443 ²²7²
1806 2413 1864 2433 om.
1890 2404 1942 2437 βδ.

348 2449 400 2479 61.
426 2447 573 2487 Alioqui
591 2471 598 2479 .
617 2472 625 2479 .
643 2472 651 2479 .
670 2449 723 2487 69.
742 2448 952 2479 inficeretur
967 2459 1008 2487 <²7
1025 2459 1032 2478 z
1055 2458 1113 2478 om.
1132 2449 1184 2482 βδ.

350 2564 388 2593 in
406 2564 469 2594 the
486 2565 556 2594 two
572 2562 835 2594 unauthorized
848 2562 1005 2594 editions
1019 2572 1026 2602 ;
1050 2563 1114 2593 but
1184 2564 1275 2593 forte
1292 2565 1386 2593 recte
1404 2562 1547 2599 dixeris,
1564 2562 1594 2592 si
1619 2562 1663 2592 de
1686 2563 1856 2602 perpetua
1871 2572 1944 2593 cor-

351 2608 388 2637 in
417 2608 504 2646 αβγδ
532 2607 620 2646 they
648 2616 706 2638 are
735 2606 926 2638 corrected.
975 2606 1021 2636 In
1052 2606 1114 2636 the
1183 2607 1279 2647 poris
1300 2608 1543 2646 temperatura
1563 2606 1794 2645 perconteris,
1812 2615 1884 2637 non
1901 2606 1944 2636 de

351 2652 430 2683 first
446 2660 535 2688 case,
555 2650 730 2688 however,
747 2650 862 2680 dicere
880 2650 1031 2681 salutem
1049 2660 1093 2689 αγ
1108 2661 1115 2679 :
1184 2651 1362 2690 praesenti
1378 2650 1533 2689 corporis
1549 2649 1737 2680 affectione
1748 2649 1769 2679 ⁹.

351 2695 469 2726 dicere
486 2693 740 2725 salut-ationem
758 2695 809 2727 βδ.
1227 2703 1280 2733 54.
1307 2693 1479 2733 Holonio]
1505 2693 1568 2723 See
1585 2703 1618 2732 p.
1635 2702 1710 2732 445.

395 2749 448 2777 50.
474 2737 673 2778 praeditus]
719 2737 764 2768 In
815 2737 878 2768 the
925 2738 996 2767 two
1050 2746 1115 2767 un·
1226 2739 1279 2768 60.
1306 2737 1478 2767 monstris
1494 2735 1725 2777 assueuisset]
1737 2736 1824 2767 This
1840 2737 1871 2766 is
1884 2733 1961 2767 the'

354 2781 563 2812 authorized
587 2781 744 2812 editions
767 2781 828 2811 the
856 2782 992 2811 Section
1019 2781 1115 2820 stops
1183 2780 1414 2820 explanation
1435 2781 1541 2820 given
1565 2781 1612 2820 by
1628 2780 1705 2810 Nic.
1731 2780 1775 2811 de
1796 2780 1888 2820 Lyra
1904 2779 1941 2809 in

351 2826 437 2856 here
459 2825 498 2855 in
528 2824 590 2855 the
613 2826 710 2863 text;
745 2825 809 2855 but
834 2824 921 2863 αβγδ
940 2823 1008 2855 add
1037 2824 1114 2854 ‘Sic
1186 2824 1244 2854 his
1260 2826 1505 2863 commentary
1521 2833 1566 2854 on
1582 2823 1688 2854 Num.
1709 2833 1762 2854 22.
1780 2833 1832 2862 29.
