2034 3433
140 174 240 230 889]
1660 173 1684 210 4
1716 173 1740 210 7

628 230 724 270 889.
784 228 847 269 To
878 228 1022 282 <JOHN
1054 228 1258 283 Frsnmz).

189 321 377 358 Deventer
393 320 471 356 MS.
489 330 547 366 91,
566 319 591 354 f.
611 320 655 356 26
673 323 724 353 v0.
1408 315 1585 352 Louvain.

190 379 263 414 LB.
282 380 378 425 App.
398 380 477 424 298.
1294 386 1338 420 23
1358 375 1520 410 October
1540 373 1694 420 (1518).

165 460 257 502 [The
273 469 404 500 person
419 457 610 490 addressed
631 457 661 488 is
676 456 808 496 clearly
825 465 871 487 an
888 456 1040 497 English
1057 457 1186 496 bishop
1200 467 1207 494 3
1231 456 1361 488 almost
1379 455 1553 495 certainly
1570 452 1724 493 Fisher.]

1688 173 1711 210 Ν.)

196 537 236 576 S.
252 537 313 585 P„
334 535 558 576 reuerende
584 533 768 573 Praesul.
829 533 911 572 Hic
935 546 1071 573 annus
1098 533 1269 583 pulchre
1298 533 1501 572 excercuit
1521 532 1744 570 Erasmuni

145 606 278 649 tuum,
299 606 340 640 et
377 601 450 639 itio
482 602 525 639 et
555 599 704 638 reditio
737 598 819 637 fuit
852 598 1099 637 difficillima
1136 599 1290 648 partim
1327 598 1379 636 ob
1416 600 1563 644 estum,
1591 595 1662 647 qui
1699 595 1744 633 in

147 666 371 706 Germania
417 665 500 704 fuit
540 663 825 711 intolerabilis,
867 663 1020 713 partim
1067 663 1119 702 ob
1165 665 1315 701 ventos
1363 661 1740 712 pestilentissimos.

148 732 436 782 Languidulus
481 730 615 770 adhuc
668 729 915 779 reliqueram
962 728 1196 767 Basileam:
1254 730 1397 766 tamen
1443 726 1644 777 paulatim
1686 726 1746 763 ita

149 796 439 836 conualueram
471 797 518 834 vt
549 794 656 833 mihi
700 794 803 832 satis
847 794 1062 844 placerem,
1089 793 1160 832 vbi
1197 793 1411 832 venissem
1449 792 1500 830 ad
1539 790 1745 830 Comitem
1765 808 1782 839 5

151 863 292 901 Nouae
312 861 498 911 Aquilae.
560 859 686 898 Hunc
704 859 866 909 repperi
896 858 941 897 in
962 871 1051 897 arce
1080 858 1358 897 Bedburiensi
1378 861 1555 907 quatuor
1575 855 1746 894 milibus

149 940 348 978 passuum
367 927 470 964 citra
488 925 716 964 Coloniam.
767 924 942 963 quenis
956 925 1019 963 est
1033 923 1203 973 antiqua
1218 923 1446 969 nobilitate,
1462 921 1743 972 pauciloquus,

151 992 325 1041 sobrius,
340 991 526 1030 moribus
539 990 861 1029 modestissimis
885 1003 930 1028 ac
945 988 1068 1039 plane
1087 989 1252 1035 sanctis,
1268 1002 1354 1027 non
1366 1001 1448 1026 vna
1468 987 1513 1026 in
1532 985 1749 1034 disciplina

153 1057 307 1096 doctus.
365 1055 399 1094 Ο
437 1056 548 1094 vices
587 1054 764 1105 turpiter
803 1056 1088 1103 commutatas,
1136 1054 1172 1092 si
1210 1053 1440 1092 sacerdotes
1477 1054 1517 1091 et
1556 1049 1750 1089 monachi

151 1123 291 1161 ventri
318 1121 516 1173 gulaeque
544 1120 745 1167 seruiunt,
781 1119 989 1159 militibus
1015 1120 1147 1158 bonos
1175 1132 1315 1158 mores
1343 1132 1389 1157 ac
1426 1118 1557 1156 bonas
1590 1115 1750 1154 litteras
1771 1130 1809 1152 10

152 1186 523 1237 amplectentibus!
582 1185 746 1224 Offendi
792 1188 833 1224 et
879 1185 1112 1223 Bobardiae
1147 1185 1329 1223 telonem
1379 1183 1451 1234 qui
1498 1182 1630 1221 exiliit
1677 1194 1749 1230 pre

152 1253 313 1304 gaudi0,
348 1253 519 1291 beatum
556 1265 600 1290 se
638 1251 861 1290 clamitans
906 1251 1016 1301 quod
1054 1252 1277 1289 Erasmum
1315 1250 1454 1288 videre
1493 1246 1744 1297 contigisset.

154 1317 273 1356 Nihil
318 1318 439 1357 officii
486 1330 572 1356 non
622 1317 824 1355 exhibuit.
886 1317 1004 1355 Inter
1041 1317 1298 1366 syngraphas
1345 1314 1545 1353 telonicas
1588 1311 1751 1350 libellos

153 1382 321 1421 Erasmi
347 1383 543 1421 ostendit.
602 1382 798 1420 Scribunt
825 1382 878 1420 ad
906 1394 974 1420 me
1004 1395 1055 1419 ex
1084 1381 1361 1431 Norenbeiga,
1384 1392 1435 1418 ex
1461 1377 1674 1424 Bohemia,
1701 1389 1753 1413 ex

155 1449 351 1499 Vngaria,
373 1461 424 1486 ex
450 1447 626 1486 Polonia
655 1448 818 1486 litteras
847 1447 1063 1486 Christum
1093 1446 1325 1496 spirantes;
1355 1446 1426 1483 sed
1446 1442 1649 1494 prophani
1668 1441 1752 1479 fere
1774 1458 1810 1488 15

156 1526 315 1552 omnes.
363 1513 452 1551 Soli
470 1512 665 1551 monachi
680 1515 721 1550 et
740 1512 924 1561 theologi
940 1512 1109 1561 quidam
1129 1511 1282 1549 horum
1302 1509 1460 1548 similes
1478 1506 1754 1558 sycophantas

156 1581 298 1629 agunt.

213 1645 293 1683 Sed
312 1646 359 1683 vt
377 1645 429 1683 ad
447 1658 546 1694 rem,
563 1644 779 1694 sperabam
798 1644 884 1681 fore
895 1645 944 1682 vt
962 1643 1040 1682 1100
1060 1644 1263 1681 autumno
1282 1642 1392 1679 letus
1406 1640 1512 1678 letos
1531 1637 1755 1676 reuiserem

157 1722 259 1758 vos3
287 1710 359 1749 sed
379 1723 403 1748 o
422 1710 532 1748 vices
552 1710 712 1748 subitas
729 1722 870 1748 rerum
890 1708 1194 1747 humanarum!
1253 1705 1389 1744 Simul
1409 1707 1530 1755 atque
1551 1702 1756 1742 Comitem

159 1775 320 1825 reliqui,
357 1777 527 1826 repente
564 1776 610 1813 in
647 1777 883 1813 extremum
921 1774 1097 1812 exitium
1133 1771 1403 1823 precipitatus
1441 1782 1549 1808 sum.
1610 1768 1758 1806 Preter
1777 1786 1816 1807 20

159 1841 350 1880 animum
382 1841 494 1879 nihil
533 1843 745 1891 supererat
773 1840 867 1879 vite.
928 1839 1167 1878 Semiuiuus
1196 1838 1357 1876 delatus
1386 1849 1480 1875 sum
1509 1833 1756 1878 Louanium,

161 1906 356 1944 omnibus
387 1906 548 1945 viribus
585 1906 820 1945 destitutus.
882 1905 1102 1944 Habebam
1139 1903 1219 1942 tria
1251 1902 1431 1947 hulcera,
1450 1912 1582 1938 vnum
1611 1898 1759 1947 ingens

162 1971 240 2010 sub
273 1971 366 2010 leua
393 1985 506 2019 coxa,
532 1972 641 2022 quod
671 1971 925 2021 equitatione
954 1983 1120 2020 quoque
1149 1969 1229 2007 fuit
1257 1967 1557 2012 exacerbatum,
1580 1963 1758 2002 alterum

163 2039 208 2075 in
239 2036 333 2075 leuo
366 2037 554 2087 inguine,
581 2037 758 2075 tercium
785 2036 830 2074 in
858 2038 984 2085 tergo.
1041 2035 1143 2073 Erat
1171 2037 1211 2072 et
1239 2033 1285 2070 in
1314 2033 1408 2070 leuo
1436 2029 1609 2080 inguine
1639 2027 1758 2078 glans

162 2101 340 2153 predura
355 2116 366 2150 ;
392 2102 496 2140 item
514 2102 592 2140 sub
612 2102 756 2140 dextra
773 2101 940 2151 papilla,
957 2114 1036 2151 que
1055 2098 1259 2150 paulatim
1278 2096 1449 2136 euanuit
1468 2097 1562 2145 post
1583 2094 1760 2144 quatuor
1779 2107 1815 2138 25

164 2167 425 2205 ebdomades.
480 2167 546 2205 Ex
578 2167 712 2205 tribus
749 2166 988 2205 hulceribus
1027 2165 1179 2203 excidit
1218 2176 1311 2202 caro
1349 2162 1467 2211 nigra
1503 2161 1543 2198 et
1581 2160 1756 2196 mortua.

165 2233 350 2283 Vterque
388 2232 619 2282 ehyrurgus
654 2234 815 2282 pestem
852 2244 940 2270 esse
976 2229 1242 2277 asseuerauit,
1282 2230 1323 2266 et
1368 2226 1502 2265 adhuc
1542 2224 1759 2264 asseuerat.

167 2298 273 2337 Mihi
310 2311 397 2336 non
441 2297 568 2336 libuit
615 2297 789 2335 credere.
850 2296 943 2335 Iam
989 2297 1150 2334 sextam
1196 2292 1466 2332 ebdomadem
1515 2288 1621 2326 mihi
1667 2300 1761 2325 cuni

169 2363 372 2413 chirurgis
400 2375 466 2401 res
490 2364 565 2411 est,
587 2362 937 2413 periculosissimo
956 2360 1180 2399 hominum
1200 2371 1360 2409 genere,
1382 2369 1428 2395 ac
1448 2354 1562 2394 domi
1581 2352 1759 2392 desideo.

169 2431 320 2469 Deerat
357 2430 434 2468 hoc
472 2428 638 2468 Erasmi
674 2428 807 2466 malis.
869 2427 970 2475 Quis
1002 2424 1244 2464 credidisset
1275 2423 1353 2461 hoc
1381 2418 1672 2471 corpusculum
1700 2418 1763 2455 tot
1783 2431 1823 2461 30

168 2495 509 2546 profectionibus,
554 2495 617 2533 tot
654 2492 823 2541 morbis,
864 2494 927 2530 tot
974 2490 1196 2537 laboribus,
1231 2490 1295 2527 tot
1346 2487 1455 2525 curis
1493 2484 1790 2523 suffecturum>

172 2561 301 2600 fuisse
314 2561 335 2599 ‘?
389 2560 516 2599 Dabit
561 2558 787 2609 aliquando
838 2557 1032 2597 Christus
1079 2556 1172 2605 Opt.
1227 2553 1334 2593 MaX.
1382 2551 1450 2590 his
1496 2547 1761 2600 prosperiora.

173 2627 421 2677 Quanquam
448 2624 644 2676 quicquid
671 2623 743 2663 ille
775 2636 852 2662 nos
892 2623 1000 2661 ferre
1036 2620 1224 2668 voluerit,
1256 2619 1439 2657 feremus
1465 2628 1569 2665 equo
1597 2612 1763 2658 animm

172 2690 460 2742 modo—quod
491 2702 707 2740 speramus
733 2689 849 2728 illius
881 2689 977 2727 freti
1008 2683 1486 2726 bonitate—membrum
1518 2680 1595 2718 hoc
1627 2690 1764 2725 suum,

173 2758 270 2796 licet
288 2756 545 2806 languidum,
568 2768 653 2793 non
671 2755 781 2793 sinat
803 2767 827 2793 a.
852 2767 929 2792 suo
957 2765 1122 2802 corpore
1147 2749 1304 2788 reuelli.
1366 2746 1446 2785 Ille
1473 2743 1594 2783 nobis
1611 2743 1710 2788 vita,
1729 2741 1765 2780 si
1785 2755 1824 2788 35

175 2822 400 2870 morimur3
428 2820 501 2860 ille
519 2818 771 2870 presydium,
796 2819 833 2857 si
849 2818 1046 2858 viuimus.

221 2925 272 2947 11.
300 2913 498 2946 Bobardiae
508 2915 576 2944 MS.
594 2924 601 2943 :
625 2911 821 2952 Popardiae
831 2914 896 2942 ΕΒ.
933 2913 976 2948 Cf.
994 2912 1051 2946 Ep.
1071 2909 1145 2948 879.
1161 2918 1190 2937 2.
1276 2907 1324 2936 16.
1351 2902 1484 2935 similis
1495 2903 1586 2932 MS.:
1612 2908 1689 2930 corr.
1704 2901 1767 2929 LE.

227 3004 276 3032 14.
301 2990 488 3031 Scribunt]
509 2990 594 3020 This
615 2989 798 3020 extensive
822 2997 936 3019 corre-
1006 2983 1188 3016 Erasmus'
1201 2982 1400 3014 connexion
1418 2977 1508 3009 with
1528 2976 1701 3007 Bohemia
1717 2985 1771 3006 see

180 3036 380 3079 spondence
395 3035 461 3066 has
478 3032 634 3072 entirely
647 3031 827 3072 perished.
871 3031 938 3062 For
1006 3039 1039 3069 p.
1059 3037 1132 3068 551.
