2034 3433
97 179 192 234 732]
545 180 615 219 To
652 180 879 219 BEATUS
915 180 1233 220 RHENANUS
1608 184 1676 221 161

93 285 302 335 exemplar
333 298 357 323 a
389 297 457 323 me
489 286 696 333 vtcunque
730 284 1002 333 recognitum.
1064 284 1220 323 Verum
1252 285 1421 324 inciuile
1455 286 1509 324 sit
1543 286 1682 324 statim

91 349 292 391 aemulari
320 350 430 399 quod
458 349 526 387 hic
554 348 830 398 pauperculus
857 349 1034 396 excudit,
1066 349 1138 399 qui
1166 350 1274 388 nihil
1303 363 1490 400 vnquam
1519 350 1683 389 excudit
1706 361 1746 382 20

92 415 142 454 ab
162 415 256 453 istis
277 427 474 453 excusum
500 416 661 463 praeter
686 413 877 451 libellum
906 414 957 452 de
982 414 1186 464 Principe,
1210 428 1333 464 quem
1353 415 1501 454 furtim
1521 415 1682 454 excudit

92 481 262 519 interim
278 493 372 518 cum
387 493 462 529 ego
477 479 661 518 abessem
677 478 722 516 in
737 478 894 528 Anglia
909 493 918 514 :
945 492 1025 528 quo
1041 480 1207 518 nomine
1222 480 1438 519 hominem
1453 480 1680 530 obiurgaui.

93 547 148 584 Et
172 545 316 584 sedulo
345 557 420 594 ago
449 557 500 582 ne
528 544 624 594 quid
656 543 805 582 officiat
834 543 1161 583 Basiliensibus:
1198 558 1265 583 me
1295 548 1402 584 certe
1431 547 1571 584 autore
1601 558 1684 583 non

93 611 225 650 faciet.
298 610 598 649 Antibarbaros
636 610 792 647 Paceus
829 608 974 647 scribit
1010 623 1032 647 e
1070 610 1265 660 Massylia
1304 611 1481 649 Romam
1519 610 1681 649 relatos.

94 676 266 715 Subolet
290 675 397 714 mihi
426 677 467 713 et
494 675 616 713 Pacei
646 676 857 712 mutatum
886 674 1112 724 ingenium,
1144 676 1239 714 licet
1268 677 1438 715 simulet
1465 676 1686 726 pristinam
1707 685 1744 717 ²5

94 740 322 780 amiciciam
414 741 474 778 De
512 739 664 788 Vtopia
705 752 794 777 rem
835 741 909 777 tuo
951 740 1148 789 permitto
1191 740 1354 780 iudicio.
1436 741 1688 780 Paludanica

94 809 268 857 possunt
313 805 464 844 omitti.
540 805 600 842 De
642 804 855 842 mentione
900 804 1135 843 litterarum
1178 805 1221 843 in
1265 806 1519 855 praefatione
1572 806 1687 844 Petri

95 871 260 922 Aegidii
297 870 404 909 nihil
442 872 505 908 est
543 869 652 919 quod
684 869 855 907 labores.
928 869 996 907 Ita
1029 870 1126 908 siles
1165 872 1214 909 de
1254 872 1579 921 Epigrammatis
1616 884 1687 921 per

95 936 415 986 occupationem,
451 938 497 973 vt
523 934 767 984 simpliciter
795 934 927 972 sileas.
993 935 1240 985 Apologiam
1275 950 1298 974 a
1331 950 1398 974 me
1433 937 1686 986 recognitam

94 1002 416 1051 Argentoratum
441 1000 636 1038 miseram
665 999 896 1047 Schurerio,
926 1000 996 1038 sed
1021 1001 1097 1039 hac
1122 1000 1211 1051 lege
1235 1004 1293 1049 vt,
1323 1002 1358 1039 si
1384 1015 1469 1040 non
1497 1002 1686 1051 placeret,
1707 1012 1748 1042 30

96 1066 280 1105 mitteret
307 1065 526 1104 Basileam.
597 1064 693 1102 Misi
727 1064 861 1102 eidem
894 1065 939 1113 Q.
973 1066 1178 1113 Curtium,
1216 1066 1436 1116 desperans
1476 1067 1563 1104 illic
1599 1079 1687 1105 esse

94 1132 232 1170 locum
252 1130 449 1181 pluribus,
473 1143 569 1168 cum
589 1129 696 1167 nihil
718 1131 890 1168 omnino
909 1131 1100 1180 prodiret.

151 1197 212 1235 De
240 1196 438 1246 Epist-olis
467 1195 717 1244 castigandis
747 1208 857 1233 nunc
887 1209 971 1234 non
999 1199 1088 1235 erat
1116 1197 1268 1244 ocium,
1289 1197 1394 1246 quod
1427 1197 1493 1235 hic
1521 1196 1688 1235 tabellio

94 1261 171 1299 sub
191 1274 405 1311 vesperam
420 1273 488 1298 me
502 1260 728 1307 admonuit,
744 1260 940 1310 postridie
956 1274 1078 1299 mane
1093 1263 1361 1311 profecturus.
1416 1262 1461 1300 Si
1481 1261 1688 1308 different,

95 1326 263 1365 mittam
308 1326 518 1375 exemplar
558 1325 730 1363 adiectis
771 1326 1014 1368 nonnullis:
1057 1327 1124 1365 sin
1167 1327 1318 1369 minus,
1366 1327 1446 1377 ipsi
1492 1326 1684 1366 viderint.
1708 1334 1747 1365 35

94 1391 251 1441 Scripsi
276 1404 408 1440 nuper
433 1390 614 1440 singulis
636 1404 708 1440 per
731 1391 939 1440 quendam
966 1392 1090 1440 probe
1115 1396 1284 1440 certum,
1312 1405 1386 1430 nec
1416 1392 1560 1430 dubito
1587 1392 1687 1442 quin

94 1457 318 1496 reddiderit
355 1455 629 1505 Guolphango
669 1455 810 1494 Fabro.
887 1456 1069 1496 Litteras
1110 1460 1270 1496 vestras
1307 1458 1516 1507 proximas
1553 1459 1688 1507 accepi

93 1521 226 1572 pridie
259 1521 429 1559 Nicolai.
498 1520 677 1559 Proinde
710 1534 796 1559 non
829 1523 917 1559 erat
949 1522 1133 1572 spacium
1167 1522 1377 1571 relegendi
1415 1521 1688 1572 Apologiam:

93 1589 134 1625 et
163 1588 304 1626 tamen
339 1587 468 1624 miror
496 1586 604 1624 vnde
639 1585 833 1635 colligant
866 1600 933 1625 me
963 1586 1176 1625 Christum
1212 1587 1362 1626 dixisse
1396 1587 1684 1637 compositum,

95 1666 191 1692 cum
227 1652 270 1690 id
308 1652 353 1690 in
389 1651 538 1702 primis
574 1651 744 1690 vitarim
783 1654 870 1701 tota
907 1652 1198 1701 disputatione,
1233 1655 1376 1702 totque
1416 1652 1516 1691 locis
1554 1652 1688 1690 dicam
1707 1662 1748 1691 40

95 1717 377 1758 diuersissima
401 1717 602 1767 planeque
629 1717 870 1766 opinionem
901 1730 991 1756 eam
1025 1717 1262 1756 reiicientia.
1322 1717 1386 1755 Ex
1413 1717 1565 1755 litteris
1592 1717 1688 1755 Beri

96 1796 262 1834 prorsus
281 1783 472 1832 intelligo
500 1782 624 1820 illum
647 1795 733 1821 non
758 1781 908 1832 legisse
930 1785 1063 1822 totam
1083 1783 1333 1834 Apologiam
1352 1798 1360 1829 ;
1390 1785 1430 1821 et
1450 1782 1689 1832 propensior

95 1851 157 1887 ost
185 1849 231 1887 in
256 1848 447 1896 Fabrum,
472 1860 605 1898 neque
627 1860 797 1897 prorsus
819 1849 935 1886 vacat
961 1847 1046 1896 illo,
1071 1848 1211 1886 nescio
1240 1861 1320 1898 quo
1343 1847 1513 1886 nomine
1541 1846 1687 1885 dicam.

97 1913 338 1963 theologico.
397 1912 550 1951 Scribit
578 1913 693 1951 enim
721 1926 788 1951 me
816 1913 1030 1963 scripsisse
1058 1913 1273 1953 Christum
1301 1912 1430 1962 accipi
1458 1925 1532 1961 pro
1560 1911 1687 1949 altera

99 1980 256 2026 natura,
279 1991 428 2028 nempe
453 1978 647 2025 humana,
676 1991 772 2016 cum
800 1980 943 2016 contra
971 1979 1196 2017 clarissime
1227 1977 1522 2028 explicauerim
1550 1976 1689 2026 potius
1706 1984 1747 2015 45

97 2043 227 2092 accipi
255 2056 329 2092 pro
358 2043 486 2081 altera
514 2055 637 2093 quam
671 2056 746 2092 pro
778 2045 961 2093 vtraque,
995 2056 1146 2093 nempe
1179 2056 1252 2093 pro
1291 2043 1444 2090 diuina,
1480 2042 1550 2080 sed
1588 2054 1688 2091 quae

99 2108 179 2147 sibi
205 2108 475 2158 assumpserit
503 2108 744 2147 humanam.
804 2109 859 2146 Et
881 2111 1022 2147 tamen
1049 2109 1085 2147 si
1109 2109 1206 2158 quid
1231 2110 1292 2146 est
1311 2106 1558 2152 istiusmodi,
1581 2106 1687 2155 quod

724 2214 776 2243 39.
802 2203 976 2244 colligunt
992 2207 1059 2235 MS.

147 2291 462 2332 19.'recognitum]
480 2291 630 2322 Printed
653 2291 699 2331 by
722 2291 860 2322 Froben
929 2291 1002 2323 and
1020 2301 1094 2331 513.
1113 2293 1201 2330 6—83
1224 2292 1297 2322 also
1324 2294 1443 2329 Vtopia,
1466 2290 1520 2322 ed.
1543 2289 1691 2322 Michels

101 2338 141 2369 in
156 2337 237 2368 Jan.
258 2336 340 2375 1518
358 2346 366 2374 ;
391 2335 434 2366 cf.
451 2335 516 2374 Ep.
537 2345 598 2373 710
615 2334 747 2365 introd.
929 2335 1001 2366 and
1014 2335 1160 2374 Ziegler,
1178 2345 1212 2375 p.
1229 2334 1343 2365 xlviii.

143 2390 197 2412 20.
221 2378 410 2419 aemulari]
427 2378 494 2409 For
506 2388 552 2409 an
568 2378 698 2408 earlier
709 2379 862 2417 attempt
973 2388 1026 2416 27.
1051 2377 1272 2418 litterarum]
1294 2377 1369 2408 The
1390 2377 1550 2416 Utopian
1565 2375 1691 2416 alpha-

101 2423 140 2455 of
152 2424 323 2455 Erasmus
338 2425 376 2454 to
390 2424 527 2462 protect
549 2422 708 2453 Martens
724 2431 779 2452 see
796 2422 861 2461 Ep.
930 2422 999 2461 bet,
1019 2421 1058 2452 of
1068 2421 1201 2461 which,
1220 2430 1259 2452 as
1279 2420 1491 2452 announced
1512 2421 1551 2451 in
1567 2419 1688 2451 Gilles'

101 2477 175 2507 575.
185 2476 264 2506 1-5;
278 2466 349 2497 and
360 2467 398 2496 in
410 2466 473 2506 Ep.
485 2474 671 2505 733.12-14
681 2465 726 2496 he
738 2465 863 2495 claims
930 2465 1070 2506 preface
1089 2467 1126 2495 to
1150 2464 1357 2503 Busleiden,
1376 2473 1396 2494 a
1419 2463 1595 2494 facsimile
1618 2473 1691 2494 was

99 2513 137 2541 to
147 2511 237 2542 have
248 2509 431 2550 protected
441 2509 591 2540 Froben.
620 2508 692 2539 But
703 2508 863 2539 Martens
929 2509 1035 2548 given
1052 2509 1090 2539 in
1106 2509 1167 2539 the
1184 2508 1263 2538 first
1283 2507 1421 2538 edition
1438 2508 1501 2548 (by
1517 2507 1687 2546 Martens,

102 2564 174 2585 was
200 2556 264 2585 not
293 2553 482 2584 blameless
508 2553 547 2583 in
571 2552 634 2583 the
665 2554 799 2583 matter
828 2552 866 2582 of
930 2563 957 2583 e.
977 2552 1057 2583 Dec.
1083 2553 1183 2591 1516;
1207 2552 1250 2583 ef.
1276 2551 1338 2591 Ep.
1356 2552 1417 2589 461
1438 2550 1603 2589 introd.),
1627 2550 1690 2580 but

101 2597 268 2628 Froben’s
291 2597 416 2627 claims
439 2599 475 2627 to
496 2595 683 2636 copyright
698 2607 705 2634 ;
729 2595 782 2626 for
805 2596 861 2626 be·
931 2597 994 2626 not
1004 2596 1043 2626 in
1054 2595 1117 2626 the
1129 2593 1256 2626 second
1269 2595 1330 2634 (by
1342 2595 1551 2632 Gourmont,
1565 2603 1592 2624 c.
1608 2594 1691 2632 1518

101 2640 196 2672 sides
210 2641 274 2671 the
291 2643 368 2671 Inst.
386 2642 542 2677 Principis
555 2640 593 2679 (1.
610 2649 647 2669 21
666 2639 719 2678 n.)
733 2639 779 2669 he
791 2638 863 2669 had
931 2639 1012 2671 init.
1030 2650 1038 2677 ;
1063 2638 1106 2670 cf.
1132 2639 1219 2678 Epp.
1243 2639 1318 2676 664.
1343 2648 1382 2677 27
1400 2647 1448 2677 n.,
1471 2638 1544 2676 785.
1571 2638 1686 2675 14-16,

101 2683 288 2724 reprinted
303 2684 365 2714 the
383 2683 554 2714 Plutarch
571 2683 673 2722 (Epp.
692 2692 764 2722 272,
783 2681 862 2722 297)
930 2682 1042 2722 50-1).
1083 2682 1130 2713 In
1147 2682 1249 2721 spite,
1264 2681 1439 2718 however,
1458 2680 1496 2710 of
1508 2680 1689 2710 Erasmus’

102 2728 175 2758 and
191 2727 253 2758 the
269 2730 312 2757 De
329 2729 549 2757 constructione
563 2725 641 2766 (Ep.
655 2729 746 2767 341).
789 2726 864 2756 The
931 2726 1188 2766 dispensati0n‚
1207 2725 1270 2755 the
1291 2723 1466 2756 facsimile
1482 2732 1555 2754 was
1574 2733 1690 2763 repro-

103 2773 227 2808 Querela
241 2773 331 2801 Pacis
346 2770 359 2809 ζ
362 2770 424 2810 Ep.
441 2770 521 2810 603)
538 2770 569 2800 is
588 2772 653 2800 not
674 2772 710 2800 to
727 2770 769 2800 be
790 2769 862 2800 laid
932 2769 1045 2800 dueed
1056 2769 1096 2799 in
1110 2768 1277 2799 Froben's
1289 2768 1437 2799 edition.
1486 2766 1550 2798 See
1565 2769 1687 2805 Vtopia,

101 2817 140 2845 to
156 2815 213 2845 his
231 2814 367 2853 charge.
932 2813 988 2844 ed.
1004 2814 1155 2852 Lupton,
1169 2821 1227 2851 pp.
1242 2813 1333 2850 xciv,
1351 2811 1471 2841 xcviii.

147 2868 197 2889 21.
225 2857 269 2888 de
294 2856 476 2897 Principe]
503 2856 550 2888 111
575 2857 666 2897 Aug.
690 2857 796 2896 1516;
819 2857 862 2888 cf.
976 2866 1027 2895 29.
1053 2854 1281 2895 Apologiam]
1299 2854 1352 2885 Cf.
1370 2854 1432 2894 Ep.
1450 2855 1524 2893 693.

103 2902 166 2942 Ep.
184 2910 248 2942 393
264 2900 396 2932 introd.
974 2909 1028 2938 31.
1052 2897 1235 2939 Curtium]
1253 2898 1305 2929 Cf.
1323 2898 1387 2938 Ep.
1406 2907 1480 2935 704.

147 2955 200 2983 24.
226 2943 501 2984 Antibarbaros]
521 2943 574 2976 cf.
592 2944 681 2984 Epp.
694 2954 747 2984 3ο.
770 2945 810 2974 16
826 2954 861 2976 n.
975 2952 1028 2982 33.
1053 2941 1241 2983 Epistolis]
1259 2942 1311 2973 Cf.
1330 2940 1394 2980 Ep.
1409 2941 1483 2979 634.
1499 2949 1520 2979 3
1536 2950 1572 2972 n.

101 2989 174 3020 and
192 2989 264 3027 706.
284 2997 326 3026 3²
342 2997 378 3018 n.
977 2996 1030 3025 43.
1057 2985 1178 3016 nescio
1193 3009 1201 3017 .
1222 3009 1229 3016 .
1246 3008 1254 3017 .
1272 2983 1408 3024 dicam]
1427 2994 1467 3015 sc.
1487 2984 1688 3024 supercilio.

147 3034 200 3063 26.
224 3030 458 3072 Paludanica]
474 3030 526 3062 Cf.
544 3031 631 3071 Epp.
652 3032 714 3062 180
729 3030 860 3063 introd.
932 3029 984 3062 cf.
1005 3031 1068 3069 Ep.
1088 3030 1162 3068 762.
1184 3039 1220 3067 1;
1242 3028 1313 3059 and
1329 3037 1384 3058 see
1401 3028 1464 3068 Ep.
1484 3037 1558 3066 730.
1577 3038 1627 3060 22.

170 3099 276 3118 anum
292 3098 335 3117 111
885 3099 916 3123 Μ
