2034 3433
165 170 265 225 836]
673 171 743 209 TO
779 171 930 211 JOHN
970 171 1248 211 LASOARIS
1679 170 1759 208 307

163 276 329 323 Graeca,
347 274 507 322 Latina,
525 274 672 313 salario
687 274 788 313 satis
803 275 1025 325 magnifico
1037 275 1200 314 circiter
1214 274 1478 324 septuaginta
1492 273 1735 312 ducatorum
1748 287 1758 321 ;

163 341 273 391 quod
293 343 435 379 tamen
453 340 593 390 augeri
610 341 740 390 possit
759 354 833 390 pro
852 340 1011 380 ratione
1034 354 1242 391 personae.
1301 339 1519 378 Hebraeus
1539 339 1623 377 iam
1642 338 1759 377 adest

162 409 203 445 et
223 407 324 445 item
339 405 524 444 Latinus.
571 405 770 444 Graecam
786 406 1086 455 professionem
1104 406 1336 456 complures
1351 404 1556 444 ambiunt.
1601 404 1758 443 Verum

163 484 304 511 meum
338 471 561 510 consilium
593 484 756 520 semper
784 471 864 509 fuit
891 474 939 511 vt
967 472 1235 510 ascisceretur
1266 471 1448 512 Graecus
1478 472 1614 517 natus,
1647 469 1758 508 vnde

162 536 306 576 statim
335 548 574 586 germanam
599 536 742 575 Graeci
768 537 975 576 sermonis
1000 537 1387 587 pronunciationem
1410 534 1619 574 imbibant
1647 533 1758 572 audi·
1781 546 1820 568 10

163 603 284 642 tores.
341 603 403 640 Ac
423 613 537 639 meae
555 601 786 641 sententiae
806 601 1075 641 subscribunt
1094 605 1259 642 autores
1277 601 1403 640 huius
1422 600 1580 651 negocii
1600 612 1755 647 omnes,

165 667 351 717 mihique
379 666 632 705 mandarunt
659 669 705 706 vt
733 666 820 706 suis
847 667 986 705 verbis
1014 680 1261 706 accerserem
1291 679 1415 716 quem
1439 665 1684 704 iudicassem
1708 664 1759 703 ad

163 732 241 771 hoc
270 731 430 781 negocii
458 731 666 770 idoneum.
727 732 859 781 Quare
888 734 930 770 te
960 746 1070 783 rogo,
1099 732 1166 772 vel
1194 745 1267 782 pro
1297 731 1419 770 solita
1452 733 1525 770 tua
1556 743 1651 780 erga
1685 742 1762 768 nos

163 797 421 836 humanitate
440 797 507 836 vel
526 810 600 847 pro
619 799 692 836 tuo
712 811 807 848 erga
827 798 956 836 bonas
974 799 1117 837 literas
1136 798 1285 845 fauore,
1307 797 1343 836 si
1362 809 1486 847 quem
1506 796 1615 835 nosti
1635 807 1759 845 quem

164 863 374 901 existimes
393 864 434 901 et
452 862 556 901 mihi
577 864 619 901 et
644 862 720 901 tibi
744 863 934 901 futurum
962 863 1122 911 honori,
1146 875 1244 901 cura
1262 863 1308 901 vt
1328 875 1453 912 quam
1473 861 1657 911 primum
1677 860 1760 899 huc
1782 873 1819 905 15

163 927 338 967 aduolet.
410 927 587 966 Dabitur
619 928 829 976 viaticum,
859 927 1026 967 dabitur
1053 927 1260 975 salarium,
1293 927 1459 966 dabitur
1486 926 1611 965 locus.
1668 925 1760 964 Erit

164 992 227 1031 illi
247 1006 312 1031 res
332 1006 426 1031 cum
452 992 552 1031 viris
574 993 856 1043 integerrimis
886 996 926 1032 et
950 993 1278 1032 humanissimis.
1337 991 1479 1042 Neque
1499 992 1639 1030 minus
1659 990 1761 1029 fidat

165 1058 231 1097 his
250 1058 354 1096 meis
373 1057 503 1096 literis
519 1071 645 1107 quam
664 1059 700 1096 si
720 1060 889 1097 centum
905 1058 1146 1108 diplomatis
1166 1071 1231 1097 res
1250 1059 1356 1097 esset
1372 1058 1590 1096 transacta.
1641 1055 1761 1094 Inter

165 1124 295 1162 bonos
310 1125 351 1161 et
367 1123 518 1172 absque
536 1123 785 1173 syngraphis
797 1123 901 1162 bene
916 1123 1063 1173 agitur.
1123 1124 1186 1161 Tu
1201 1137 1298 1162 cura
1311 1125 1358 1162 vt
1378 1122 1535 1171 deligas
1549 1121 1757 1168 idoneum,

165 1202 240 1240 ego
256 1187 407 1227 curabo
427 1201 480 1226 ne
499 1188 715 1227 hominem
735 1188 817 1227 huc
832 1190 994 1227 venisse
1013 1188 1209 1238 peniteat.
1269 1188 1384 1227 Bene
1403 1187 1506 1235 vale,
1523 1186 1761 1225 doctissime
1782 1202 1819 1224 20

163 1253 469 1303 clarissimeque
490 1254 564 1292 vir.
625 1253 800 1293 Louanii
820 1253 1017 1303 postridie
1038 1254 1124 1292 diui
1144 1253 1283 1294 Marci.
1341 1255 1478 1292 Anno.
1502 1264 1716 1291 M.D.XV111.

543 1375 639 1416 837.
702 1373 766 1416 To
798 1374 991 1415 GERARI)
1023 1374 1385 1415 GELDENHAUER.

215 1464 400 1501 Deventer
419 1465 495 1500 MS.
513 1475 571 1509 91,
591 1466 617 1500 f.
639 1475 679 1510 13
699 1470 750 1501 v0.
1454 1463 1630 1498 Louv-ain.

214 1523 286 1558 LB.
305 1523 402 1569 App.
423 1524 502 1568 283.
1370 1525 1414 1558 26
1432 1522 1536 1567 April
1559 1521 1713 1568 (1518).

640 1582 725 1623 [For
739 1582 802 1613 the
821 1582 902 1613 date
918 1593 974 1613 see
991 1582 1054 1622 Ep.
1071 1583 1132 1612 811
1153 1581 1300 1622 introd.]

532 1669 737 1699 ERASMVS
767 1669 1033 1701 NOVIOMAGO
1064 1669 1146 1699 SVO
1177 1669 1393 1699 SALVTEM.

219 1744 360 1783 ΕΤΙΑΜ
380 1745 505 1793 atque
524 1744 650 1782 etiam
669 1746 710 1782 te
725 1757 835 1794 rogo,
850 1745 914 1783 fac
934 1746 981 1783 vt
1000 1745 1207 1784 Dominus
1223 1743 1430 1793 intelligat
1449 1756 1584 1780 errore
1604 1741 1760 1780 factum

165 1809 272 1859 quod
293 1808 415 1847 illum
435 1821 520 1847 non
539 1809 721 1856 adierim,
745 1823 796 1848 ne
816 1808 1050 1859 suspicetur
1063 1823 1131 1849 me
1153 1809 1352 1860 refugisse
1369 1821 1492 1847 suum
1508 1806 1760 1856 colloquium

166 1875 273 1924 quod
292 1888 365 1925 ego
385 1887 646 1923 summopere
671 1874 927 1924 exoptabam.
990 1874 1042 1913 In
1069 1875 1146 1913 hoc
1171 1874 1415 1924 scripseram
1432 1885 1523 1911 eam
1543 1870 1761 1921 epistolam

167 1952 292 1989 quam
322 1939 401 1977 tibi
426 1938 605 1977 reddidit
631 1952 749 1978 meus
773 1939 966 1988 Ioannes,
986 1952 1156 1989 sperans
1174 1939 1261 1976 fore
1286 1941 1332 1977 vt
1359 1938 1447 1976 eius
1469 1938 1759 1987 argumentum

168 2004 349 2042 Domino
380 2004 565 2042 referres.
625 2003 808 2043 Videbar
840 2003 953 2043 enim
987 2003 1093 2042 mihi
1125 2004 1183 2042 sic
1218 2016 1308 2042 eam
1343 2005 1590 2052 temperasse
1622 2002 1670 2040 vt
1702 2001 1761 2039 ita
1779 2018 1796 2050 5

167 2069 331 2119 culpam
354 2081 377 2107 a
404 2081 472 2106 me
492 2069 744 2118 depellerem
762 2071 811 2108 vt
830 2069 875 2108 in
894 2072 936 2108 te
955 2072 1097 2108 tamen
1125 2069 1263 2107 odiose
1288 2082 1373 2106 non
1392 2068 1614 2106 reiicerem.
1675 2065 1761 2104 Nos

167 2134 233 2173 hic
270 2133 562 2172 molestissime
599 2133 849 2173 adornamus
886 2135 976 2180 iter,
1008 2134 1199 2172 nondum
1232 2134 1315 2173 scio
1353 2146 1447 2183 qu0,
1481 2132 1552 2170 sed
1589 2131 1761 2170 omnino

167 2199 428 2238 adornamus.
484 2198 556 2246 Tu,
577 2199 639 2236 mi
660 2199 849 2246 Gerarde,
867 2199 930 2237 fac
949 2198 1013 2237 tui
1032 2197 1187 2237 similis
1205 2211 1294 2237 esse
1313 2211 1468 2248 pergas.
1528 2197 1641 2235 Bene
1655 2195 1757 2235 vale.

223 2263 398 2302 Louanii
417 2263 616 2313 postridie
637 2263 788 2302 natalis
808 2263 895 2302 diui
916 2263 1057 2302 Marci.

644 2377 741 2418 838.
801 2376 865 2416 ΤΟ
897 2376 1089 2416 GERARD
1121 2375 1297 2416 LIsTER.

217 2467 407 2503 Deventer
425 2464 501 2501 MS.
519 2476 576 2511 91,
595 2466 620 2502 f.
642 2475 682 2511 13
700 2471 750 2501 v0.
1402 2463 1627 2511 <Louvain.>

218 2525 291 2560 LB.
309 2524 404 2569 App.
424 2534 505 2569 310.
1321 2522 1377 2568 (e.
1396 2523 1440 2557 26
1456 2521 1561 2567 April
1584 2521 1710 2568 1518.)

215 2604 372 2646 [Clearly
387 2605 531 2635 written
547 2604 586 2634 in
602 2603 797 2634 fulfilment
818 2603 855 2634 of
872 2603 933 2634 the
955 2604 1108 2643 promise
1132 2603 1236 2633 made
1253 2604 1291 2633 in
1307 2602 1370 2642 Ep.
1387 2603 1462 2640 830.
1480 2612 1511 2641 9,
1535 2611 1574 2632 10
1589 2614 1595 2633 :
1618 2600 1756 2642 indeed,

172 2649 340 2680 Erasmus
364 2647 571 2679 considered
594 2647 655 2678 the
680 2650 810 2678 matter
833 2656 870 2678 so
891 2649 1019 2687 urgent
1040 2646 1122 2677 that
1142 2646 1188 2677 he
1209 2649 1319 2678 wrote
1340 2647 1445 2677 twice
1464 2645 1514 2686 (711.
1538 2646 1615 2686 1‚2).
1658 2645 1756 2685 This,

215 2725 290 2757 836.
317 2734 366 2756 10.
393 2725 517 2756 statim
533 2727 608 2755 add.
625 2727 665 2756 D.
815 2733 863 2763 13.
888 2723 944 2755 vel
962 2746 970 2754 .
990 2747 998 2755 .
1017 2748 1024 2756 .
1046 2733 1096 2761 14.
1112 2722 1233 2753 fauore
1250 2725 1322 2753 add.
1341 2724 1379 2753 D.
1533 2731 1581 2761 14.
1606 2722 1635 2752 si
1652 2731 1758 2762 quem

173 2772 224 2801 N:
247 2770 287 2799 vt
303 2769 334 2799 si
350 2778 457 2808 quem
472 2770 541 2799 MS.
692 2769 740 2799 18.
766 2767 869 2798 Inter
886 2792 893 2799 .
910 2790 918 2798 .
936 2791 943 2798 .
966 2776 1014 2808 19.
1041 2767 1161 2806 agitur
1175 2769 1251 2796 adel.
1268 2769 1305 2796 D.
1458 2765 1533 2796 837.
1558 2766 1592 2795 8.
1615 2767 1665 2796 mi
1682 2768 1758 2797 LB:

174 2822 228 2843 me
244 2815 312 2842 MS.

217 2898 292 2933 836.
318 2900 351 2931 6.
376 2898 518 2940 salario]
534 2898 586 2930 Cf.
607 2898 669 2940 Ep.
685 2899 761 2939 691.
779 2900 811 2931 8.
1045 2897 1119 2928 837.
1143 2906 1174 2936 3.
1197 2895 1400 2936 epistolam]
1417 2896 1480 2936 Ep.
1497 2896 1571 2928 812.

218 2953 249 2982 7.
293 2942 495 2983 Hebraeus]
535 2942 634 2974 Matt.
679 2942 817 2974 Adrian
834 2953 843 2982 ;
887 2940 931 2972 cs.
1044 2951 1077 2981 4.
1112 2938 1282 2980 Ioannes]
1308 2939 1427 2970 Smith
1441 2950 1450 2978 ;
1482 2938 1564 2969 who
1588 2939 1758 2970 returned

174 2986 236 3027 Ep.
252 2986 326 3018 686.
341 2995 362 3025 5
374 2995 410 3017 n.
1002 2985 1040 3014 in
1056 2985 1146 3015 time
1160 2985 1197 3014 to
1212 2992 1316 3023 carry
1329 2983 1391 3013 the
1403 2983 1526 3013 letters
1540 2984 1576 3013 to
1593 2981 1757 3023 England

218 3031 249 3062 8.
269 3028 434 3071 Latinus]
445 3029 630 3068 Borsalus;
652 3029 695 3060 cf.
705 3029 767 3070 Ep.
781 3038 854 3069 737.
867 3030 888 3060 8
898 3039 933 3062 n.
1002 3037 1045 3059 on
1064 3037 1103 3059 or
1117 3026 1208 3058 after
1223 3034 1265 3065 25
1280 3025 1395 3066 April.

928 3096 954 3121 X
981 3094 1005 3121 2
