2034 3433
145 174 239 228 625]
454 177 523 216 ΤΟ
562 176 968 217 CHRISTOPHER
1005 178 1076 218 OF
1112 178 1419 219 UTENHEIM
1680 182 1733 219 49

141 291 277 318 meam
304 277 491 317 vicissim
524 278 570 316 in
603 279 644 316 te
678 279 785 327 grati
812 280 944 319 animi
975 281 1293 331 propensionem
1323 284 1516 322 testatam
1545 284 1730 331 efficiam,

141 344 183 380 et
205 342 447 392 posteritati,
478 342 515 380 si
543 342 644 392 quid
669 355 782 381 meae
805 344 966 392 possint
994 344 1161 384 literae:
1189 345 1276 385 imo
1299 360 1379 397 quo
1409 346 1559 386 melius
1589 348 1732 396 dicam,

141 410 187 446 vt
232 407 450 458 posteritas
494 406 540 444 in
586 408 627 445 te
682 407 782 446 boni
828 409 1031 457 praesulis
1070 409 1295 460 imaginem
1342 411 1526 461 accipiat,
1575 413 1620 451 in
1668 426 1736 452 me

141 472 276 512 seduli
309 471 472 512 clientis
503 472 750 521 exemplum.
834 473 912 512 Sed
951 473 1148 513 hactenus
1181 475 1291 514 varie
1323 476 1369 514 in
1402 477 1464 515 tot
1498 489 1618 516 curas
1657 478 1732 516 dis-

140 539 309 585 tractus,
341 537 440 576 hinc
476 536 625 576 studiis
662 538 776 585 meis,
814 539 912 577 hinc
949 539 1066 578 aulae
1103 541 1285 591 negociis
1317 541 1385 580 vel
1423 542 1545 592 nugis
1582 542 1730 592 potius,
1757 560 1795 582 ιο

139 602 239 641 hinc
258 602 545 652 theologorum
566 604 825 652 quorundam
844 604 961 653 odiis,
983 605 1224 645 meminisse
1244 606 1378 656 magis
1396 608 1582 657 poteram
1613 607 1735 646 officii

141 667 223 706 mei
252 680 376 718 quam
409 668 625 717 praestare.
686 667 806 706 Nunc
838 681 932 707 cum
967 669 1169 720 theologis
1198 683 1279 721 pax
1309 673 1372 710 est
1405 671 1622 721 altissima,
1653 672 1736 711 nisi

139 731 247 782 quod
275 731 501 770 reclamant
529 732 662 770 adhuc
688 732 881 771 cucullati
910 734 1086 784 pauculi,
1109 735 1180 774 sed
1205 736 1361 786 procul,
1385 738 1426 774 et
1450 736 1494 775 in
1520 736 1735 775 absentem

141 796 357 835 dumtaxat
377 796 642 845 oblatrantes,
660 798 902 848 praesertim
922 798 993 837 vbi
1013 799 1159 838 calices
1178 800 1436 840 reddiderint
1455 813 1524 840 eos
1544 801 1730 840 disertos.

194 861 264 900 Ab
276 861 370 900 aula
382 875 450 899 me
461 875 628 911 prorsus
639 861 784 901 auulsi.
823 863 997 901 Louanii
1011 864 1149 912 sedeo;
1176 878 1270 903 cum
1284 866 1394 904 coelo
1410 865 1512 905 satis
1525 866 1732 905 conuenit.
1755 882 1793 914 15

142 927 269 976 Spero
308 926 471 965 dabitur
508 927 778 966 commoditas
816 927 958 966 animo
1002 941 1095 967 meo
1133 929 1438 979 satisfaciendi3
1479 944 1554 970 nec
1592 933 1734 970 tamen

142 990 350 1029 Basileam
383 991 542 1029 excussi
575 991 726 1038 animo,
760 991 830 1029 sed
863 994 926 1030 est
959 1005 1032 1030 cur
1060 993 1128 1031 hic
1161 994 1352 1044 expediat
1385 1008 1546 1034 menses
1579 995 1735 1046 aliquot

141 1055 334 1094 desidere.
395 1055 445 1094 Id
474 1055 573 1106 quid
602 1055 662 1094 rei
689 1055 754 1104 sit,
786 1056 939 1105 partim
967 1057 1149 1096 indicaui
1178 1058 1389 1098 Ludouico
1413 1060 1531 1099 Bero.
1591 1060 1734 1111 Neque

141 1132 239 1158 vero
266 1132 333 1158 me
358 1120 464 1158 istuc
490 1119 660 1169 perinde
686 1119 876 1158 inuitarit
901 1120 1005 1159 coeli
1026 1122 1154 1160 vestri
1180 1123 1409 1162 amoenitas
1428 1125 1550 1174 atque
1570 1125 1736 1164 animus

141 1184 220 1223 iste
238 1186 333 1223 tuae
357 1183 618 1223 celsitudinis
640 1186 728 1223 tam
749 1184 793 1222 in
814 1198 889 1224 nos
913 1198 1150 1235 propensus.
1210 1187 1294 1226 Pro
1322 1187 1466 1226 officiis
1485 1190 1525 1227 et
1544 1189 1736 1228 humani·
1755 1204 1796 1226 20

141 1250 225 1287 tate
245 1261 324 1298 qua
342 1248 521 1287 Beatum
541 1248 801 1298 Rhenanum,
826 1262 937 1288 rarae
956 1250 1172 1300 probitatis
1192 1250 1341 1299 virum,
1363 1253 1631 1302 prosequeris,
1649 1266 1735 1292 non

140 1313 346 1352 minorem
365 1311 497 1351 habeo
516 1313 692 1363 gratiam
712 1325 836 1363 quam
862 1314 900 1352 si
925 1314 969 1352 in
996 1314 1202 1365 meipsum
1226 1315 1473 1355 collocasses.
1534 1318 1595 1356 De
1614 1320 1736 1357 nouis

141 1377 264 1416 rebus
283 1390 333 1415 ex
352 1376 530 1416 aliorum
544 1377 676 1416 literis
694 1391 923 1428 cognosces
981 1379 1093 1418 Bene
1113 1380 1214 1428 vale,
1237 1382 1460 1420 reuerende
1478 1384 1604 1432 pater.

195 1441 383 1489 Louanii‚
406 1442 491 1480 An.
512 1455 705 1481 M.D.xvi1.

1468 1500 1677 1540 Erasmus.
1758 1511 1794 1542 25

569 1655 719 1697 599626.
782 1655 845 1696 To
876 1655 1026 1698 LUCAs
1060 1655 1306 1701 PALIURUS.

188 1755 409 1791 Auctarium
427 1767 462 1801 p.
486 1756 560 1800 183.
1439 1759 1611 1795 Louvain.

189 1813 228 1849 F.
245 1825 281 1860 p.
307 1815 393 1858 158:
418 1812 510 1849 HN:
535 1814 648 1850 Lond.
669 1814 721 1850 iii.
743 1826 806 1858 24:
833 1814 905 1850 LB.
926 1816 1004 1851 262.
1362 1827 1405 1861 23
1424 1817 1566 1865 August
1589 1827 1687 1864 1517,

161 1938 258 1969 DES.
284 1937 490 1968 ERASMVS
521 1938 852 1970 ROTERODAMVS
882 1939 1058 1970 INSIGNI
1089 1939 1214 1971 IVRIS
1244 1940 1496 1978 VTRIVSQVE
1528 1941 1722 1973 DOCTORI

595 2008 637 2038 D.
664 2007 808 2040 LVCAE
839 2007 1035 2039 PALIVRO
1066 2008 1149 2039 SVO
1181 2009 1214 2040 S.
1241 2009 1283 2041 D.

197 2103 315 2151 Qvon
335 2105 444 2142 recte
462 2104 587 2153 vales,
610 2106 765 2155 gaudeo
784 2119 793 2152 ;
823 2105 932 2154 quod
951 2105 1085 2143 nostri
1097 2118 1182 2144 non
1194 2105 1330 2144 solum
1344 2119 1506 2146 memor
1518 2120 1560 2146 es
1575 2120 1736 2146 verum-

143 2166 269 2206 etiam
306 2168 526 2216 studiosus,
566 2169 696 2208 habeo
735 2170 933 2219 gratiam;
985 2169 1094 2219 quod
1132 2169 1358 2208 honestum
1396 2171 1533 2210 locum
1573 2171 1736 2210 obtines

143 2232 251 2281 apud
271 2231 524 2270 Antistitem
544 2234 732 2272 omnium
758 2233 977 2283 optimum,
999 2246 1244 2282 magnopere
1270 2233 1349 2272 tibi
1375 2234 1568 2284 gratulor.
1628 2235 1735 2284 Opto

142 2298 188 2334 vt
207 2297 278 2334 tua
297 2295 471 2334 felicitas
491 2310 613 2347 quam
632 2297 812 2336 maxime
833 2297 993 2336 diutina
1011 2297 1078 2344 sit,
1101 2310 1342 2347 semperque
1362 2298 1506 2346 maior,
1530 2312 1574 2338 ac
1593 2312 1736 2348 precor

142 2362 189 2399 vt
219 2360 326 2411 quod
355 2360 456 2399 facis
483 2361 613 2400 facere
640 2375 794 2412 pergas,
824 2364 870 2400 vt
898 2362 1121 2400 Erasmum
1149 2361 1414 2412 integerrimo
1444 2363 1634 2402 Praesuli
1662 2366 1735 2403 tuo
1753 2382 1770 2413 5

142 2425 480 2464 commendatum
509 2426 681 2474 reddas3
710 2440 790 2478 quo
818 2426 925 2465 mihi
952 2426 1061 2465 nihil
1087 2425 1220 2475 magis
1238 2427 1364 2465 estin
1385 2429 1504 2467 votis.
1563 2429 1736 2468 Vtinam

143 2489 254 2528 orbis
271 2489 442 2529 haberet
461 2490 617 2531 multos
637 2491 752 2530 illius
771 2490 954 2530 similes!
1001 2491 1115 2530 Bene
1135 2490 1239 2530 vale.

196 2554 382 2603 Louanii,
405 2554 538 2605 pridie
560 2555 880 2595 Bartholomaei.
939 2557 1076 2595 Anno.
1101 2568 1297 2594 M.D.xvn.

187 2683 261 2713 625.
290 2692 321 2722 7.
346 2685 381 2714 et
397 2687 465 2716 MS.
484 2696 491 2715 t
514 2685 624 2716 etiam
641 2688 683 2716 H.
810 2687 842 2716 8.
870 2686 1064 2724 imaginem
1081 2688 1128 2716 D:
1153 2685 1356 2725 exemplum
1374 2689 1442 2717 MS.
1579 2696 1609 2725 9.
1636 2688 1735 2719 varie

145 2727 212 2756 MS.
231 2736 237 2755 :
262 2735 356 2757 vnus
371 2730 407 2759 D.
582 2738 632 2768 13.
658 2729 825 2760 cucullati
841 2731 930 2760 MS.:
955 2729 1136 2768 personati
1153 2731 1190 2759 D.
1366 2739 1415 2768 14.
1438 2730 1649 2769 praesertim
1667 2754 1674 2762 .
1697 2754 1704 2762 .
1726 2756 1732 2762 .

145 2768 298 2800 disertos
313 2773 388 2801 add.
407 2773 436 2801 D
452 2771 524 2811 (eos
539 2775 612 2804 add.
630 2773 683 2813 F).
848 2773 897 2803 18.
922 2772 1011 2811 quid
1028 2773 1078 2802 rei
1096 2772 1142 2802 sit
1158 2775 1233 2803 add.
1250 2774 1287 2802 D.
1400 2772 1579 2804 Ludouico
1595 2775 1668 2805 adol.
1688 2777 1730 2805 Η.

148 2822 197 2851 19.
238 2815 287 2842 D:
325 2814 498 2845 inuitaret
526 2818 596 2846 MS.
767 2825 819 2856 23.
845 2813 905 2847 Rde
937 2818 1005 2846 MS.
1022 2826 1029 2845 :
1067 2815 1313 2847 Reuerendiss.
1346 2818 1373 2846 D
1388 2826 1395 2845 :
1432 2816 1657 2856 suspiciende
1688 2820 1731 2848 H.

143 2865 195 2893 24.
223 2855 384 2896 Louanii,
396 2857 466 2888 An.
483 2867 559 2890 MA).
572 2868 648 2890 xvn
665 2862 737 2890 add.
756 2861 792 2890 D.
924 2869 974 2898 25.
1003 2859 1171 2890 Erasmus
1185 2869 1243 2890 om.
1260 2861 1298 2890 D.

186 2976 261 3007 625.
290 2985 340 3014 14.
360 2976 501 3017 calices]
517 2977 569 3009 Cf.
586 2978 672 3011 Hor.
688 2982 746 3016 Ep.
767 2989 792 3010 1.
808 2990 839 3019 5.
860 2989 908 3018 19.
974 2980 1114 3019 getting
1144 2979 1206 3010 the
1232 2980 1378 3011 balance
1407 2980 1446 3010 of
1475 2980 1535 3012 his
1558 2981 1732 3021 pension;

191 3020 239 3051 18.
265 3019 308 3050 Id
325 3019 414 3058 quid
430 3021 480 3051 rei
502 3020 566 3061 sit]
588 3022 661 3053 The
681 3022 854 3063 difficulty
875 3023 913 3054 of
976 3023 1019 3054 cf.
1039 3023 1125 3063 Epp.
1145 3032 1218 3063 597.
1238 3025 1281 3054 26
1298 3033 1331 3054 n.
1351 3022 1422 3054 and
1439 3024 1513 3062 627.
1534 3024 1610 3062 5—-8,

209 3085 317 3105 ALLEN
334 3085 376 3104 111
927 3091 952 3116 E
