<?xml version="1.0" encoding="UTF-8"?>
<!DOCTYPE html PUBLIC "-//W3C//DTD XHTML 1.0 Transitional//EN"
    "http://www.w3.org/TR/xhtml1/DTD/xhtml1-transitional.dtd">
<html xmlns="http://www.w3.org/1999/xhtml" xml:lang="en" lang="en">
 <head>
  <title>
</title>
<meta http-equiv="Content-Type" content="text/html;charset=utf-8" />
  <meta name='ocr-system' content='tesseract 3.04.00' />
  <meta name='ocr-capabilities' content='ocr_page ocr_carea ocr_par ocr_line ocrx_word'/>
</head>
<body>
  <div class='ocr_page' id='page_1' title='image "./opusepistolarumd03erasuoft_0365.png"; bbox 0 0 2034 3433; ppageno 0'>
   <div class='ocr_carea' id='block_1_1' title="bbox 131 138 1724 194">
    <p class='ocr_par' dir='ltr' id='par_1_1' title="bbox 131 138 1724 194">
     <span class='ocr_line' id='line_1_1' title="bbox 131 138 1724 194; baseline -0.003 -15"><span class='ocrx_word' id='word_1_1' title='bbox 131 139 226 194; x_wconf 85' lang='lat'>843]</span> <span class='ocrx_word' id='word_1_2' title='bbox 619 143 688 181; x_wconf 88' lang='grc' dir='ltr'>ΤΟ</span> <span class='ocrx_word' id='word_1_3' title='bbox 725 141 951 181; x_wconf 80' lang='lat' dir='ltr'><strong>MARTIN</strong></span> <span class='ocrx_word' id='word_1_4' title='bbox 991 139 1235 180; x_wconf 83' lang='lat' dir='ltr'>LYPSIUS</span> <span class='ocrx_word' id='word_1_5' title='bbox 1644 138 1724 176; x_wconf 69' lang='lat'>:319</span> 
     </span>
    </p>
   </div>
   <div class='ocr_carea' id='block_1_2' title="bbox 129 241 1739 2573">
    <p class='ocr_par' dir='ltr' id='par_1_2' title="bbox 129 241 1727 555">
     <span class='ocr_line' id='line_1_2' title="bbox 129 241 1721 296; baseline -0.003 -13"><span class='ocrx_word' id='word_1_6' title='bbox 129 245 245 284; x_wconf 87' lang='lat' dir='ltr'>ribus</span> <span class='ocrx_word' id='word_1_7' title='bbox 272 259 363 284; x_wconf 89' lang='lat' dir='ltr'>eam</span> <span class='ocrx_word' id='word_1_8' title='bbox 391 245 735 296; x_wconf 72' lang='lat' dir='ltr'><strong>improbantibus.</strong></span> <span class='ocrx_word' id='word_1_9' title='bbox 795 246 877 284; x_wconf 88' lang='lat' dir='ltr'>Hic</span> <span class='ocrx_word' id='word_1_10' title='bbox 906 245 1013 284; x_wconf 89' lang='lat' dir='ltr'>mihi</span> <span class='ocrx_word' id='word_1_11' title='bbox 1041 245 1194 294; x_wconf 85' lang='lat' dir='ltr'>triplex</span> <span class='ocrx_word' id='word_1_12' title='bbox 1223 243 1419 293; x_wconf 81' lang='lat' dir='ltr'>impingit</span> <span class='ocrx_word' id='word_1_13' title='bbox 1447 241 1721 281; x_wconf 80' lang='lat' dir='ltr'>mendacium.</span> 
     </span>
     <span class='ocr_line' id='line_1_3' title="bbox 130 307 1727 360; baseline -0.002 -13"><span class='ocrx_word' id='word_1_14' title='bbox 130 309 224 348; x_wconf 89' lang='lat' dir='ltr'>Imo</span> <span class='ocrx_word' id='word_1_15' title='bbox 263 312 272 330; x_wconf 90' lang='lat'>‘</span> <span class='ocrx_word' id='word_1_16' title='bbox 293 310 468 349; x_wconf 87' lang='lat' dir='ltr'>Omnis’</span> <span class='ocrx_word' id='word_1_17' title='bbox 505 310 642 360; x_wconf 89' lang='lat' dir='ltr'>inquit</span> <span class='ocrx_word' id='word_1_18' title='bbox 683 310 873 360; x_wconf 82' lang='lat' dir='ltr'>‘sapiens</span> <span class='ocrx_word' id='word_1_19' title='bbox 911 310 1027 348; x_wconf 88' lang='lat' dir='ltr'>docet</span> <span class='ocrx_word' id='word_1_20' title='bbox 1065 310 1156 348; x_wconf 88' lang='lat' dir='ltr'>sine</span> <span class='ocrx_word' id='word_1_21' title='bbox 1193 307 1459 358; x_wconf 82' lang='lat' dir='ltr'>philosophia</span> <span class='ocrx_word' id='word_1_22' title='bbox 1492 307 1727 356; x_wconf 85' lang='lat' dir='ltr'>Scripturas</span> 
     </span>
     <span class='ocr_line' id='line_1_4' title="bbox 129 373 1723 426; baseline -0.003 -13"><span class='ocrx_word' id='word_1_23' title='bbox 129 387 267 413; x_wconf 85' lang='lat' dir='ltr'>sacras</span> <span class='ocrx_word' id='word_1_24' title='bbox 294 375 474 426; x_wconf 79' lang='lat' dir='ltr'>intelligi</span> <span class='ocrx_word' id='word_1_25' title='bbox 503 388 588 414; x_wconf 92' lang='lat' dir='ltr'>non</span> <span class='ocrx_word' id='word_1_26' title='bbox 616 388 734 426; x_wconf 86' lang='lat' dir='ltr'>posse</span> <span class='ocrx_word' id='word_1_27' title='bbox 751 376 786 413; x_wconf 79' lang='lat'>⁹:</span> <span class='ocrx_word' id='word_1_28' title='bbox 816 378 858 414; x_wconf 90' lang='lat' dir='ltr'>at</span> <span class='ocrx_word' id='word_1_29' title='bbox 889 389 936 414; x_wconf 91' lang='lat' dir='ltr'>ex</span> <span class='ocrx_word' id='word_1_30' title='bbox 970 375 1039 414; x_wconf 91' lang='lat' dir='ltr'>his</span> <span class='ocrx_word' id='word_1_31' title='bbox 1067 374 1263 413; x_wconf 87' lang='lat' dir='ltr'>omnibus</span> <span class='ocrx_word' id='word_1_32' title='bbox 1292 387 1366 412; x_wconf 89' lang='lat' dir='ltr'>nec</span> <span class='ocrx_word' id='word_1_33' title='bbox 1395 386 1523 413; x_wconf 86' lang='lat' dir='ltr'>vnum</span> <span class='ocrx_word' id='word_1_34' title='bbox 1555 373 1723 423; x_wconf 76' lang='lat' dir='ltr'>profert.</span> 
     </span>
     <span class='ocr_line' id='line_1_5' title="bbox 129 438 1724 491; baseline -0.003 -12"><span class='ocrx_word' id='word_1_35' title='bbox 129 440 249 488; x_wconf 78' lang='lat' dir='ltr'>Quod</span> <span class='ocrx_word' id='word_1_36' title='bbox 266 441 302 479; x_wconf 91' lang='lat' dir='ltr'>si</span> <span class='ocrx_word' id='word_1_37' title='bbox 316 441 506 491; x_wconf 87' lang='lat' dir='ltr'>proferat,</span> <span class='ocrx_word' id='word_1_38' title='bbox 521 441 571 479; x_wconf 92' lang='lat' dir='ltr'>ad</span> <span class='ocrx_word' id='word_1_39' title='bbox 588 454 654 479; x_wconf 90' lang='lat' dir='ltr'>me</span> <span class='ocrx_word' id='word_1_40' title='bbox 670 453 756 479; x_wconf 91' lang='lat' dir='ltr'>non</span> <span class='ocrx_word' id='word_1_41' title='bbox 771 440 962 490; x_wconf 76' lang='lat' dir='ltr'>pertinet,</span> <span class='ocrx_word' id='word_1_42' title='bbox 983 453 1077 478; x_wconf 89' lang='lat' dir='ltr'>cum</span> <span class='ocrx_word' id='word_1_43' title='bbox 1093 453 1167 490; x_wconf 87' lang='lat' dir='ltr'>ego</span> <span class='ocrx_word' id='word_1_44' title='bbox 1184 440 1233 478; x_wconf 93' lang='lat' dir='ltr'>de</span> <span class='ocrx_word' id='word_1_45' title='bbox 1249 439 1439 478; x_wconf 81' lang='lat' dir='ltr'>cautione</span> <span class='ocrx_word' id='word_1_46' title='bbox 1454 438 1724 476; x_wconf 76' lang='lat' dir='ltr'>Decretorun]</span> 
     </span>
     <span class='ocr_line' id='line_1_6' title="bbox 130 505 285 555; baseline 0.013 -12"><span class='ocrx_word' id='word_1_47' title='bbox 130 505 285 555; x_wconf 89' lang='lat' dir='ltr'>loquar.</span> 
     </span>
    </p>

    <p class='ocr_par' dir='ltr' id='par_1_3' title="bbox 130 568 1729 751">
     <span class='ocr_line' id='line_1_7' title="bbox 188 568 1728 620; baseline -0.003 -10"><span class='ocrx_word' id='word_1_48' title='bbox 188 574 249 619; x_wconf 87' lang='lat'>36.</span> <span class='ocrx_word' id='word_1_49' title='bbox 282 572 391 609; x_wconf 88' lang='lat' dir='ltr'>Tum</span> <span class='ocrx_word' id='word_1_50' title='bbox 415 572 568 610; x_wconf 88' lang='lat' dir='ltr'>fatetur</span> <span class='ocrx_word' id='word_1_51' title='bbox 591 571 828 610; x_wconf 80' lang='lat' dir='ltr'>dubitatum</span> <span class='ocrx_word' id='word_1_52' title='bbox 848 570 897 608; x_wconf 87' lang='lat' dir='ltr'>de</span> <span class='ocrx_word' id='word_1_53' title='bbox 924 570 1209 620; x_wconf 81' lang='lat' dir='ltr'>philosophiae</span> <span class='ocrx_word' id='word_1_54' title='bbox 1233 569 1383 615; x_wconf 90' lang='lat' dir='ltr'>studio,</span> <span class='ocrx_word' id='word_1_55' title='bbox 1404 571 1445 607; x_wconf 88' lang='lat' dir='ltr'>at</span> <span class='ocrx_word' id='word_1_56' title='bbox 1475 582 1558 607; x_wconf 89' lang='lat' dir='ltr'>non</span> <span class='ocrx_word' id='word_1_57' title='bbox 1579 568 1728 618; x_wconf 91' lang='lat' dir='ltr'>impro-</span> 
     </span>
     <span class='ocr_line' id='line_1_8' title="bbox 130 634 1729 686; baseline -0.002 -12"><span class='ocrx_word' id='word_1_58' title='bbox 130 636 286 675; x_wconf 89' lang='lat' dir='ltr'>batum.</span> <span class='ocrx_word' id='word_1_59' title='bbox 348 637 468 676; x_wconf 87' lang='lat' dir='ltr'>Idem</span> <span class='ocrx_word' id='word_1_60' title='bbox 496 649 571 686; x_wconf 86' lang='lat' dir='ltr'>ego</span> <span class='ocrx_word' id='word_1_61' title='bbox 597 636 699 676; x_wconf 92' lang='lat' dir='ltr'>dico.</span> <span class='ocrx_word' id='word_1_62' title='bbox 761 636 923 676; x_wconf 84' lang='lat' dir='ltr'>Gertius</span> <span class='ocrx_word' id='word_1_63' title='bbox 944 635 1071 685; x_wconf 87' lang='lat' dir='ltr'>igitur</span> <span class='ocrx_word' id='word_1_64' title='bbox 1090 637 1153 673; x_wconf 88' lang='lat' dir='ltr'>est</span> <span class='ocrx_word' id='word_1_65' title='bbox 1169 634 1219 672; x_wconf 92' lang='lat' dir='ltr'>de</span> <span class='ocrx_word' id='word_1_66' title='bbox 1239 647 1320 684; x_wconf 88' lang='lat' dir='ltr'>quo</span> <span class='ocrx_word' id='word_1_67' title='bbox 1341 634 1551 672; x_wconf 88' lang='lat' dir='ltr'>decretum</span> <span class='ocrx_word' id='word_1_68' title='bbox 1572 635 1635 672; x_wconf 90' lang='lat' dir='ltr'>est</span> <span class='ocrx_word' id='word_1_69' title='bbox 1655 646 1729 671; x_wconf 89' lang='lat' dir='ltr'>nec</span> 
     </span>
     <span class='ocr_line' id='line_1_9' title="bbox 131 702 588 751; baseline 0.002 -12"><span class='ocrx_word' id='word_1_70' title='bbox 131 714 316 751; x_wconf 85' lang='lat' dir='ltr'>vnquam</span> <span class='ocrx_word' id='word_1_71' title='bbox 336 702 588 740; x_wconf 84' lang='lat' dir='ltr'>dubitatum.</span> 
     </span>
    </p>

    <p class='ocr_par' dir='ltr' id='par_1_4' title="bbox 133 764 1730 937">
     <span class='ocr_line' id='line_1_10' title="bbox 189 764 1730 817; baseline -0.003 -11"><span class='ocrx_word' id='word_1_72' title='bbox 189 777 250 815; x_wconf 83' lang='lat'>37.</span> <span class='ocrx_word' id='word_1_73' title='bbox 281 767 392 806; x_wconf 88' lang='lat' dir='ltr'>Item</span> <span class='ocrx_word' id='word_1_74' title='bbox 430 769 554 817; x_wconf 87' lang='lat' dir='ltr'>negat</span> <span class='ocrx_word' id='word_1_75' title='bbox 592 780 615 805; x_wconf 86' lang='lat' dir='ltr'>a</span> <span class='ocrx_word' id='word_1_76' title='bbox 652 767 817 817; x_wconf 83' lang='lat' dir='ltr'>magnis</span> <span class='ocrx_word' id='word_1_77' title='bbox 860 766 1075 804; x_wconf 70' lang='lat' dir='ltr'>autoribus</span> <span class='ocrx_word' id='word_1_78' title='bbox 1117 764 1400 814; x_wconf 85' lang='lat' dir='ltr'>improbatum</span> <span class='ocrx_word' id='word_1_79' title='bbox 1445 764 1730 814; x_wconf 78' lang='lat' dir='ltr'>philosophiae</span> 
     </span>
     <span class='ocr_line' id='line_1_11' title="bbox 135 829 1729 882; baseline -0.002 -13"><span class='ocrx_word' id='word_1_80' title='bbox 135 832 331 872; x_wconf 87' lang='lat' dir='ltr'>studium.</span> <span class='ocrx_word' id='word_1_81' title='bbox 393 832 442 871; x_wconf 90' lang='lat' dir='ltr'>Id</span> <span class='ocrx_word' id='word_1_82' title='bbox 463 846 549 871; x_wconf 93' lang='lat' dir='ltr'>non</span> <span class='ocrx_word' id='word_1_83' title='bbox 568 833 747 882; x_wconf 86' lang='lat' dir='ltr'>negabit,</span> <span class='ocrx_word' id='word_1_84' title='bbox 768 832 803 871; x_wconf 90' lang='lat' dir='ltr'>si</span> <span class='ocrx_word' id='word_1_85' title='bbox 823 832 932 881; x_wconf 87' lang='lat' dir='ltr'>legat</span> <span class='ocrx_word' id='word_1_86' title='bbox 953 830 1184 880; x_wconf 82' lang='lat' dir='ltr'>origenem,</span> <span class='ocrx_word' id='word_1_87' title='bbox 1210 830 1528 879; x_wconf 81' lang='lat' dir='ltr'>Hieronymum,</span> <span class='ocrx_word' id='word_1_88' title='bbox 1550 829 1729 868; x_wconf 59' lang='lat' dir='ltr'>Ambron</span> 
     </span>
     <span class='ocr_line' id='line_1_12' title="bbox 133 898 257 937; baseline 0.008 -1"><span class='ocrx_word' id='word_1_89' title='bbox 133 898 257 937; x_wconf 85' lang='lat' dir='ltr'>sium.</span> 
     </span>
    </p>

    <p class='ocr_par' dir='ltr' id='par_1_5' title="bbox 134 959 1733 1338">
     <span class='ocr_line' id='line_1_13' title="bbox 192 959 1732 1011; baseline -0.003 -10"><span class='ocrx_word' id='word_1_90' title='bbox 192 965 253 1011; x_wconf 80' lang='lat'>38.</span> <span class='ocrx_word' id='word_1_91' title='bbox 298 963 365 1001; x_wconf 86' lang='lat' dir='ltr'>Sic</span> <span class='ocrx_word' id='word_1_92' title='bbox 403 965 543 1002; x_wconf 89' lang='lat' dir='ltr'>autem</span> <span class='ocrx_word' id='word_1_93' title='bbox 582 963 649 1002; x_wconf 92' lang='lat' dir='ltr'>hic</span> <span class='ocrx_word' id='word_1_94' title='bbox 688 976 853 1002; x_wconf 88' lang='lat' dir='ltr'>mecum</span> <span class='ocrx_word' id='word_1_95' title='bbox 891 962 977 1011; x_wconf 86' lang='lat' dir='ltr'>agit</span> <span class='ocrx_word' id='word_1_96' title='bbox 1016 962 1132 1011; x_wconf 81' lang='lat' dir='ltr'>quasi</span> <span class='ocrx_word' id='word_1_97' title='bbox 1174 961 1405 999; x_wconf 86' lang='lat' dir='ltr'>damnarim</span> <span class='ocrx_word' id='word_1_98' title='bbox 1445 959 1732 1009; x_wconf 86' lang='lat' dir='ltr'>philosophiae</span> 
     </span>
     <span class='ocr_line' id='line_1_14' title="bbox 136 1025 1732 1076; baseline -0.003 -10"><span class='ocrx_word' id='word_1_99' title='bbox 136 1028 333 1076; x_wconf 85' lang='lat' dir='ltr'>studium,</span> <span class='ocrx_word' id='word_1_100' title='bbox 363 1041 457 1067; x_wconf 88' lang='lat' dir='ltr'>cum</span> <span class='ocrx_word' id='word_1_101' title='bbox 482 1041 573 1067; x_wconf 87' lang='lat' dir='ltr'>eam</span> <span class='ocrx_word' id='word_1_102' title='bbox 601 1029 852 1067; x_wconf 83' lang='lat' dir='ltr'>contulerim</span> <span class='ocrx_word' id='word_1_103' title='bbox 877 1030 1045 1066; x_wconf 87' lang='lat' dir='ltr'>tantum</span> <span class='ocrx_word' id='word_1_104' title='bbox 1074 1040 1168 1064; x_wconf 90' lang='lat' dir='ltr'>cum</span> <span class='ocrx_word' id='word_1_105' title='bbox 1198 1039 1274 1065; x_wconf 85' lang='lat' dir='ltr'>vsu</span> <span class='ocrx_word' id='word_1_106' title='bbox 1306 1025 1553 1075; x_wconf 88' lang='lat' dir='ltr'>linguarum.</span> <span class='ocrx_word' id='word_1_107' title='bbox 1614 1025 1732 1064; x_wconf 86' lang='lat' dir='ltr'>Certe</span> 
     </span>
     <span class='ocr_line' id='line_1_15' title="bbox 136 1089 1731 1144; baseline -0.003 -13"><span class='ocrx_word' id='word_1_108' title='bbox 136 1093 278 1143; x_wconf 85' lang='lat' dir='ltr'>negari</span> <span class='ocrx_word' id='word_1_109' title='bbox 297 1106 382 1131; x_wconf 90' lang='lat' dir='ltr'>non</span> <span class='ocrx_word' id='word_1_110' title='bbox 396 1094 533 1143; x_wconf 85' lang='lat' dir='ltr'>potest</span> <span class='ocrx_word' id='word_1_111' title='bbox 548 1094 707 1132; x_wconf 91' lang='lat' dir='ltr'>donum</span> <span class='ocrx_word' id='word_1_112' title='bbox 721 1093 960 1144; x_wconf 85' lang='lat' dir='ltr'>linguarum</span> <span class='ocrx_word' id='word_1_113' title='bbox 976 1092 1119 1130; x_wconf 89' lang='lat' dir='ltr'>datum</span> <span class='ocrx_word' id='word_1_114' title='bbox 1136 1090 1350 1141; x_wconf 86' lang='lat' dir='ltr'>Apostolis</span> <span class='ocrx_word' id='word_1_115' title='bbox 1366 1103 1439 1129; x_wconf 89' lang='lat' dir='ltr'>ceu</span> <span class='ocrx_word' id='word_1_116' title='bbox 1456 1089 1731 1128; x_wconf 86' lang='lat' dir='ltr'>necessarium</span> 
     </span>
     <span class='ocr_line' id='line_1_16' title="bbox 134 1153 1732 1208; baseline -0.003 -12"><span class='ocrx_word' id='word_1_117' title='bbox 134 1158 185 1196; x_wconf 90' lang='lat' dir='ltr'>ad</span> <span class='ocrx_word' id='word_1_118' title='bbox 204 1157 499 1207; x_wconf 85' lang='lat' dir='ltr'>Euangelicam</span> <span class='ocrx_word' id='word_1_119' title='bbox 519 1157 867 1208; x_wconf 85' lang='lat' dir='ltr'>praedicationem</span> <span class='ocrx_word' id='word_1_120' title='bbox 882 1172 892 1206; x_wconf 82' lang='lat'><em>3</em></span> <span class='ocrx_word' id='word_1_121' title='bbox 921 1155 1208 1207; x_wconf 88' lang='lat' dir='ltr'>philosophiae</span> <span class='ocrx_word' id='word_1_122' title='bbox 1228 1155 1467 1194; x_wconf 89' lang='lat' dir='ltr'>Platonicae</span> <span class='ocrx_word' id='word_1_123' title='bbox 1486 1156 1556 1193; x_wconf 85' lang='lat' dir='ltr'>aut</span> <span class='ocrx_word' id='word_1_124' title='bbox 1576 1153 1732 1192; x_wconf 87' lang='lat' dir='ltr'>Aristo-</span> 
     </span>
     <span class='ocr_line' id='line_1_17' title="bbox 136 1219 1733 1273; baseline -0.002 -13"><span class='ocrx_word' id='word_1_125' title='bbox 136 1222 279 1261; x_wconf 89' lang='lat' dir='ltr'>telicae</span> <span class='ocrx_word' id='word_1_126' title='bbox 302 1223 582 1273; x_wconf 82' lang='lat' dir='ltr'>cognitionem</span> <span class='ocrx_word' id='word_1_127' title='bbox 612 1223 750 1262; x_wconf 90' lang='lat' dir='ltr'>datam</span> <span class='ocrx_word' id='word_1_128' title='bbox 779 1236 863 1262; x_wconf 92' lang='lat' dir='ltr'>non</span> <span class='ocrx_word' id='word_1_129' title='bbox 892 1222 1082 1272; x_wconf 86' lang='lat' dir='ltr'>legimus,</span> <span class='ocrx_word' id='word_1_130' title='bbox 1116 1221 1277 1260; x_wconf 87' lang='lat' dir='ltr'>etiamsi</span> <span class='ocrx_word' id='word_1_131' title='bbox 1318 1220 1577 1258; x_wconf 85' lang='lat' dir='ltr'>moderatum</span> <span class='ocrx_word' id='word_1_132' title='bbox 1609 1219 1733 1258; x_wconf 88' lang='lat' dir='ltr'>huius</span> 
     </span>
     <span class='ocr_line' id='line_1_18' title="bbox 136 1288 770 1338; baseline 0 -12"><span class='ocrx_word' id='word_1_133' title='bbox 136 1288 322 1326; x_wconf 82' lang='lat' dir='ltr'>studium</span> <span class='ocrx_word' id='word_1_134' title='bbox 341 1288 609 1327; x_wconf 88' lang='lat' dir='ltr'>vehementer</span> <span class='ocrx_word' id='word_1_135' title='bbox 626 1288 770 1338; x_wconf 87' lang='lat' dir='ltr'>probo.</span> 
     </span>
    </p>

    <p class='ocr_par' dir='ltr' id='par_1_6' title="bbox 137 1350 1735 1666">
     <span class='ocr_line' id='line_1_19' title="bbox 194 1350 1734 1404; baseline -0.004 -11"><span class='ocrx_word' id='word_1_136' title='bbox 194 1366 256 1401; x_wconf 84' lang='lat'>39.</span> <span class='ocrx_word' id='word_1_137' title='bbox 289 1352 531 1392; x_wconf 87' lang='lat' dir='ltr'>Ridiculum</span> <span class='ocrx_word' id='word_1_138' title='bbox 550 1366 648 1392; x_wconf 86' lang='lat' dir='ltr'>vero</span> <span class='ocrx_word' id='word_1_139' title='bbox 678 1354 786 1404; x_wconf 92' lang='lat' dir='ltr'>quod</span> <span class='ocrx_word' id='word_1_140' title='bbox 815 1353 1097 1403; x_wconf 84' lang='lat' dir='ltr'>interpretem,</span> <span class='ocrx_word' id='word_1_141' title='bbox 1122 1352 1200 1390; x_wconf 90' lang='lat' dir='ltr'>hoc</span> <span class='ocrx_word' id='word_1_142' title='bbox 1225 1353 1288 1390; x_wconf 88' lang='lat' dir='ltr'>est</span> <span class='ocrx_word' id='word_1_143' title='bbox 1315 1351 1619 1397; x_wconf 81' lang='lat' dir='ltr'>translatorem,</span> <span class='ocrx_word' id='word_1_144' title='bbox 1644 1350 1734 1388; x_wconf 86' lang='lat' dir='ltr'>vult</span> 
     </span>
     <span class='ocr_line' id='line_1_20' title="bbox 137 1415 1734 1468; baseline -0.003 -12"><span class='ocrx_word' id='word_1_145' title='bbox 137 1418 292 1468; x_wconf 89' lang='lat' dir='ltr'>absque</span> <span class='ocrx_word' id='word_1_146' title='bbox 324 1417 411 1456; x_wconf 93' lang='lat' dir='ltr'>vlla</span> <span class='ocrx_word' id='word_1_147' title='bbox 440 1420 629 1457; x_wconf 86' lang='lat' dir='ltr'>veterum</span> <span class='ocrx_word' id='word_1_148' title='bbox 659 1420 851 1458; x_wconf 89' lang='lat' dir='ltr'>autorum</span> <span class='ocrx_word' id='word_1_149' title='bbox 882 1419 1057 1456; x_wconf 90' lang='lat' dir='ltr'>lectione</span> <span class='ocrx_word' id='word_1_150' title='bbox 1088 1430 1205 1456; x_wconf 89' lang='lat' dir='ltr'>suam</span> <span class='ocrx_word' id='word_1_151' title='bbox 1241 1416 1487 1466; x_wconf 88' lang='lat' dir='ltr'>elegantiam</span> <span class='ocrx_word' id='word_1_152' title='bbox 1521 1429 1544 1454; x_wconf 84' lang='lat' dir='ltr'>a</span> <span class='ocrx_word' id='word_1_153' title='bbox 1575 1415 1734 1465; x_wconf 87' lang='lat' dir='ltr'>Spiritu</span> 
     </span>
     <span class='ocr_line' id='line_1_21' title="bbox 137 1480 1735 1533; baseline -0.003 -10"><span class='ocrx_word' id='word_1_154' title='bbox 137 1486 278 1523; x_wconf 88' lang='lat' dir='ltr'>sancto</span> <span class='ocrx_word' id='word_1_155' title='bbox 320 1485 468 1533; x_wconf 86' lang='lat' dir='ltr'>petere.</span> <span class='ocrx_word' id='word_1_156' title='bbox 547 1483 602 1522; x_wconf 88' lang='lat' dir='ltr'>Et</span> <span class='ocrx_word' id='word_1_157' title='bbox 645 1484 961 1530; x_wconf 87' lang='lat' dir='ltr'>enarrationem,</span> <span class='ocrx_word' id='word_1_158' title='bbox 1003 1483 1112 1533; x_wconf 91' lang='lat' dir='ltr'>quod</span> <span class='ocrx_word' id='word_1_159' title='bbox 1155 1484 1217 1521; x_wconf 91' lang='lat' dir='ltr'>est</span> <span class='ocrx_word' id='word_1_160' title='bbox 1264 1480 1535 1521; x_wconf 86' lang='lat' dir='ltr'>excellentius</span> <span class='ocrx_word' id='word_1_161' title='bbox 1579 1493 1735 1519; x_wconf 89' lang='lat' dir='ltr'>munus</span> 
     </span>
     <span class='ocr_line' id='line_1_22' title="bbox 138 1545 1735 1600; baseline -0.003 -13"><span class='ocrx_word' id='word_1_162' title='bbox 138 1549 290 1600; x_wconf 91' lang='lat' dir='ltr'>quippe</span> <span class='ocrx_word' id='word_1_163' title='bbox 320 1548 571 1599; x_wconf 84' lang='lat' dir='ltr'>prophetiae,</span> <span class='ocrx_word' id='word_1_164' title='bbox 608 1551 733 1599; x_wconf 81' lang='lat' dir='ltr'>negat</span> <span class='ocrx_word' id='word_1_165' title='bbox 765 1551 957 1599; x_wconf 87' lang='lat' dir='ltr'>cuiquam</span> <span class='ocrx_word' id='word_1_166' title='bbox 991 1548 1228 1598; x_wconf 87' lang='lat' dir='ltr'>contingere</span> <span class='ocrx_word' id='word_1_167' title='bbox 1260 1548 1342 1586; x_wconf 87' lang='lat' dir='ltr'>nisi</span> <span class='ocrx_word' id='word_1_168' title='bbox 1373 1546 1577 1597; x_wconf 87' lang='lat' dir='ltr'>praesidio</span> <span class='ocrx_word' id='word_1_169' title='bbox 1605 1545 1735 1595; x_wconf 91' lang='lat' dir='ltr'>philo-</span> 
     </span>
     <span class='ocr_line' id='line_1_23' title="bbox 138 1614 774 1666; baseline 0 -12"><span class='ocrx_word' id='word_1_170' title='bbox 138 1614 306 1666; x_wconf 85' lang='lat' dir='ltr'>sophiae</span> <span class='ocrx_word' id='word_1_171' title='bbox 334 1614 638 1654; x_wconf 83' lang='lat' dir='ltr'>Aristotelicae.</span> <span class='ocrx_word' id='word_1_172' title='bbox 771 1617 774 1619; x_wconf 54' lang='grc'><strong>“</strong></span> 
     </span>
    </p>

    <p class='ocr_par' dir='ltr' id='par_1_7' title="bbox 139 1676 1736 1980">
     <span class='ocr_line' id='line_1_24' title="bbox 194 1676 1736 1729; baseline -0.003 -11"><span class='ocrx_word' id='word_1_173' title='bbox 194 1692 256 1726; x_wconf 91' lang='lat'>40.</span> <span class='ocrx_word' id='word_1_174' title='bbox 288 1679 410 1718; x_wconf 87' lang='lat' dir='ltr'>Hanc</span> <span class='ocrx_word' id='word_1_175' title='bbox 447 1679 637 1729; x_wconf 89' lang='lat' dir='ltr'>primam,</span> <span class='ocrx_word' id='word_1_176' title='bbox 670 1680 717 1719; x_wconf 89' lang='lat' dir='ltr'>vt</span> <span class='ocrx_word' id='word_1_177' title='bbox 750 1681 882 1727; x_wconf 90' lang='lat' dir='ltr'>vocat,</span> <span class='ocrx_word' id='word_1_178' title='bbox 912 1677 1221 1717; x_wconf 88' lang='lat' dir='ltr'>conclusionem</span> <span class='ocrx_word' id='word_1_179' title='bbox 1261 1678 1319 1715; x_wconf 86' lang='lat' dir='ltr'>ita</span> <span class='ocrx_word' id='word_1_180' title='bbox 1349 1677 1515 1724; x_wconf 89' lang='lat' dir='ltr'>claudit,</span> <span class='ocrx_word' id='word_1_181' title='bbox 1550 1679 1595 1715; x_wconf 89' lang='lat' dir='ltr'>vt</span> <span class='ocrx_word' id='word_1_182' title='bbox 1629 1676 1736 1715; x_wconf 89' lang='lat' dir='ltr'>dicat</span> 
     </span>
     <span class='ocr_line' id='line_1_25' title="bbox 139 1742 1735 1794; baseline -0.003 -11"><span class='ocrx_word' id='word_1_183' title='bbox 139 1757 286 1784; x_wconf 88' lang='lat' dir='ltr'>omnes</span> <span class='ocrx_word' id='word_1_184' title='bbox 314 1746 455 1794; x_wconf 87' lang='lat' dir='ltr'>poetas</span> <span class='ocrx_word' id='word_1_185' title='bbox 482 1744 611 1792; x_wconf 84' lang='lat' dir='ltr'>fuisse</span> <span class='ocrx_word' id='word_1_186' title='bbox 639 1745 752 1783; x_wconf 87' lang='lat' dir='ltr'>fures</span> <span class='ocrx_word' id='word_1_187' title='bbox 780 1747 821 1783; x_wconf 86' lang='lat' dir='ltr'>et</span> <span class='ocrx_word' id='word_1_188' title='bbox 849 1744 1042 1793; x_wconf 90' lang='lat' dir='ltr'>latrones,</span> <span class='ocrx_word' id='word_1_189' title='bbox 1069 1744 1139 1794; x_wconf 89' lang='lat' dir='ltr'>qui</span> <span class='ocrx_word' id='word_1_190' title='bbox 1168 1744 1311 1793; x_wconf 88' lang='lat' dir='ltr'>postea</span> <span class='ocrx_word' id='word_1_191' title='bbox 1339 1743 1543 1781; x_wconf 90' lang='lat' dir='ltr'>venerint.</span> <span class='ocrx_word' id='word_1_192' title='bbox 1603 1742 1735 1792; x_wconf 88' lang='lat' dir='ltr'>Atqui</span> 
     </span>
     <span class='ocr_line' id='line_1_26' title="bbox 139 1807 1734 1860; baseline -0.003 -12"><span class='ocrx_word' id='word_1_193' title='bbox 139 1810 325 1860; x_wconf 75' lang='lat' dir='ltr'>plerique</span> <span class='ocrx_word' id='word_1_194' title='bbox 357 1812 501 1860; x_wconf 85' lang='lat' dir='ltr'>poetae</span> <span class='ocrx_word' id='word_1_195' title='bbox 534 1809 750 1849; x_wconf 86' lang='lat' dir='ltr'>Christum</span> <span class='ocrx_word' id='word_1_196' title='bbox 783 1811 1120 1859; x_wconf 88' lang='lat' dir='ltr'>praecesserunt:</span> <span class='ocrx_word' id='word_1_197' title='bbox 1160 1821 1234 1846; x_wconf 90' lang='lat' dir='ltr'>nec</span> <span class='ocrx_word' id='word_1_198' title='bbox 1263 1807 1485 1856; x_wconf 89' lang='lat' dir='ltr'>distinguit</span> <span class='ocrx_word' id='word_1_199' title='bbox 1518 1808 1734 1857; x_wconf 89' lang='lat' dir='ltr'>poetarum</span> 
     </span>
     <span class='ocr_line' id='line_1_27' title="bbox 139 1872 1735 1925; baseline -0.001 -13"><span class='ocrx_word' id='word_1_200' title='bbox 139 1888 280 1925; x_wconf 86' lang='lat' dir='ltr'>genus,</span> <span class='ocrx_word' id='word_1_201' title='bbox 304 1876 351 1914; x_wconf 88' lang='lat' dir='ltr'>vt</span> <span class='ocrx_word' id='word_1_202' title='bbox 369 1875 559 1914; x_wconf 87' lang='lat' dir='ltr'>videatur</span> <span class='ocrx_word' id='word_1_203' title='bbox 578 1875 820 1924; x_wconf 90' lang='lat' dir='ltr'>Damasum,</span> <span class='ocrx_word' id='word_1_204' title='bbox 844 1874 1091 1924; x_wconf 83' lang='lat' dir='ltr'>Gregorium</span> <span class='ocrx_word' id='word_1_205' title='bbox 1113 1872 1433 1919; x_wconf 87' lang='lat' dir='ltr'>Nazianzenum,</span> <span class='ocrx_word' id='word_1_206' title='bbox 1455 1872 1735 1910; x_wconf 90' lang='lat' dir='ltr'>Prudentium</span> 
     </span>
     <span class='ocr_line' id='line_1_28' title="bbox 140 1939 772 1980; baseline 0.002 -2"><span class='ocrx_word' id='word_1_207' title='bbox 140 1941 185 1978; x_wconf 87' lang='lat' dir='ltr'>in</span> <span class='ocrx_word' id='word_1_208' title='bbox 205 1939 317 1978; x_wconf 88' lang='lat' dir='ltr'>hunc</span> <span class='ocrx_word' id='word_1_209' title='bbox 337 1939 526 1978; x_wconf 88' lang='lat' dir='ltr'>ordinem</span> <span class='ocrx_word' id='word_1_210' title='bbox 547 1939 772 1980; x_wconf 88' lang='lat' dir='ltr'>detrudere.</span> 
     </span>
    </p>

    <p class='ocr_par' dir='ltr' id='par_1_8' title="bbox 141 2002 1739 2499">
     <span class='ocr_line' id='line_1_29' title="bbox 197 2002 1737 2055; baseline -0.001 -13"><span class='ocrx_word' id='word_1_211' title='bbox 197 2017 258 2051; x_wconf 89' lang='lat'>41.</span> <span class='ocrx_word' id='word_1_212' title='bbox 290 2004 479 2055; x_wconf 90' lang='lat' dir='ltr'>Denique</span> <span class='ocrx_word' id='word_1_213' title='bbox 497 2005 613 2043; x_wconf 87' lang='lat' dir='ltr'>velut</span> <span class='ocrx_word' id='word_1_214' title='bbox 632 2005 787 2043; x_wconf 88' lang='lat' dir='ltr'>oblitus</span> <span class='ocrx_word' id='word_1_215' title='bbox 812 2006 876 2043; x_wconf 91' lang='lat' dir='ltr'>sui</span> <span class='ocrx_word' id='word_1_216' title='bbox 900 2004 1053 2043; x_wconf 86' lang='lat' dir='ltr'>fatetur</span> <span class='ocrx_word' id='word_1_217' title='bbox 1073 2004 1116 2041; x_wconf 89' lang='lat' dir='ltr'>in</span> <span class='ocrx_word' id='word_1_218' title='bbox 1138 2002 1253 2041; x_wconf 91' lang='lat' dir='ltr'>libris</span> <span class='ocrx_word' id='word_1_219' title='bbox 1273 2003 1400 2041; x_wconf 87' lang='lat' dir='ltr'>sacris</span> <span class='ocrx_word' id='word_1_220' title='bbox 1421 2002 1560 2041; x_wconf 87' lang='lat' dir='ltr'>abesse</span> <span class='ocrx_word' id='word_1_221' title='bbox 1580 2002 1737 2051; x_wconf 83' lang='lat' dir='ltr'>elegan-</span> 
     </span>
     <span class='ocr_line' id='line_1_30' title="bbox 141 2068 1737 2120; baseline -0.001 -12"><span class='ocrx_word' id='word_1_222' title='bbox 141 2070 255 2118; x_wconf 89' lang='lat' dir='ltr'>tiam,</span> <span class='ocrx_word' id='word_1_223' title='bbox 288 2069 360 2108; x_wconf 89' lang='lat' dir='ltr'>sed</span> <span class='ocrx_word' id='word_1_224' title='bbox 390 2070 450 2108; x_wconf 90' lang='lat' dir='ltr'>ita</span> <span class='ocrx_word' id='word_1_225' title='bbox 478 2069 573 2108; x_wconf 89' lang='lat' dir='ltr'>Deo</span> <span class='ocrx_word' id='word_1_226' title='bbox 592 2070 731 2108; x_wconf 86' lang='lat' dir='ltr'>visum</span> <span class='ocrx_word' id='word_1_227' title='bbox 759 2083 830 2120; x_wconf 89' lang='lat' dir='ltr'>per</span> <span class='ocrx_word' id='word_1_228' title='bbox 859 2069 1086 2108; x_wconf 88' lang='lat' dir='ltr'>stultitiam</span> <span class='ocrx_word' id='word_1_229' title='bbox 1119 2080 1280 2106; x_wconf 87' lang='lat' dir='ltr'>seruare</span> <span class='ocrx_word' id='word_1_230' title='bbox 1314 2080 1445 2116; x_wconf 89' lang='lat' dir='ltr'>genus</span> <span class='ocrx_word' id='word_1_231' title='bbox 1478 2068 1737 2106; x_wconf 89' lang='lat' dir='ltr'>humanum:</span> 
     </span>
     <span class='ocr_line' id='line_1_31' title="bbox 141 2132 1738 2184; baseline -0.003 -11"><span class='ocrx_word' id='word_1_232' title='bbox 141 2148 275 2184; x_wconf 90' lang='lat' dir='ltr'>neque</span> <span class='ocrx_word' id='word_1_233' title='bbox 312 2136 452 2173; x_wconf 86' lang='lat' dir='ltr'>autem</span> <span class='ocrx_word' id='word_1_234' title='bbox 492 2147 727 2184; x_wconf 90' lang='lat' dir='ltr'>quenquam</span> <span class='ocrx_word' id='word_1_235' title='bbox 759 2135 1009 2173; x_wconf 85' lang='lat' dir='ltr'>Sanctorum</span> <span class='ocrx_word' id='word_1_236' title='bbox 1042 2146 1191 2172; x_wconf 88' lang='lat' dir='ltr'>ausum</span> <span class='ocrx_word' id='word_1_237' title='bbox 1230 2134 1391 2170; x_wconf 86' lang='lat' dir='ltr'>mutare</span> <span class='ocrx_word' id='word_1_238' title='bbox 1429 2132 1576 2170; x_wconf 87' lang='lat' dir='ltr'>stilum</span> <span class='ocrx_word' id='word_1_239' title='bbox 1614 2133 1738 2170; x_wconf 90' lang='lat' dir='ltr'>inter-</span> 
     </span>
     <span class='ocr_line' id='line_1_32' title="bbox 143 2197 1737 2250; baseline -0.003 -12"><span class='ocrx_word' id='word_1_240' title='bbox 143 2202 318 2250; x_wconf 89' lang='lat' dir='ltr'>pretum,</span> <span class='ocrx_word' id='word_1_241' title='bbox 365 2212 459 2237; x_wconf 91' lang='lat' dir='ltr'>cum</span> <span class='ocrx_word' id='word_1_242' title='bbox 497 2199 541 2237; x_wconf 89' lang='lat' dir='ltr'>id</span> <span class='ocrx_word' id='word_1_243' title='bbox 582 2212 708 2238; x_wconf 89' lang='lat' dir='ltr'>ausus</span> <span class='ocrx_word' id='word_1_244' title='bbox 747 2200 804 2237; x_wconf 85' lang='lat' dir='ltr'>sit</span> <span class='ocrx_word' id='word_1_245' title='bbox 846 2198 1144 2247; x_wconf 88' lang='lat' dir='ltr'>Hieronymus,</span> <span class='ocrx_word' id='word_1_246' title='bbox 1186 2211 1280 2236; x_wconf 88' lang='lat' dir='ltr'>cum</span> <span class='ocrx_word' id='word_1_247' title='bbox 1324 2198 1407 2235; x_wconf 89' lang='lat' dir='ltr'>iam</span> <span class='ocrx_word' id='word_1_248' title='bbox 1450 2197 1737 2246; x_wconf 86' lang='lat' dir='ltr'>interpretatio</span> 
     </span>
     <span class='ocr_line' id='line_1_33' title="bbox 145 2262 1738 2315; baseline -0.001 -12"><span class='ocrx_word' id='word_1_249' title='bbox 145 2265 417 2315; x_wconf 85' lang='lat' dir='ltr'>Septuaginta</span> <span class='ocrx_word' id='word_1_250' title='bbox 454 2264 695 2314; x_wconf 85' lang='lat' dir='ltr'>quingentis</span> <span class='ocrx_word' id='word_1_251' title='bbox 732 2264 861 2302; x_wconf 83' lang='lat' dir='ltr'>ferme</span> <span class='ocrx_word' id='word_1_252' title='bbox 898 2264 1021 2302; x_wconf 88' lang='lat' dir='ltr'>annis</span> <span class='ocrx_word' id='word_1_253' title='bbox 1062 2262 1228 2312; x_wconf 90' lang='lat' dir='ltr'>publico</span> <span class='ocrx_word' id='word_1_254' title='bbox 1270 2262 1476 2300; x_wconf 87' lang='lat' dir='ltr'>Ecclesiae</span> <span class='ocrx_word' id='word_1_255' title='bbox 1513 2275 1590 2300; x_wconf 89' lang='lat' dir='ltr'>vsu</span> <span class='ocrx_word' id='word_1_256' title='bbox 1630 2264 1738 2301; x_wconf 88' lang='lat' dir='ltr'>esset</span> 
     </span>
     <span class='ocr_line' id='line_1_34' title="bbox 145 2326 1738 2380; baseline -0.003 -11"><span class='ocrx_word' id='word_1_257' title='bbox 145 2331 318 2380; x_wconf 86' lang='lat' dir='ltr'>recepta.</span> <span class='ocrx_word' id='word_1_258' title='bbox 362 2328 580 2367; x_wconf 85' lang='lat' dir='ltr'>Praeterea</span> <span class='ocrx_word' id='word_1_259' title='bbox 594 2341 679 2367; x_wconf 91' lang='lat' dir='ltr'>non</span> <span class='ocrx_word' id='word_1_260' title='bbox 692 2329 850 2368; x_wconf 87' lang='lat' dir='ltr'>veritus</span> <span class='ocrx_word' id='word_1_261' title='bbox 864 2330 927 2366; x_wconf 88' lang='lat' dir='ltr'>est</span> <span class='ocrx_word' id='word_1_262' title='bbox 940 2327 1243 2366; x_wconf 87' lang='lat' dir='ltr'>intolerabilem</span> <span class='ocrx_word' id='word_1_263' title='bbox 1258 2327 1429 2365; x_wconf 87' lang='lat' dir='ltr'>auribus</span> <span class='ocrx_word' id='word_1_264' title='bbox 1441 2326 1738 2366; x_wconf 73' lang='lat' dir='ltr'>Hebraismum</span> 
     </span>
     <span class='ocr_line' id='line_1_35' title="bbox 144 2392 1739 2444; baseline -0.003 -10"><span class='ocrx_word' id='word_1_265' title='bbox 144 2397 332 2442; x_wconf 84' lang='lat' dir='ltr'>mutare3</span> <span class='ocrx_word' id='word_1_266' title='bbox 362 2406 485 2444; x_wconf 89' lang='lat' dir='ltr'>quem</span> <span class='ocrx_word' id='word_1_267' title='bbox 511 2394 645 2432; x_wconf 89' lang='lat' dir='ltr'>adhuc</span> <span class='ocrx_word' id='word_1_268' title='bbox 665 2394 854 2433; x_wconf 90' lang='lat' dir='ltr'>videmus</span> <span class='ocrx_word' id='word_1_269' title='bbox 880 2394 925 2431; x_wconf 92' lang='lat' dir='ltr'>in</span> <span class='ocrx_word' id='word_1_270' title='bbox 951 2393 1070 2432; x_wconf 85' lang='lat' dir='ltr'>libris</span> <span class='ocrx_word' id='word_1_271' title='bbox 1097 2405 1200 2442; x_wconf 90' lang='lat' dir='ltr'>quos</span> <span class='ocrx_word' id='word_1_272' title='bbox 1223 2393 1388 2441; x_wconf 89' lang='lat' dir='ltr'>scripsit</span> <span class='ocrx_word' id='word_1_273' title='bbox 1408 2392 1669 2442; x_wconf 80' lang='lat' dir='ltr'>Augustinus</span> <span class='ocrx_word' id='word_1_274' title='bbox 1689 2392 1739 2430; x_wconf 83' lang='lat' dir='ltr'>de</span> 
     </span>
     <span class='ocr_line' id='line_1_36' title="bbox 144 2458 919 2499; baseline -0.004 0"><span class='ocrx_word' id='word_1_275' title='bbox 144 2459 428 2499; x_wconf 88' lang='lat' dir='ltr'>locutionibus</span> <span class='ocrx_word' id='word_1_276' title='bbox 446 2458 608 2498; x_wconf 87' lang='lat' dir='ltr'>Veteris</span> <span class='ocrx_word' id='word_1_277' title='bbox 629 2458 919 2497; x_wconf 88' lang='lat' dir='ltr'>Instrumenti.</span> 
     </span>
    </p>

    <p class='ocr_par' dir='ltr' id='par_1_9' title="bbox 202 2521 1735 2573">
     <span class='ocr_line' id='line_1_37' title="bbox 202 2521 1735 2573; baseline -0.001 -12"><span class='ocrx_word' id='word_1_278' title='bbox 202 2537 265 2571; x_wconf 87' lang='lat'>42.</span> <span class='ocrx_word' id='word_1_279' title='bbox 301 2523 409 2571; x_wconf 82' lang='lat' dir='ltr'>‘Qui</span> <span class='ocrx_word' id='word_1_280' title='bbox 445 2524 590 2573; x_wconf 86' lang='lat' dir='ltr'>negat’</span> <span class='ocrx_word' id='word_1_281' title='bbox 627 2523 766 2573; x_wconf 89' lang='lat' dir='ltr'>inquit</span> <span class='ocrx_word' id='word_1_282' title='bbox 807 2523 938 2561; x_wconf 89' lang='lat' dir='ltr'>‘hanc</span> <span class='ocrx_word' id='word_1_283' title='bbox 981 2521 1301 2561; x_wconf 85' lang='lat' dir='ltr'>translationem</span> <span class='ocrx_word' id='word_1_284' title='bbox 1342 2534 1429 2560; x_wconf 87' lang='lat' dir='ltr'>esse</span> <span class='ocrx_word' id='word_1_285' title='bbox 1470 2521 1735 2572; x_wconf 89' lang='lat' dir='ltr'>Hieronymi,</span> 
     </span>
    </p>
   </div>
   <div class='ocr_carea' id='block_1_3' title="bbox 148 2587 1772 2636">
    <p class='ocr_par' dir='ltr' id='par_1_10' title="bbox 148 2587 1772 2636">
     <span class='ocr_line' id='line_1_38' title="bbox 148 2587 1772 2636; baseline -0.002 -10"><span class='ocrx_word' id='word_1_286' title='bbox 148 2589 318 2626; x_wconf 88' lang='lat' dir='ltr'>damnat</span> <span class='ocrx_word' id='word_1_287' title='bbox 346 2587 589 2627; x_wconf 83' lang='lat' dir='ltr'>vniuersum</span> <span class='ocrx_word' id='word_1_288' title='bbox 623 2588 779 2636; x_wconf 86' lang='lat' dir='ltr'>orbem,</span> <span class='ocrx_word' id='word_1_289' title='bbox 811 2600 956 2626; x_wconf 89' lang='lat' dir='ltr'>omnes</span> <span class='ocrx_word' id='word_1_290' title='bbox 990 2587 1166 2635; x_wconf 86' lang='lat' dir='ltr'>ordines,</span> <span class='ocrx_word' id='word_1_291' title='bbox 1203 2599 1372 2625; x_wconf 90' lang='lat' dir='ltr'>omnem</span> <span class='ocrx_word' id='word_1_292' title='bbox 1405 2588 1571 2625; x_wconf 83' lang='lat' dir='ltr'>statum.</span> <span class='ocrx_word' id='word_1_293' title='bbox 1642 2587 1740 2635; x_wconf 82' lang='lat' dir='ltr'>Ipsa</span> <span class='ocrx_word' id='word_1_294' title='bbox 1760 2602 1772 2621; x_wconf 78' lang='lat'>2</span> 
     </span>
    </p>
   </div>
   <div class='ocr_carea' id='block_1_4' title="bbox 147 2651 1739 2895">
    <p class='ocr_par' dir='ltr' id='par_1_11' title="bbox 147 2651 1739 2895">
     <span class='ocr_line' id='line_1_39' title="bbox 147 2651 1739 2700; baseline -0.003 -7"><span class='ocrx_word' id='word_1_295' title='bbox 147 2653 273 2693; x_wconf 85' lang='lat' dir='ltr'>etiam</span> <span class='ocrx_word' id='word_1_296' title='bbox 289 2652 508 2692; x_wconf 85' lang='lat' dir='ltr'>Rhomana</span> <span class='ocrx_word' id='word_1_297' title='bbox 523 2652 705 2692; x_wconf 86' lang='lat' dir='ltr'>Ecclesia</span> <span class='ocrx_word' id='word_1_298' title='bbox 724 2653 874 2692; x_wconf 87' lang='lat' dir='ltr'>fatetur</span> <span class='ocrx_word' id='word_1_299' title='bbox 892 2665 1010 2692; x_wconf 90' lang='lat' dir='ltr'>suam</span> <span class='ocrx_word' id='word_1_300' title='bbox 1029 2651 1348 2691; x_wconf 86' lang='lat' dir='ltr'>translationem</span> <span class='ocrx_word' id='word_1_301' title='bbox 1368 2664 1457 2689; x_wconf 85' lang='lat' dir='ltr'>esse</span> <span class='ocrx_word' id='word_1_302' title='bbox 1473 2651 1739 2700; x_wconf 82' lang='lat' dir='ltr'>Hieronymi,</span> 
     </span>
     <span class='ocr_line' id='line_1_40' title="bbox 149 2715 1737 2768; baseline -0.002 -11"><span class='ocrx_word' id='word_1_303' title='bbox 149 2721 272 2768; x_wconf 85' lang='lat' dir='ltr'>atque</span> <span class='ocrx_word' id='word_1_304' title='bbox 304 2718 578 2768; x_wconf 88' lang='lat' dir='ltr'>praefationes</span> <span class='ocrx_word' id='word_1_305' title='bbox 615 2719 706 2757; x_wconf 88' lang='lat' dir='ltr'>eius</span> <span class='ocrx_word' id='word_1_306' title='bbox 742 2717 1000 2768; x_wconf 85' lang='lat' dir='ltr'>praemittit.&#39;</span> <span class='ocrx_word' id='word_1_307' title='bbox 1068 2717 1135 2756; x_wconf 84' lang='lat' dir='ltr'>Sic</span> <span class='ocrx_word' id='word_1_308' title='bbox 1174 2715 1256 2756; x_wconf 89' lang='lat' dir='ltr'>ille.</span> <span class='ocrx_word' id='word_1_309' title='bbox 1317 2717 1469 2755; x_wconf 91' lang='lat' dir='ltr'>Doceat</span> <span class='ocrx_word' id='word_1_310' title='bbox 1507 2715 1613 2766; x_wconf 88' lang='lat' dir='ltr'>quod</span> <span class='ocrx_word' id='word_1_311' title='bbox 1653 2718 1737 2754; x_wconf 88' lang='lat' dir='ltr'>tam</span> 
     </span>
     <span class='ocr_line' id='line_1_41' title="bbox 150 2780 1739 2831; baseline -0.003 -9"><span class='ocrx_word' id='word_1_312' title='bbox 150 2783 313 2822; x_wconf 88' lang='lat' dir='ltr'>fortiter</span> <span class='ocrx_word' id='word_1_313' title='bbox 348 2785 564 2822; x_wconf 85' lang='lat' dir='ltr'>asseuerat.</span> <span class='ocrx_word' id='word_1_314' title='bbox 644 2783 728 2822; x_wconf 90' lang='lat' dir='ltr'>Nec</span> <span class='ocrx_word' id='word_1_315' title='bbox 766 2783 985 2821; x_wconf 82' lang='lat' dir='ltr'>Rhomana</span> <span class='ocrx_word' id='word_1_316' title='bbox 1021 2780 1191 2820; x_wconf 85' lang='lat' dir='ltr'>ecclesia</span> <span class='ocrx_word' id='word_1_317' title='bbox 1228 2794 1412 2831; x_wconf 88' lang='lat' dir='ltr'>vnquam</span> <span class='ocrx_word' id='word_1_318' title='bbox 1450 2780 1500 2818; x_wconf 88' lang='lat' dir='ltr'>de</span> <span class='ocrx_word' id='word_1_319' title='bbox 1538 2780 1615 2819; x_wconf 90' lang='lat' dir='ltr'>hoc</span> <span class='ocrx_word' id='word_1_320' title='bbox 1652 2793 1739 2830; x_wconf 87' lang='lat' dir='ltr'>pro-</span> 
     </span>
     <span class='ocr_line' id='line_1_42' title="bbox 150 2845 1628 2895; baseline -0.002 -8"><span class='ocrx_word' id='word_1_321' title='bbox 150 2847 380 2895; x_wconf 87' lang='lat' dir='ltr'>nunciauit,</span> <span class='ocrx_word' id='word_1_322' title='bbox 401 2849 442 2886; x_wconf 90' lang='lat' dir='ltr'>et</span> <span class='ocrx_word' id='word_1_323' title='bbox 461 2848 674 2887; x_wconf 90' lang='lat' dir='ltr'>doctorum</span> <span class='ocrx_word' id='word_1_324' title='bbox 695 2859 920 2886; x_wconf 88' lang='lat' dir='ltr'>consensus</span> <span class='ocrx_word' id='word_1_325' title='bbox 941 2849 1003 2885; x_wconf 87' lang='lat' dir='ltr'>est</span> <span class='ocrx_word' id='word_1_326' title='bbox 1025 2847 1129 2885; x_wconf 86' lang='lat' dir='ltr'>hanc</span> <span class='ocrx_word' id='word_1_327' title='bbox 1151 2858 1233 2884; x_wconf 87' lang='lat' dir='ltr'>non</span> <span class='ocrx_word' id='word_1_328' title='bbox 1254 2858 1342 2884; x_wconf 80' lang='lat' dir='ltr'>esse</span> <span class='ocrx_word' id='word_1_329' title='bbox 1367 2845 1628 2894; x_wconf 85' lang='lat' dir='ltr'>Hieronymi.</span> 
     </span>
    </p>
   </div>
   <div class='ocr_carea' id='block_1_5' title="bbox 752 2988 1139 3028">
    <p class='ocr_par' dir='ltr' id='par_1_12' title="bbox 752 2988 1139 3028">
     <span class='ocr_line' id='line_1_43' title="bbox 752 2988 1139 3028; baseline 0.003 -10"><span class='ocrx_word' id='word_1_330' title='bbox 752 2990 825 3028; x_wconf 86' lang='lat'><strong>287.</strong></span> <span class='ocrx_word' id='word_1_331' title='bbox 853 2989 908 3019; x_wconf 80' lang='lat' dir='ltr'>Sic</span> <span class='ocrx_word' id='word_1_332' title='bbox 927 2988 987 3019; x_wconf 91' lang='lat' dir='ltr'>ille</span> <span class='ocrx_word' id='word_1_333' title='bbox 1005 2991 1078 3018; x_wconf 75' lang='lat' dir='ltr'>add.</span> <span class='ocrx_word' id='word_1_334' title='bbox 1099 2989 1139 3019; x_wconf 88' lang='lat' dir='ltr'>H.</span> 
     </span>
    </p>
   </div>
   <div class='ocr_carea' id='block_1_6' title="bbox 1747 317 1807 347">
    <p class='ocr_par' dir='ltr' id='par_1_13' title="bbox 1747 317 1807 347">
     <span class='ocr_line' id='line_1_44' title="bbox 1747 317 1807 347; baseline 0 -10"><span class='ocrx_word' id='word_1_335' title='bbox 1747 317 1807 347; x_wconf 78' lang='lat'>250</span> 
     </span>
    </p>
   </div>
   <div class='ocr_carea' id='block_1_7' title="bbox 1750 643 1809 674">
    <p class='ocr_par' dir='ltr' id='par_1_14' title="bbox 1750 643 1809 674">
     <span class='ocr_line' id='line_1_45' title="bbox 1750 643 1809 674; baseline -0.017 0"><span class='ocrx_word' id='word_1_336' title='bbox 1750 643 1809 674; x_wconf 84' lang='lat'>255</span> 
     </span>
    </p>
   </div>
   <div class='ocr_carea' id='block_1_8' title="bbox 1752 959 1812 990">
    <p class='ocr_par' dir='ltr' id='par_1_15' title="bbox 1752 959 1812 990">
     <span class='ocr_line' id='line_1_46' title="bbox 1752 959 1812 990; baseline 0 -1"><span class='ocrx_word' id='word_1_337' title='bbox 1752 959 1812 990; x_wconf 86' lang='lat'>260</span> 
     </span>
    </p>
   </div>
   <div class='ocr_carea' id='block_1_9' title="bbox 1755 1286 1814 1327">
    <p class='ocr_par' dir='ltr' id='par_1_16' title="bbox 1755 1286 1814 1327">
     <span class='ocr_line' id='line_1_47' title="bbox 1755 1286 1814 1327; baseline 0 -10"><span class='ocrx_word' id='word_1_338' title='bbox 1755 1286 1814 1327; x_wconf 80' lang='lat'>265</span> 
     </span>
    </p>
   </div>
   <div class='ocr_carea' id='block_1_10' title="bbox 1758 1619 1818 1653">
    <p class='ocr_par' dir='ltr' id='par_1_17' title="bbox 1758 1619 1818 1653">
     <span class='ocr_line' id='line_1_48' title="bbox 1758 1619 1818 1653; baseline 0 -10"><span class='ocrx_word' id='word_1_339' title='bbox 1758 1619 1818 1653; x_wconf 81' lang='lat'>270</span> 
     </span>
    </p>
   </div>
   <div class='ocr_carea' id='block_1_11' title="bbox 1756 1946 1815 1979">
    <p class='ocr_par' dir='ltr' id='par_1_18' title="bbox 1756 1946 1815 1979">
     <span class='ocr_line' id='line_1_49' title="bbox 1756 1946 1815 1979; baseline 0 0"><span class='ocrx_word' id='word_1_340' title='bbox 1756 1946 1815 1979; x_wconf 87' lang='lat'>275</span> 
     </span>
    </p>
   </div>
   <div class='ocr_carea' id='block_1_12' title="bbox 1759 2265 1821 2296">
    <p class='ocr_par' dir='ltr' id='par_1_19' title="bbox 1759 2265 1821 2296">
     <span class='ocr_line' id='line_1_50' title="bbox 1759 2265 1821 2296; baseline -0.016 0"><span class='ocrx_word' id='word_1_341' title='bbox 1759 2265 1821 2296; x_wconf 85' lang='lat'>280</span> 
     </span>
    </p>
   </div>
  </div>
 </body>
</html>
