2034 3433
330 180 411 218 546
790 178 1039 217 LETTERS
1079 177 1147 216 OF
1184 177 1453 217 ERASMUS
1793 177 1832 232 [1
1843 190 1863 227 5
1874 194 1886 218 1
1897 194 1918 229 9

387 285 527 335 Nuper
559 285 811 334 sycophanta
839 283 1056 334 quispiam,
1083 283 1154 332 qui
1184 282 1264 321 sibi
1294 296 1378 321 non
1411 282 1534 321 modo
1568 282 1793 333 theologus,
1826 298 1921 323 cum

332 351 440 389 nihil
459 350 512 388 sit
532 349 683 397 minus,
706 362 851 387 verum
871 348 995 386 etiam
1015 347 1228 386 sanctulus
1247 348 1421 395 videtur,
1444 347 1488 385 in
1509 347 1640 386 literis
1665 347 1716 386 ad
1741 348 1922 388 amicum

331 429 406 461 nie,
423 415 493 464 qui
511 414 638 453 tantis
652 414 809 464 vigiliis
828 416 869 453 et
884 413 1101 452 restituere
1121 425 1215 451 sum
1236 415 1409 451 conatus
1422 414 1464 450 et
1478 412 1684 451 illustrare
1702 412 1923 452 lectionem

253 481 313 514 160
331 479 659 528 ecclesiasticam,
683 481 801 518 vocat
828 478 1169 518 calumniatorem
1190 477 1485 516 ecclesiasticae
1505 476 1704 525 lectionis,
1726 490 1769 516 se
1789 477 1923 517 defen-

329 557 473 584 sorem.

383 611 444 648 Ac
464 609 663 659 proximis
682 609 792 647 hisce
813 608 957 647 diebus
976 608 1081 647 alius
1102 607 1308 658 quispiam
1329 607 1619 657 loquacissima
1637 607 1831 657 balbutie,
1850 609 1922 658 qui

331 688 424 712 cum
443 674 559 724 loqui
577 674 761 722 nesciret,
783 675 915 712 tacere
935 675 1074 712 tamen
1094 686 1178 712 non
1204 674 1352 722 posset,
1375 672 1490 711 velut
1518 672 1563 710 in
1591 673 1668 711 hoc
1696 674 1923 712 conductus

330 739 503 778 diuersis
536 739 669 789 opidis
702 739 808 778 miro
837 738 973 777 studio
1006 750 1119 776 meas
1149 738 1292 776 laudes
1322 737 1634 787 depraedicarat,
1667 751 1749 777 non
1784 739 1921 778 solum

251 806 309 848 165
331 804 557 843 doctrinam
584 805 791 843 incessens
817 804 887 842 sed
912 806 952 842 et
978 803 1109 842 vitam
1136 803 1256 841 miris
1281 803 1576 853 sycophantiis.
1634 804 1756 842 Forte
1782 805 1921 843 euenit

330 871 375 907 vt
412 869 456 908 in
494 869 603 908 idem
642 869 883 908 conuiuium
917 869 1207 917 incideremus,
1243 882 1338 907 cum
1376 869 1509 918 pridie
1546 868 1703 908 amicus
1751 870 1921 920 quidam

327 934 491 973 fabulae
509 937 671 984 partem
690 935 741 973 ad
762 948 828 972 me
842 934 1155 985 perscripsisset.
1205 934 1434 984 Expostulo
1449 934 1601 984 palam,
1615 934 1746 974 doctis
1765 935 1922 987 aliquot

329 1000 528 1048 testibus3
558 1000 721 1050 profero
739 1000 954 1039 mendacia
972 999 1123 1049 quibus
1142 1012 1209 1038 me
1230 999 1483 1038 traduxerat.
1538 998 1602 1037 Ibi
1622 1000 1723 1038 satis
1745 1001 1921 1040 testatus

330 1067 391 1103 est
416 1065 540 1104 homo
566 1079 667 1116 quae
692 1066 944 1115 praedicarat
971 1078 1055 1103 non
1085 1079 1106 1103 e
1132 1078 1205 1103 sua
1231 1064 1406 1103 lectione
1432 1064 1503 1103 sed
1524 1078 1573 1103 ex
1591 1065 1770 1103 aliorum
1788 1066 1922 1105 relatu

249 1144 310 1177 170
328 1130 591 1180 praedicasse.
649 1132 703 1170 Et
731 1131 902 1181 perinde
933 1131 1050 1181 quasi
1078 1131 1282 1169 mediocre
1310 1130 1443 1169 scelus
1472 1130 1526 1169 sit
1554 1130 1734 1169 alienam
1762 1131 1919 1171 famam

329 1196 554 1235 mendaciis
582 1197 795 1245 incessere,
818 1197 971 1235 audent
1000 1210 1093 1235 cum
1122 1196 1363 1234 huiusmodi
1390 1196 1511 1234 factis
1538 1196 1588 1234 ad
1619 1199 1919 1235 sacrosanctam

328 1260 481 1300 Christi
501 1276 688 1301 mensam
708 1263 905 1312 accedere,
927 1262 1115 1300 nondum
1136 1261 1397 1301 reconciliato
1418 1274 1541 1311 quem
1560 1261 1753 1300 leserunt.
1801 1262 1919 1301 Adeo

326 1327 440 1365 iuxta
471 1327 671 1377 Tychonii
709 1329 878 1375 dictum,
911 1329 920 1347 ‘
940 1328 1046 1378 quod
1080 1327 1285 1374 volumus,
1317 1329 1510 1365 sanctum
1543 1329 1606 1365 est
1639 1326 1787 1366 nobis.’
1856 1328 1919 1366 Ac

326 1404 494 1440 prorsus
540 1407 698 1432 nouum
745 1393 1027 1432 calumniandi
1073 1406 1216 1443 genus.
1293 1392 1486 1431 Primum
1542 1392 1743 1432 damnant
1795 1406 1918 1444 quem

249 1466 307 1501 175
330 1456 515 1505 oderunt,
553 1459 700 1497 deinde
737 1461 944 1497 venantur
972 1459 1081 1509 quod
1120 1460 1286 1508 carpant
1325 1459 1370 1496 in
1408 1471 1454 1495 eo
1493 1471 1616 1508 quem
1654 1458 1917 1498 damnarunt.

329 1521 444 1569 Quod
460 1523 495 1560 si
511 1524 603 1573 quis
619 1523 790 1562 obsistat
805 1527 876 1562 aut
890 1524 1087 1562 reclamet
1101 1523 1271 1562 illorum
1287 1522 1576 1574 sycophantiis,
1596 1525 1688 1561 tum
1703 1523 1918 1562 clamitant

326 1587 487 1625 turbari
523 1601 665 1638 pacem
703 1591 743 1627 et
780 1588 1157 1639 tranquillitatem:
1197 1588 1367 1638 perinde
1405 1587 1522 1637 quasi
1559 1579 1750 1638 siquem
1789 1588 1917 1638 alapis

327 1652 478 1699 caedas,
496 1653 638 1692 iubeas
655 1653 957 1703 conquiescere,
972 1667 1024 1692 ne
1039 1653 1137 1703 quid
1152 1653 1361 1692 tumultus
1378 1653 1544 1692 oriatur.
1596 1652 1760 1691 Horum
1775 1655 1917 1692 tenera

325 1717 518 1756 maiestas
551 1720 592 1756 et
624 1719 747 1757 verbo
780 1719 906 1757 etiam
939 1718 1152 1758 irritabilis
1190 1732 1213 1757 a
1251 1718 1370 1756 nobis
1407 1717 1628 1767 plusquam
1667 1718 1915 1757 Socraticam

248 1788 308 1819 182
325 1782 451 1833 exigit
478 1783 747 1833 patientiam3
781 1786 822 1822 et
849 1786 937 1822 tam
966 1783 1092 1822 vilem
1120 1783 1275 1822 habent
1303 1783 1482 1821 alienam
1510 1783 1674 1832 famam,
1697 1783 1767 1834 qui
1796 1797 1915 1822 suam

326 1849 413 1885 tam
433 1848 598 1886 charam
619 1848 761 1886 haberi
780 1848 939 1887 volunt.

379 1913 459 1951 Sed
492 1926 568 1952 nae
601 1927 675 1962 ego
713 1913 889 1963 ineptus,
918 1913 977 1951 mi
1011 1913 1144 1959 Petre,
1172 1913 1244 1962 qui
1274 1913 1324 1951 de
1354 1912 1419 1951 his
1449 1914 1535 1950 tam
1563 1912 1706 1951 multa.
1767 1913 1914 1953 Finem

326 1977 470 2016 faciam
507 1978 542 2015 si
578 1979 745 2017 Vnicam
782 1978 916 2017 adhuc
954 1978 1137 2017 fabulam
1176 1978 1382 2016 addidero.
1452 1977 1608 2028 Anglia
1645 1978 1746 2017 duas
1788 1979 1914 2018 habet

325 2042 568 2082 Academias
586 2043 696 2082 haud
717 2057 924 2094 quaquam
942 2043 1177 2093 incelebres,
1196 2043 1504 2094 Cantabrigiam
1524 2045 1566 2081 et
1585 2044 1803 2083 Oxoniam.
1860 2043 1915 2083 In

248 2115 306 2156 185
325 2109 496 2158 vtraque
515 2109 735 2147 traduntur
756 2109 931 2147 Graecae
950 2108 1102 2157 literae,
1118 2109 1188 2147 sed
1210 2109 1254 2146 in
1271 2108 1534 2158 Cantabrigia
1552 2109 1786 2159 tranquille,
1804 2109 1914 2159 quod

324 2172 412 2211 eius
459 2173 620 2212 scholae
665 2173 857 2224 princeps
903 2175 957 2212 sit
1004 2174 1050 2214 R.
1075 2174 1120 2213 P.
1154 2174 1330 2213 Ioannes
1376 2173 1657 2223 Phischerius,
1698 2174 1914 2225 episcopus

326 2237 541 2287 Roffensis,
573 2252 659 2277 non
698 2239 929 2278 eruditione
961 2242 1127 2279 tantum
1160 2240 1230 2278 sed
1264 2241 1304 2277 et
1334 2238 1422 2277 vita
1455 2239 1694 2289 theologica.
1753 2240 1913 2279 Verum

325 2302 504 2342 Oxoniae
533 2317 629 2342 cum
657 2304 820 2343 iuuenis
848 2305 1017 2354 quidam
1047 2318 1132 2344 non
1160 2305 1385 2355 vulgariter
1412 2304 1556 2342 doctus
1583 2305 1684 2343 satis
1711 2304 1914 2344 foeliciter

372 2445 442 2474 157.
467 2445 547 2466 cum
564 2436 658 2466 nihil
675 2437 721 2467 sit
738 2438 860 2468 minus
876 2439 950 2467 add.
968 2439 1004 2467 F.
1140 2446 1209 2477 159.
1237 2446 1315 2467 sum
1333 2448 1352 2466 α
1365 2439 1409 2467 F:
1434 2446 1490 2466 om.
1508 2438 1548 2467 E.
1695 2439 1765 2476 163.
1791 2440 1908 2479 posset

324 2489 366 2508 a:
390 2480 505 2518 potest
522 2481 564 2510 H.
658 2481 728 2511 166.
754 2480 869 2520 pridie
885 2484 932 2511 F:
956 2480 1096 2520 pridem
1111 2492 1141 2510 α.
1237 2490 1306 2519 173.
1326 2483 1375 2510 E:
1398 2480 1568 2519 Tychomi
1585 2491 1614 2511 α.
1710 2491 1781 2520 174.
1800 2491 1907 2521 quem

323 2533 343 2551 a
358 2533 365 2552 :
388 2522 482 2562 quod
497 2525 534 2553 Ε.
708 2534 776 2563 175.
801 2534 906 2563 quem
923 2535 966 2554 a:
991 2524 1085 2563 quod
1101 2525 1134 2558 β.
1309 2533 1379 2563 177.
1404 2527 1496 2554 eta:
1519 2534 1559 2554 ac
1575 2526 1614 2556 E.
1737 2526 1767 2555 si
1784 2535 1842 2556 om.
1861 2528 1903 2557 N.

327 2565 396 2603 178.
422 2565 546 2597 caedas
560 2568 605 2598 F:
630 2567 733 2598 cedas
748 2579 778 2599 α.
883 2568 954 2598 180.
979 2569 1133 2598 alienam
1150 2571 1199 2598 E:
1223 2567 1375 2598 aliorum
1391 2578 1420 2597 α.
1524 2568 1593 2607 185.
1621 2567 1660 2597 in
1678 2567 1908 2609 Cantabrigia

323 2619 342 2638 α
359 2620 365 2639 :
390 2609 635 2649 Cantabrigiae
651 2613 689 2643 E.
825 2612 895 2642 186.
923 2611 962 2643 R.
981 2611 1017 2642 P.
1035 2621 1092 2643 om.
1111 2614 1151 2642 H.
1241 2610 1443 2641 Fischerius
1458 2612 1495 2641 E.

372 2729 440 2758 157.
468 2720 704 2761 sycophanta]
723 2721 802 2752 Lee.
1148 2721 1245 2752 More
1257 2722 1367 2751 wrote
1379 2721 1437 2751 his
1453 2720 1560 2752 letter
1571 2722 1607 2752 to
1623 2720 1686 2752 the
1699 2721 1926 2762 University.

369 2764 439 2801 158.
464 2763 635 2804 amicum]
657 2764 787 2795 Martin
804 2765 957 2805 Lipsius.
1147 2765 1285 2804 against
1317 2764 1379 2795 the
1415 2763 1564 2803 Trojans
1579 2775 1586 2802 ;
1625 2774 1681 2795 see
1711 2765 1831 2796 Jortin
1868 2766 1907 2798 ii.

370 2808 440 2838 162.
465 2806 572 2847 alius]
589 2807 640 2838 Cf.
660 2807 723 2847 Ep.
740 2810 813 2847 946.
833 2818 852 2847 3
870 2818 906 2839 n.
1146 2809 1253 2846 662-7
1279 2807 1350 2838 and
1372 2808 1556 2846 Seebohm,
1583 2817 1641 2848 pp.
1659 2809 1769 2847 458‚9.
1817 2809 1906 2840 Pace

371 2859 441 2888 173.
466 2850 655 2892 Tychonii]
680 2861 730 2888 ap.
749 2852 840 2891 Aug.
857 2854 917 2889 Ep.
936 2862 988 2892 93,
1010 2854 1025 2889 ξ
1043 2860 1084 2890 43
1146 2861 1218 2882 was
1243 2851 1332 2882 then
1358 2851 1398 2882 in
1421 2851 1586 2890 England
1604 2851 1682 2891 (Ep.
1703 2854 1776 2890 706.
1792 2862 1832 2891 27
1851 2854 1906 2894 n.)

325 2891 486 2932 (Migne).
1147 2894 1219 2925 and
1236 2895 1325 2925 with
1345 2895 1407 2925 the
1428 2894 1536 2925 Court
1561 2895 1720 2935 (Brewer
1742 2895 1780 2926 ii.
1798 2906 1906 2935 4043-

370 2936 439 2966 188.
459 2935 629 2977 Oxoniae]
644 2937 729 2968 This
742 2938 902 2969 incident
914 2937 1085 2978 probably
1144 2937 1193 2977 5).
1239 2938 1275 2968 1f
1289 2938 1362 2968 this
1383 2938 1463 2969 date
1486 2939 1516 2968 is
1539 2940 1681 2978 correct,
1701 2938 1763 2969 the
1787 2948 1908 2979 young

323 2980 489 3009 occurred
512 2980 552 3010 in
574 2981 635 3011 the
659 2982 780 3021 spring
804 2981 840 3012 of
865 2983 956 3020 1518,
976 2983 1083 3012 when
1146 2982 1299 3012 lecturer
1345 2991 1390 3012 on
1429 2981 1545 3012 Greek
1588 2991 1653 3012 can
1692 2981 1826 3022 hardly
1861 2983 1905 3014 be

323 3020 383 3051 the
401 3022 507 3054 Court
526 3033 598 3055 was
615 3026 650 3054 at
666 3025 870 3065 Abingdon,
890 3026 962 3056 and
978 3026 1083 3056 when
1146 3025 1308 3056 Clement
1327 3036 1334 3064 3
1359 3024 1400 3057 cf.
1419 3024 1481 3064 Ep.
1500 3025 1575 3063 388.
1597 3035 1655 3064 173
1673 3034 1708 3056 n.
