2034 3433
155 132 258 186 850]
667 133 822 173 FROM
859 133 1011 173 JOHN
1049 134 1235 173 TURZO
1672 133 1751 171 345

153 240 269 279 Deus
287 240 538 279 immortalis
564 241 606 278 te
629 238 711 278 sibi
735 238 935 289 nobisque
955 239 1151 277 omnibus
1171 239 1336 278 saluum
1356 239 1478 287 atque
1497 236 1750 275 incolumem

150 318 281 355 quam
300 305 538 344 diutissime
557 317 602 343 ac
621 303 889 342 foelicissime
909 306 1058 342 seruet.
1115 303 1230 342 Vale.

687 389 897 428 Iohannes
916 389 1063 437 Turzo,
1085 390 1301 440 episcopus
1321 386 1692 436 Wratislauiensis‚

1254 468 1380 494 manu
1400 454 1576 505 propria.

556 590 693 644 851944
755 587 887 629 FROM
921 587 1102 628 GASPAR
1133 587 1350 628 URSINUS.

204 667 364 712 Farrago
383 680 419 713 p.
442 669 517 703 162.
1480 665 1645 701 Breslau.

203 725 241 760 F.
260 739 296 772 p.
316 735 406 771 305:
437 724 530 760 HN:
558 726 676 761 Lond.
693 725 739 761 vi.
760 736 826 770 30:
855 725 928 761 LB.
949 735 1028 770 319.
1425 735 1470 758 20
1486 724 1583 759 June
1605 724 1703 767 1518.

194 805 293 880 {fbf}
305 806 487 891 yea1·-d]ate
504 808 534 837 is
550 806 746 837 confirmed
762 806 809 845 by
825 807 905 837 that
922 806 959 837 of
972 806 1035 846 Ep.
1053 815 1129 845 943,
1148 806 1268 836 which
1287 807 1316 835 is
1331 804 1464 845 clearly
1479 806 1754 843 contemporary

154 858 202 879 wi
235 860 246 880 1
296 859 328 890 p.
345 860 421 889 944.

432 937 604 967 GASPAR
634 937 823 967 VRSINVS
853 938 1014 967 VELIVS
1045 937 1224 967 ERASMO
1257 937 1353 967 ROT.
1375 938 1407 966 S.
1430 937 1471 966 D.

211 1011 435 1050 SVPERIORI
463 1025 574 1051 anno
601 1025 696 1051 cum
726 1012 1009 1051 delitescerem
1039 1012 1219 1063 quodam
1242 1013 1286 1050 in
1313 1012 1512 1050 Bauariae
1543 1009 1748 1060 oppidulo,

156 1076 295 1114 ocium
331 1079 477 1115 nactus
515 1090 600 1115 non
633 1077 866 1116 literarium
904 1077 976 1116 sed
1009 1077 1190 1116 aulicum
1225 1090 1269 1115 ac
1307 1089 1475 1126 prorsus
1509 1075 1696 1113 honestis
1731 1087 1754 1113 a

156 1141 390 1191 disciplinis
419 1142 615 1191 alienum,
639 1143 843 1182 Gurcensi
862 1143 1089 1190 Cardinale,
1112 1143 1230 1181 cuius
1256 1144 1348 1181 tum
1373 1142 1418 1180 in
1444 1140 1651 1179 famulitio
1677 1139 1750 1187 fui,

150 1205 370 1245 Caesarem
389 1207 435 1245 in
456 1207 604 1257 Belgas
629 1209 780 1255 secuto,
809 1208 1034 1246 destitutus
1058 1207 1255 1246 omnibus
1280 1206 1495 1245 literarum
1521 1204 1751 1255 praesidiis,

156 1283 283 1309 ausus
316 1284 411 1310 sum
444 1285 597 1322 magno
626 1285 722 1310 cum
754 1273 935 1322 periculo
969 1285 1014 1311 ac
1047 1272 1180 1310 famae
1209 1273 1251 1309 et
1279 1271 1463 1310 nominis
1496 1269 1748 1317 discrimine,
1771 1281 1789 1311 5

157 1338 346 1375 reuocata
377 1337 555 1386 pristina
585 1338 658 1376 illa
691 1338 990 1376 consuetudine
1024 1338 1180 1376 Romae
1212 1350 1292 1387 qua
1324 1337 1385 1375 vti
1418 1335 1613 1383 solebam,
1651 1336 1753 1384 puta

156 1401 365 1439 scribendi
382 1401 550 1451 aliquid,
575 1405 728 1441 temere
747 1403 876 1441 nimis
894 1405 1016 1452 atque
1033 1402 1226 1441 audacter
1246 1402 1445 1451 ineptire:
1473 1400 1546 1438 vbi
1573 1398 1754 1438 Geneth-

154 1465 288 1504 liacon
321 1480 485 1505 carmen
514 1468 560 1505 in
592 1470 642 1515 te,
675 1468 815 1506 virum
845 1482 926 1518 quo
955 1468 1149 1506 vniuersa
1179 1468 1345 1517 Europa
1374 1466 1444 1504 vix
1474 1465 1597 1503 habet
1630 1463 1753 1502 hodie

157 1531 379 1581 quicquam
415 1532 626 1572 illustrius
664 1536 706 1572 et
744 1534 937 1582 sanctius,
970 1535 1077 1572 certe
1114 1533 1223 1571 nihil
1258 1532 1447 1570 omnium
1492 1529 1753 1568 confessione

154 1596 328 1643 doctius,
350 1597 527 1636 feliciori
550 1601 702 1637 euentu
729 1612 855 1649 quam
875 1598 974 1637 stilo
999 1599 1225 1648 composui.
1285 1597 1483 1636 Defuerat
1506 1598 1599 1633 tum
1624 1593 1754 1632 animi
1776 1604 1814 1626 10

156 1662 341 1701 vacuitas
358 1663 540 1702 miseriis
560 1664 709 1703 aulicis
729 1667 932 1714 cooperto.
992 1663 1193 1713 Elanguit
1210 1663 1355 1702 iudicii
1374 1661 1598 1700 acrimonia
1623 1662 1666 1698 et
1687 1659 1753 1699 vis

155 1728 325 1778 ingenii,
354 1729 392 1767 si
417 1729 527 1778 quod
553 1742 736 1779 vnquam
761 1730 852 1777 fuit,
878 1730 1114 1768 studiorum
1133 1731 1256 1779 atque
1279 1742 1326 1766 eo
1346 1727 1526 1777 amplius
1546 1725 1754 1764 intermis-

156 1792 285 1831 sione.
357 1793 514 1833 Aberat
545 1808 720 1834 censura
751 1795 1092 1834 doctissimorum
1128 1794 1362 1841 hominum,
1400 1793 1540 1831 aderat
1576 1791 1754 1841 denique

156 1857 357 1896 librorum
377 1860 493 1908 copia
512 1859 630 1899 nulla
647 1862 742 1899 ante
761 1862 927 1910 tempus
948 1861 1041 1898 sine
1060 1860 1210 1898 cortice
1229 1859 1403 1897 natanti.
1462 1857 1569 1906 Quid
1591 1855 1669 1894 tibi
1688 1855 1753 1893 vis

157 1922 324 1961 dicam?
384 1924 487 1963 Tam
524 1926 606 1964 cito
645 1939 770 1976 quam
807 1926 997 1975 asparagi
1029 1926 1273 1975 coquuntur,
1314 1924 1357 1961 id
1391 1922 1589 1960 carminis
1622 1934 1645 1959 a
1687 1933 1753 1958 me
1776 1934 1812 1966 15

157 1987 312 2026 factum
341 1990 503 2035 excidit,
531 1991 753 2041 peperique
782 1992 1027 2041 priusquam
1056 1990 1330 2040 partui-irem;
1369 1988 1479 2027 vnde
1513 1999 1636 2025 nemo
1669 1998 1755 2023 non

159 2052 341 2092 iudicare
374 2056 506 2103 possit
540 2056 727 2094 studiose
760 2056 969 2094 abortioni
1001 2067 1168 2105 operam
1201 2054 1351 2092 datam.
1424 2052 1559 2102 Atqui
1591 2064 1676 2089 non
1708 2062 1755 2088 eo

159 2118 463 2167 componebam,
486 2122 533 2159 vt
553 2123 640 2158 tam
658 2122 742 2160 vile
761 2123 803 2160 et
821 2121 1063 2159 inchoatum
1083 2132 1249 2158 carmen
1265 2118 1533 2169 praecipitata
1551 2116 1755 2155 aeditione

157 2182 416 2231 publicatum
441 2185 487 2222 in
514 2198 663 2224 manus
689 2186 911 2224 hominum
934 2186 1106 2233 veniret,
1136 2198 1230 2222 cum
1256 2185 1331 2223 vni
1356 2185 1522 2221 tantum
1552 2180 1756 2220 Richardo

160 2248 417 2298 Bartholino,
454 2250 521 2288 cui
559 2264 690 2300 nugas
724 2265 868 2289 omnes
901 2263 1015 2289 meas
1049 2250 1262 2288 ostendere
1292 2248 1477 2287 solebam
1506 2250 1546 2285 et
1580 2246 1753 2292 credere,
1777 2261 1816 2283 20

160 2313 386 2364 legendum
407 2316 704 2354 transmissum
721 2312 856 2355 esset:
884 2316 955 2366 qui
970 2315 1045 2353 hac
1065 2315 1111 2353 in
1129 2316 1243 2364 parte
1264 2313 1393 2351 nimis
1409 2325 1534 2362 quam
1548 2311 1755 2349 officiosus

159 2378 267 2418 illud
305 2392 389 2418 non
427 2381 586 2420 veritus
624 2383 687 2420 est
725 2382 804 2421 tibi
842 2381 1066 2431 impertire.
1135 2380 1285 2428 Pudet,
1330 2391 1577 2428 magnopere
1614 2376 1753 2426 pudet,

160 2445 363 2483 Vrsinum
394 2445 576 2496 euulgati
605 2448 829 2496 pooematii
845 2462 854 2496 ;
893 2460 916 2485 a
946 2459 1026 2496 quo
1059 2445 1183 2484 nihili
1214 2445 1261 2483 in
1289 2444 1472 2489 materia,
1503 2456 1588 2481 non
1616 2443 1755 2480 autem

160 2513 280 2549 tanto
326 2511 370 2548 in
416 2511 515 2560 viro,
562 2513 895 2552 mediocritatem
936 2512 1095 2563 ingenii
1139 2511 1402 2550 exercitatam
1447 2508 1639 2559 oportuit.
1721 2507 1756 2546 Ο

161 2575 374 2614 audaciam
388 2576 600 2627 insignem
614 2580 656 2616 et
673 2579 833 2617 facinus
847 2578 1052 2618 stultum!
1099 2578 1269 2616 Aenean
1284 2575 1447 2614 laudare
1461 2587 1556 2613 sum
1570 2585 1753 2621 exorsus,
1776 2587 1813 2618 25

163 2640 350 2678 nondum
370 2641 491 2680 culici
509 2643 746 2682 extollendo
765 2644 866 2683 satis
885 2644 1071 2682 idoneus.

215 2705 420 2756 Equidem
436 2707 592 2757 duplici
606 2721 741 2748 errore
755 2722 822 2748 me
841 2709 1005 2759 lapsum
1020 2721 1121 2755 esse,
1137 2709 1177 2745 et
1192 2708 1366 2756 vti-oque
1380 2705 1497 2755 graui
1512 2706 1552 2742 et
1567 2703 1756 2742 intolera-

206 2814 279 2846 851.
297 2823 329 2853 3.
346 2817 377 2844 F
386 2825 395 2845 z
412 2814 588 2847 Gurcense
603 2819 655 2847 E:
673 2816 850 2848 Gur-oense
866 2820 896 2847 E
913 2819 1021 2854 θυννίς.
1096 2825 1149 2854 23.
1167 2814 1337 2854 poematii
1353 2816 1389 2844 F.
1466 2822 1518 2851 25.
1537 2813 1698 2843 Aeneam
1713 2814 1756 2843 N.

205 2909 279 2940 851.
306 2918 338 2947 3.
370 2908 559 2949 Gurcensi]
593 2909 692 2941 Matt.
716 2909 836 2951 Lange
868 2920 923 2941 see
1040 2919 1088 2947 14.
1116 2909 1195 2938 sine
1212 2906 1358 2947 cortice]
1373 2906 1424 2938 Cf.
1440 2906 1529 2937 Hor.
1543 2909 1576 2937 S.
1595 2915 1622 2936 1.
1635 2916 1665 2944 4.
1683 2915 1754 2936 120.

164 2953 254 2992 Epp.
270 2953 344 2991 548.
363 2963 383 2991 4
395 2962 444 2991 n.,
461 2961 536 2992 549.
554 2952 596 2991 48
606 2962 643 2984 n.
1039 2962 1088 2991 15.
1116 2950 1292 2991 asparagi]
1316 2950 1368 2981 Of.
1384 2950 1479 2981 Suet.
1492 2952 1578 2987 Aug.
1595 2950 1648 2989 87.

210 3006 239 3035 7.
265 2994 542 3036 Genethliacon]
555 2996 607 3027 Cf.
621 2996 684 3035 Ep.
698 2998 772 3035 548¹.
788 3007 808 3036 3
820 3006 857 3028 n.
1038 3005 1090 3026 20.
1115 2993 1343 3034 Bartholino]
1362 2993 1415 3025 Of.
1429 2993 1491 3033 Ep.
1506 3003 1595 3032 547..
