2034 3433
179 142 276 198 779]
1680 149 1756 187 231

631 202 726 242 779.
788 201 851 242 To
884 201 1033 242 PETER
1064 201 1301 244 VITERIUS.

222 289 384 336 Farrago
402 302 437 336 p.
462 299 535 336 151.
1339 291 1523 339 (Louvain
1538 291 1581 338 i»

222 348 258 383 F.
277 360 312 394 p.
332 359 422 394 297:
450 350 541 386 HN:
569 350 683 385 Lond.
702 350 747 384 vi.
770 361 830 394 17:
857 350 930 386 LB.
949 362 1028 396 294.
1215 350 1266 397 (c.
1289 361 1332 385 22
1351 351 1540 396 February
1564 351 1651 395 1518
1666 350 1709 396 2²>

218 422 320 464 [This
335 433 402 455 can
418 424 548 463 hardly
564 425 692 464 belong
707 426 743 455 to
760 425 821 456 the
837 435 946 465 group
963 425 1002 456 of
1018 425 1141 464 1516-7
1164 424 1297 463 letters,
1316 426 1414 456 since
1437 425 1498 465 Ep.
1518 425 1581 463 528
1603 434 1760 456 answers

175 466 259 497 both
277 467 340 507 Ep.
359 478 422 506 444
439 467 510 498 and
528 468 591 508 Ep.
611 478 684 507 503.
732 469 768 500 It
793 470 925 499 cannot
949 469 991 499 be
1016 471 1081 508 put
1105 468 1254 507 earlier;
1280 468 1334 499 for
1355 468 1473 499 before
1493 477 1573 507 1517
1592 468 1761 499 Erasmus

174 510 294 541 would
310 513 373 542 not
388 512 478 542 have
493 511 566 542 had
582 512 759 543 influence
775 513 866 543 with
879 512 1051 544 Poncher.
1096 512 1115 543 1
1131 511 1267 542 incline
1289 514 1324 542 to
1345 512 1426 543 take
1448 513 1478 542 it
1497 521 1535 542 as
1556 512 1761 550 answering

173 562 193 584 a
221 552 328 585 letter
362 554 474 585 called
500 555 596 585 forth
624 556 670 595 by
697 556 757 587 the
793 556 970 595 inquiries
994 556 1033 586 in
1060 555 1123 595 Ep.
1153 555 1227 594 768.
1283 555 1356 585 The
1389 556 1496 586 letter
1523 554 1691 595 expected
1721 555 1760 585 in

175 596 237 637 Ep.
255 597 328 637 817.
346 607 359 628 1
377 598 496 629 would
513 598 603 629 then
620 600 661 630 be
678 609 698 630 a
718 599 817 639 reply
834 602 870 630 to
886 599 948 630 the
965 599 1128 639 question
1145 599 1254 629 about
1270 598 1332 630 the
1347 600 1475 630 nature
1493 598 1532 629 of
1539 599 1602 629 the
1618 597 1760 629 desired

174 642 464 674 commendation
480 644 516 673 to
534 642 724 683 Poncher.]

326 739 531 769 ERASMVS
562 740 888 770 ERVDITISSIMO
919 740 967 769 M.
1002 739 1144 769 PETRO
1176 739 1362 768 VITERIO
1395 739 1476 769 SVO
1508 739 1540 771 S.
1563 739 1605 769 D.

226 819 342 858 BENE
371 820 527 868 cecidit,
554 821 710 870 optime
729 820 875 869 Viteri,
904 820 1012 870 quod
1032 832 1133 865 mea,
1158 819 1289 869 qualis
1307 818 1439 869 qualis
1458 819 1549 866 fuit,
1572 821 1761 869 expostu-

171 884 272 922 latio
286 887 373 923 tam
385 885 561 924 amicam
575 888 741 936 tamque
757 885 961 935 copiosam
975 885 1191 934 epistolam
1206 884 1278 922 abs
1294 886 1334 922 te
1349 884 1520 923 extudit.
1567 886 1762 923 Veterem

172 948 293 987 illum
308 951 429 989 tuum
450 950 494 988 in
509 963 586 988 nos
605 950 793 988 animum
814 963 898 988 non
918 949 1008 988 sine
1022 949 1236 999 voluptate
1257 961 1444 999 agnosco.
1498 948 1761 988 Incolumem

172 1026 259 1053 esse
284 1016 325 1053 te
350 1014 488 1054 laetor.
547 1015 626 1054 Tot
655 1015 842 1054 molestis
868 1014 1202 1065 occupationibus
1229 1014 1403 1053 distrahi
1432 1017 1473 1052 te
1499 1015 1695 1063 dolerem,
1714 1015 1761 1053 ni

171 1078 273 1118 tales
291 1083 428 1119 essent
447 1082 492 1119 vt
510 1080 749 1119 huiusmodi
764 1081 830 1118 vel
848 1079 1020 1119 immori
1032 1079 1170 1130 cupiat
1190 1079 1355 1118 animus
1374 1092 1469 1118 vere
1485 1079 1756 1119 Christianus.
1782 1094 1798 1125 5

172 1143 366 1183 Gratulor
383 1147 522 1184 autem
546 1145 696 1184 virtuti
716 1146 810 1184 tuae
830 1158 934 1194 quae
953 1147 1015 1184 tot
1035 1144 1244 1183 laboribus
1269 1144 1439 1183 sufficiat
1459 1159 1468 1192 ;
1498 1145 1603 1193 quod
1623 1158 1762 1194 corpu-

170 1208 274 1249 sculi
304 1210 465 1249 viribus
493 1211 615 1259 deest,
645 1211 822 1260 pectoris
845 1210 988 1249 ardore
1017 1210 1318 1260 suppeditante.
1377 1209 1594 1248 Proximas
1623 1209 1762 1248 literas

171 1276 263 1313 tuas
294 1276 396 1314 scito
423 1275 530 1314 mihi
558 1289 643 1314 non
671 1288 759 1313 esse
789 1274 986 1314 redditas.
1047 1274 1092 1313 Si
1124 1274 1278 1313 curaris
1310 1276 1355 1312 vt
1385 1273 1513 1312 sciam
1543 1287 1622 1324 qua
1648 1275 1696 1312 de
1720 1288 1763 1313 re

170 1340 451 1379 commendari
482 1340 587 1379 velis
618 1340 666 1378 R.
699 1340 746 1378 P.
781 1339 990 1390 Stephano
1022 1339 1263 1386 Poncherio,
1298 1338 1486 1389 episcopo
1520 1339 1759 1386 Parisiensi,

169 1405 475 1455 promptissime
504 1405 612 1456 quod
642 1404 756 1443 voles
785 1405 942 1443 faciam.
1001 1404 1216 1442 Eximium
1239 1404 1289 1442 D.
1315 1404 1532 1452 Balneum,
1560 1403 1761 1442 decanum
1784 1419 1823 1441 10

169 1469 461 1518 Turonensem,
489 1471 594 1509 meis
622 1469 758 1509 verbis
785 1469 1031 1509 resalutabis
1059 1469 1290 1519 diligenter.
1339 1470 1414 1509 Vir
1439 1469 1576 1508 malus
1601 1469 1694 1518 sim,
1717 1469 1761 1507 ni

169 1549 307 1576 amem
337 1537 554 1576 hominem
580 1536 712 1575 literis
737 1549 783 1575 ac
804 1535 956 1575 Virtuti
988 1548 1082 1574 cum
1116 1535 1262 1585 primis
1296 1536 1531 1583 fauentem;
1573 1535 1761 1585 ingratus

169 1601 304 1650 etiam,
339 1602 384 1640 ni
411 1603 623 1641 redamem
652 1602 763 1640 vltro
796 1603 1087 1651 prouocantem
1121 1601 1171 1639 ad
1204 1600 1440 1640 amicitiam.
1508 1601 1621 1639 Bene
1654 1600 1756 1648 vale,

170 1664 303 1703 Viteri
322 1665 578 1704 suauissime.
638 1662 869 1717 [rnnxvn]

548 1780 682 1834 780806
742 1778 872 1820 FROM
906 1778 1124 1820 RICHARD
1155 1778 1381 1820 SAMPSON.

215 1864 436 1901 Auctarium
453 1875 488 1909 p.
513 1873 589 1909 137.
1473 1862 1656 1907 Tournay.

216 1924 254 1959 F.
274 1936 309 1969 p.
331 1933 418 1966 141:
443 1922 532 1957 HN:
560 1921 675 1956 Lond.
695 1920 748 1956 iii.
768 1933 812 1965 4:
841 1922 915 1957 LB.
937 1923 1015 1966 306.
1423 1930 1443 1954 2
1461 1919 1589 1955 March
1613 1922 1711 1964 1518.

191 1998 398 2082 f[Dl3l‹³:tlzween
417 1997 481 2028 the
502 1996 722 2035 Paraphrase
745 2005 792 2027 on
814 1996 877 2027 the
901 1996 1056 2028 Romans
1077 1996 1157 2037 (Ep.
1181 1996 1254 2025 806.
1278 1995 1330 2035 16)
1356 1995 1428 2026 and
1451 1996 1514 2026 the
1536 1995 1757 2035 publication

171 2052 189 2073 o
269 2065 276 2073 .

170 2129 433 2161 RICHARDVS
467 2127 683 2169 SAMPSON,
713 2127 1102 2158 REVERENDISSIMI
1141 2125 1419 2157 CARDINALIS
1455 2123 1759 2156 EBORACENSIS

341 2197 462 2227 APVD
494 2196 688 2226 NERVIOS
720 2194 1067 2234 COMMISSARIVS,
1100 2194 1279 2224 ERASMO
1312 2193 1394 2223 SVO
1426 2193 1459 2225 S.
1482 2194 1520 2224 P.
1541 2193 1583 2222 D.

225 2282 272 2321 S1
301 2280 366 2320 vel
395 2282 443 2319 tu
477 2278 654 2328 Anglice
688 2277 854 2316 calleres
884 2277 951 2315 vel
980 2289 1054 2326 ego
1087 2275 1214 2315 aliam
1252 2287 1539 2325 quamcunque
1576 2282 1758 2312 tenerem

169 2349 356 2398 linguam
377 2358 456 2395 qua
481 2344 641 2382 mutuis
666 2343 797 2381 literis
819 2344 956 2380 tecum
979 2341 1087 2379 mihi
1112 2340 1292 2390 colloqui
1317 2340 1470 2387 liceret,
1495 2339 1554 2377 mi
1573 2339 1756 2386 Erasme,

169 2414 294 2452 huius
326 2412 492 2450 nostrae
520 2409 666 2447 aetatis
693 2409 782 2446 sine
815 2406 1096 2446 controuersia
1126 2405 1384 2455 eloquentiae
1414 2404 1614 2454 princeps,
1646 2404 1757 2442 haud

169 2489 375 2529 quaquam
413 2474 582 2513 Latinas
619 2473 670 2512 ad
706 2474 747 2511 te
786 2473 927 2510 darem
973 2471 1139 2518 literas;
1182 2483 1278 2508 cum
1315 2482 1399 2508 non
1442 2469 1626 2518 ignorem
1670 2481 1757 2507 esse

169 2543 380 2581 neminem
418 2540 502 2578 nisi
537 2551 705 2589 prorsus
741 2539 811 2576 aut
853 2535 1120 2575 temerarium
1162 2536 1233 2572 aut
1270 2533 1464 2572 omnibus
1501 2533 1756 2582 eloquentiae
1777 2549 1793 2580 5

170 2606 358 2646 numeris
376 2605 629 2651 absolutum,
649 2602 720 2653 qui
739 2603 790 2640 ad
810 2604 849 2641 te
868 2601 935 2639 vel
957 2614 1051 2640 cum
1070 2599 1214 2650 priscis
1237 2598 1324 2637 illis
1350 2598 1632 2637 disertissimis
1657 2598 1756 2637 viris

170 2671 464 2710 conferendum
486 2669 632 2708 Latine
652 2668 827 2706 scribere
846 2679 931 2705 non
950 2667 1149 2704 vereatur.
1207 2664 1339 2703 Tanta
1360 2664 1468 2713 apud
1498 2675 1640 2701 omnes
1662 2664 1756 2702 tuae

214 2770 288 2800 779.
305 2779 337 2809 9.
355 2768 393 2799 R.
405 2768 440 2798 P.
454 2778 511 2797 om.
526 2769 567 2797 H.
650 2766 847 2796 Poncherio
862 2767 936 2796 aclcz.
947 2766 989 2794 H.
1083 2773 1130 2794 10.
1150 2763 1191 2793 D.
1205 2765 1246 2792 E:
1272 2762 1388 2792 virum
1403 2763 1442 2791 H.
1533 2747 1584 2800 '14.
1605 2769 1756 2791 m.1).xv11

174 2816 248 2844 adel.
264 2815 308 2843 H.

214 2912 287 2942 779.
308 2919 339 2948 5.
360 2908 465 2949 tales]
490 2908 558 2938 For
581 2908 656 2938 this
679 2907 767 2947 high
782 2907 873 2938 view
897 2906 934 2937 of
995 2905 1094 2936 Dean
1119 2904 1157 2935 of
1179 2904 1290 2934 Tours
1315 2904 1352 2933 in
1380 2912 1484 2942 1513;
1507 2912 1561 2933 see
1587 2902 1656 2934 GC.
1682 2903 1753 2934 xiv.

171 2955 232 2986 the
245 2953 416 2985 teacher's
431 2951 526 2982 office
542 2951 585 2982 cf.
604 2951 665 2990 Ep.
686 2960 759 2990 237.
778 2961 816 2990 71
835 2959 906 2989 seq.
1000 2958 1072 2988 150,
1089 2949 1206 2978 where
1223 2957 1242 2978 a
1258 2946 1478 2986 predecessor
1494 2947 1533 2976 in
1550 2955 1630 2985 1512
1647 2945 1718 2977 and
1733 2956 1755 2976 a

218 3008 266 3029 10.
303 2995 495 3035 Balneum]
532 2995 665 3025 Martin
699 2997 735 3024 os
770 2994 927 3032 Beaune,
997 3001 1172 3023 successor
1187 2991 1227 3022 in
1247 3000 1326 3030 1524
1344 3000 1402 3021 are
1419 2989 1637 3021 mentioned.
