2034 3433
261 131 314 170 92
727 133 980 173 LETTERs
1017 133 1088 173 or
1125 133 1392 173 ERAsnus
1731 133 1854 187 [15η-

737 272 835 312 668.
897 269 960 310 To
990 269 1116 310 JOHN
1147 269 1323 312 SIXTIN.

308 366 498 402 Deventer
518 366 592 401 MS.
613 377 669 411 91,
690 365 712 401 f.
733 375 774 411 55
796 370 843 400 v0.
1492 366 1668 402 Louvain.

310 424 381 459 LB.
401 425 495 469 App.
519 426 594 468 184.
1356 425 1397 459 16
1415 423 1639 469 September
1656 422 1812 470 (1517).

723 514 930 544 ERASMVS
963 514 1148 544 SIXTINO
1181 514 1262 545 SVO
1295 515 1328 546 S.
1355 516 1397 545 D.

316 597 435 634 MIRA
472 596 599 633 huius
637 595 818 645 regionis
856 594 1066 633 sterilstas.
1145 594 1324 633 Ioannes
1361 596 1566 646 Phi-ysius
1605 598 1667 634 tot
1705 595 1859 634 artium

262 661 421 699 nullam
461 660 528 697 hic
568 660 717 710 reperit
755 660 979 698 fortunam.
1052 659 1140 708 Ego
1178 673 1341 699 menses
1382 661 1613 711 complures
1649 662 1859 710 vtcunque

260 727 346 765 alui
380 726 423 763 in
455 739 572 776 spem
605 725 790 765 melioris
819 725 1023 764 fortunae.
1087 725 1209 763 Nunc
1243 739 1315 763 ceu
1349 739 1463 764 sacra
1493 726 1598 765 iacta
1630 739 1780 765 ancora
1813 725 1857 762 in

261 791 527 830 Britanniam
557 804 600 829 se
628 791 795 829 confert.
871 790 1076 840 Optabam
1106 803 1201 829 eum
1231 791 1299 828 hic
1328 804 1507 838 manere,
1539 792 1577 829 si
1605 792 1772 830 fortuna
1799 803 1858 829 ar-

224 874 240 904 5
260 857 429 895 risisset.
489 856 564 904 Tu,
598 856 737 906 siquid
771 858 899 906 potes,
933 856 1095 894 adiuua.
1155 856 1217 894 De
1250 856 1331 895 fide
1365 858 1505 895 testor.
1565 856 1856 895 Eruditionem

260 921 412 972 probo3
450 921 670 971 pristinam
700 935 866 960 morum
893 921 1163 960 insolentiam
1190 922 1381 960 fortunae
1408 921 1620 972 iniquitas,
1650 924 1696 960 vt
1725 934 1855 971 spero,

260 988 450 1027 correxit.
519 988 676 1038 Scripsi
714 1001 847 1038 nuper
886 990 927 1027 et
965 1001 1037 1038 per
1073 988 1247 1026 Petrum
1286 989 1524 1027 vnoculum.
1587 987 1694 1027 Cum
1732 988 1857 1026 fratre

260 1054 551 1093 confabulatus
578 1067 673 1092 sum
691 1054 959 1103 Antuerpiae.
1022 1054 1174 1093 Petrus
1193 1054 1396 1102 Aegidius
1422 1055 1530 1094 male
1554 1054 1749 1105 languet;
1782 1067 1858 1104 ego

260 1132 391 1169 Vsque
428 1120 479 1159 ad
518 1122 699 1158 mortem
739 1119 900 1158 crucior
938 1120 1104 1169 pituita.
1164 1120 1277 1159 Bene
1314 1120 1415 1158 vale.

204 1199 242 1220 10
316 1185 493 1224 Louanii
519 1185 653 1235 pridie
679 1185 901 1224 Lamberti.

698 1319 901 1377 669esa.ees
961 1317 1023 1358 To
1054 1318 1249 1359 THoMAs
1280 1317 1426 1359 MORE.

308 1414 499 1449 Deventer
517 1413 593 1448 MS.
614 1424 671 1459 91,
689 1414 713 1448 f.
735 1425 789 1459 93.
1495 1413 1671 1448 Louvain.

308 1472 380 1507 LB.
398 1474 494 1517 App.
518 1476 591 1516 183.
1357 1472 1398 1507 16
1417 1471 1640 1517 September
1661 1470 1813 1518 (1517).

316 1560 417 1598 M1s1
448 1573 516 1597 me
547 1558 625 1596 tibi
658 1572 730 1609 per
763 1558 937 1597 Petrum
972 1559 1173 1605 coclitem,
1210 1559 1283 1608 qui
1320 1571 1363 1597 se
1400 1559 1476 1597 hac
1514 1558 1649 1608 gracia
1688 1557 1856 1596 diuertit

261 1626 479 1665 Caletium.
538 1625 632 1662 Non
664 1627 725 1662 est
760 1624 868 1673 quod
900 1625 1026 1662 dones
1055 1623 1137 1662 nisi
1168 1624 1309 1662 decem
1341 1627 1414 1663 aut
1445 1624 1664 1663 duodecim
1697 1637 1861 1674 grossos

260 1704 335 1741 pro
364 1690 527 1730 itineris
556 1690 795 1740 dispendio:
824 1692 958 1728 cetera
983 1692 1123 1728 curata
1152 1693 1250 1729 sunt
1277 1703 1300 1728 a
1326 1691 1447 1729 nobis
1476 1691 1625 1729 omnia.
1685 1691 1857 1729 Vtinam

261 1757 333 1795 fiat
370 1759 442 1795 tuo
481 1756 699 1794 commodo
738 1758 783 1793 vt
822 1755 904 1794 huc
942 1755 1198 1794 transuoles!
1274 1757 1634 1795 Reuiuisceremus
1671 1756 1859 1805 vtrique:

223 1838 239 1869 5
259 1835 358 1860 nam
379 1822 467 1872 ipse
487 1822 588 1860 dum
609 1820 784 1859 Petrum
797 1821 1023 1870 Aegidium
1043 1821 1260 1859 restituere
1280 1835 1415 1869 conor,
1433 1822 1479 1860 in
1498 1821 1857 1861 sceleratissimam

260 1887 386 1926 incidi
428 1886 640 1936 pituitam.
675 1899 778 1936 quae
811 1887 868 1924 sic
903 1899 971 1924 me
1000 1885 1143 1935 affligit
1176 1889 1222 1924 vt
1255 1900 1360 1936 pene
1392 1888 1628 1926 extinxerit.
1686 1887 1859 1925 Atensis

259 1952 400 1991 omnia
438 1966 531 1990 mea
559 1951 707 2001 probat
748 1951 849 1989 citra
888 1952 1184 2001 exceptionem.
1244 1952 1425 2002 Dor-pius
1462 1966 1511 1991 ex
1549 1953 1691 1991 animo
1729 1953 1854 1999 fauet,

259 2018 329 2056 sed
368 2031 465 2056 suae
497 2017 651 2067 gloriae
684 2029 903 2066 perparcus
940 2018 1013 2066 est,
1054 2030 1105 2055 ne
1144 2017 1279 2056 dicam
1317 2018 1560 2066 famelicus3
1599 2032 1679 2068 quo
1717 2018 1860 2056 minus

258 2085 394 2133 potest
428 2084 472 2121 in
503 2083 685 2122 amicum
717 2083 1017 2122 transfundere.
1078 2083 1137 2121 Mi
1168 2083 1291 2131 More,
1332 2097 1429 2123 cura
1461 2087 1505 2123 vt
1536 2084 1675 2123 valeas
1706 2086 1748 2122 et
1783 2097 1859 2123 nos

205 2164 242 2185 ιο
258 2148 503 2188 valebimus

314 2214 360 2252 Si
383 2214 546 2252 veneris
572 2213 742 2264 Brugas,
766 2226 924 2252 accerse
952 2214 1002 2252 D.
1026 2213 1223 2262 Marcum,
1246 2215 1448 2253 decanum
1472 2215 1614 2254 Sancti
1634 2214 1861 2253 Donatiani

260 2280 393 2319 nostri
412 2281 764 2319 amantissimum.
823 2280 1056 2319 Commissa
1075 2281 1175 2319 sunt
1193 2281 1301 2319 mihi
1318 2281 1518 2331 quaedam
1538 2281 1662 2319 titulo
1678 2280 1862 2330 Impera-

260 2345 362 2384 toris
391 2346 441 2384 de
469 2346 593 2384 rebus
621 2358 705 2383 non
734 2345 908 2384 leuibus.
969 2345 1049 2384 Sed
1079 2345 1245 2395 quiduis
1274 2346 1409 2385 fecero
1435 2347 1550 2396 prius
1573 2359 1697 2396 quam
1722 2345 1861 2384 huius-

260 2412 374 2450 modi
402 2412 584 2462 negociis
611 2411 796 2451 irretiar:
834 2414 876 2450 et
903 2412 1063 2450 vtinam
1097 2415 1144 2450 tu
1181 2425 1292 2450 esses
1323 2412 1564 2462 expeditus!
1621 2412 1736 2450 Bene
1768 2411 1860 2450 vale

206 2492 240 2523 ¹5
259 2476 383 2515 etiam
403 2479 526 2527 atque
547 2477 683 2516 etiam.
744 2476 921 2516 Louanii
940 2477 1072 2526 pridie
1094 2477 1317 2516 Lamberti.

303 2589 378 2620 669.
405 2599 435 2628 9.
462 2588 687 2621 trasfundere
705 2593 774 2621 MS.
894 2600 942 2621 12.
970 2590 1196 2620 amantissim
1212 2592 1280 2622 MS.
1297 2602 1305 2622 ε
1329 2590 1568 2621 amantissimi
1586 2593 1647 2629 ΕΒ,
1662 2600 1772 2627 praue.

302 2689 377 2719 668.
403 2699 431 2727 7.
458 2689 608 2729 Scripsi]
626 2690 690 2729 Ep.
708 2691 783 2728 655.
1097 2689 1285 2727 requested
1303 2690 1339 2718 to
1354 2689 1495 2719 consult
1512 2689 1601 2719 with
1626 2689 1688 2719 the
1711 2688 1801 2720 head
1825 2689 1864 2720 of

347 2732 474 2772 fratre]
493 2732 557 2763 See
573 2734 637 2772 Ep.
654 2734 729 2772 655.
746 2742 766 2771 5
780 2743 814 2764 n.
1096 2732 1159 2763 the
1197 2732 1408 2772 theologica]
1446 2732 1583 2771 faculty
1619 2734 1656 2763 at
1699 2733 1860 2763 Louvain

303 2775 378 2805 669.
408 2785 435 2805 1.
463 2775 564 2816 Misi]
581 2776 633 2807 Cf.
652 2776 716 2816 Ep.
734 2777 809 2816 654.
1099 2776 1180 2817 (Ep.
1195 2776 1299 2816 67o);
1322 2775 1444 2806 unless
1460 2777 1490 2807 it
1511 2786 1603 2806 were
1626 2786 1646 2806 a
1670 2776 1806 2807 revival
1826 2776 1864 2806 of

308 2827 357 2849 11.
383 2818 557 2859 Marcum]
572 2819 762 2851 Laurinus.
806 2819 857 2850 Cf.
871 2819 936 2860 Ep.
950 2821 1026 2859 651.
1097 2819 1160 2849 the
1177 2818 1322 2858 designs
1335 2829 1431 2858 upon
1445 2820 1509 2850 the
1522 2820 1661 2859 Papacy
1674 2819 1860 2860 suggested

264 2870 304 2899 19
317 2870 354 2891 n.
1097 2863 1145 2901 by
1162 2863 1261 2892 Leo's
1276 2862 1402 2894 illness
1418 2864 1457 2894 in
1472 2864 1535 2894 the
1548 2873 1708 2894 summer
1723 2864 1762 2894 of
1776 2864 1862 2901 1516

307 2914 355 2935 12.
382 2904 579 2937 Commissa
592 2905 694 2946 sunt]
708 2907 727 2937 Ι
741 2908 874 2937 cannot
887 2907 1027 2946 suggest
1097 2906 1257 2946 (Brewer
1268 2906 1306 2937 ii.
1319 2907 1533 2946 2241,2308*.
1581 2907 1761 2938 Erasmus'
1778 2915 1859 2937 own

259 2957 330 2986 any
360 2949 527 2987 question
555 2950 773 2989 concerning
797 2950 1025 2981 Maximilian
1094 2949 1266 2980 relations
1282 2950 1372 2980 with
1391 2951 1615 2982 Maximilian
1637 2960 1731 2982 were
1747 2950 1785 2981 of
1797 2948 1861 2981 the

258 3000 304 3021 on
330 2992 449 3022 which
473 2992 641 3023 Erasmus
664 2993 794 3023 should
818 2994 910 3024 have
935 2993 1025 3023 been
1094 2992 1271 3032 slightest.
