<?xml version="1.0" encoding="UTF-8"?>
<!DOCTYPE html PUBLIC "-//W3C//DTD XHTML 1.0 Transitional//EN"
    "http://www.w3.org/TR/xhtml1/DTD/xhtml1-transitional.dtd">
<html xmlns="http://www.w3.org/1999/xhtml" xml:lang="en" lang="en">
 <head>
  <title>
</title>
<meta http-equiv="Content-Type" content="text/html;charset=utf-8" />
  <meta name='ocr-system' content='tesseract 3.04.00' />
  <meta name='ocr-capabilities' content='ocr_page ocr_carea ocr_par ocr_line ocrx_word'/>
</head>
<body>
  <div class='ocr_page' id='page_1' title='image "./opusepistolarumd03erasuoft_0351.png"; bbox 0 0 2034 3433; ppageno 0'>
   <div class='ocr_carea' id='block_1_1' title="bbox 165 158 1769 212">
    <p class='ocr_par' dir='ltr' id='par_1_1' title="bbox 165 158 1769 212">
     <span class='ocr_line' id='line_1_1' title="bbox 165 158 1769 212; baseline -0.002 -11"><span class='ocrx_word' id='word_1_1' title='bbox 165 158 267 212; x_wconf 75' lang='lat'>834]</span> <span class='ocrx_word' id='word_1_2' title='bbox 744 160 814 198; x_wconf 73' lang='lat' dir='ltr'>r,ro</span> <span class='ocrx_word' id='word_1_3' title='bbox 853 159 1056 199; x_wconf 79' lang='lat' dir='ltr'>HENRY</span> <span class='ocrx_word' id='word_1_4' title='bbox 1094 160 1209 199; x_wconf 86' lang='lat' dir='ltr'>VIII</span> <span class='ocrx_word' id='word_1_5' title='bbox 1690 161 1769 198; x_wconf 82' lang='lat'>305</span> 
     </span>
    </p>
   </div>
   <div class='ocr_carea' id='block_1_2' title="bbox 165 262 1770 705">
    <p class='ocr_par' dir='ltr' id='par_1_2' title="bbox 165 262 1770 705">
     <span class='ocr_line' id='line_1_2' title="bbox 166 262 1770 314; baseline -0.001 -13"><span class='ocrx_word' id='word_1_6' title='bbox 166 264 252 301; x_wconf 90' lang='lat' dir='ltr'>tate</span> <span class='ocrx_word' id='word_1_7' title='bbox 266 263 449 311; x_wconf 68' lang='lat' dir='ltr'>maxime</span> <span class='ocrx_word' id='word_1_8' title='bbox 467 262 688 314; x_wconf 86' lang='lat' dir='ltr'>praecellit,</span> <span class='ocrx_word' id='word_1_9' title='bbox 707 262 766 301; x_wconf 87' lang='lat' dir='ltr'>ita</span> <span class='ocrx_word' id='word_1_10' title='bbox 785 263 917 313; x_wconf 88' lang='lat' dir='ltr'>gratia</span> <span class='ocrx_word' id='word_1_11' title='bbox 936 266 977 302; x_wconf 90' lang='lat' dir='ltr'>et</span> <span class='ocrx_word' id='word_1_12' title='bbox 996 264 1222 303; x_wconf 68' lang='lat' dir='ltr'>autoritate</span> <span class='ocrx_word' id='word_1_13' title='bbox 1244 264 1474 314; x_wconf 87' lang='lat' dir='ltr'>plurimum</span> <span class='ocrx_word' id='word_1_14' title='bbox 1491 263 1599 302; x_wconf 86' lang='lat' dir='ltr'>valet</span> <span class='ocrx_word' id='word_1_15' title='bbox 1617 277 1624 310; x_wconf 92' lang='lat'>;</span> <span class='ocrx_word' id='word_1_16' title='bbox 1654 262 1770 301; x_wconf 86' lang='lat' dir='ltr'>cuius</span> 
     </span>
     <span class='ocr_line' id='line_1_3' title="bbox 165 327 1770 379; baseline -0.001 -12"><span class='ocrx_word' id='word_1_17' title='bbox 165 328 261 367; x_wconf 88' lang='lat' dir='ltr'>aula</span> <span class='ocrx_word' id='word_1_18' title='bbox 290 328 547 368; x_wconf 73' lang='lat' dir='ltr'>Christianae</span> <span class='ocrx_word' id='word_1_19' title='bbox 580 327 819 378; x_wconf 89' lang='lat' dir='ltr'>disciplinae</span> <span class='ocrx_word' id='word_1_20' title='bbox 859 329 914 367; x_wconf 87' lang='lat' dir='ltr'>sit</span> <span class='ocrx_word' id='word_1_21' title='bbox 946 330 1202 379; x_wconf 84' lang='lat' dir='ltr'>exemplum,</span> <span class='ocrx_word' id='word_1_22' title='bbox 1240 329 1299 368; x_wconf 87' lang='lat' dir='ltr'>sic</span> <span class='ocrx_word' id='word_1_23' title='bbox 1337 327 1635 368; x_wconf 72' lang='lat' dir='ltr'>eruditissimis</span> <span class='ocrx_word' id='word_1_24' title='bbox 1668 327 1770 366; x_wconf 83' lang='lat' dir='ltr'>viris</span> 
     </span>
     <span class='ocr_line' id='line_1_4' title="bbox 167 393 1769 444; baseline -0.001 -13"><span class='ocrx_word' id='word_1_25' title='bbox 167 393 370 433; x_wconf 88' lang='lat' dir='ltr'>celebrata</span> <span class='ocrx_word' id='word_1_26' title='bbox 386 395 435 434; x_wconf 87' lang='lat' dir='ltr'>vt</span> <span class='ocrx_word' id='word_1_27' title='bbox 451 393 516 432; x_wconf 93' lang='lat' dir='ltr'>illi</span> <span class='ocrx_word' id='word_1_28' title='bbox 535 393 653 433; x_wconf 88' lang='lat' dir='ltr'>nulla</span> <span class='ocrx_word' id='word_1_29' title='bbox 673 406 758 433; x_wconf 91' lang='lat' dir='ltr'>non</span> <span class='ocrx_word' id='word_1_30' title='bbox 779 393 962 432; x_wconf 90' lang='lat' dir='ltr'>inuideat</span> <span class='ocrx_word' id='word_1_31' title='bbox 981 393 1200 433; x_wconf 82' lang='lat' dir='ltr'>academia.</span> <span class='ocrx_word' id='word_1_32' title='bbox 1263 395 1399 433; x_wconf 92' lang='lat' dir='ltr'>Deum</span> <span class='ocrx_word' id='word_1_33' title='bbox 1414 396 1500 444; x_wconf 88' lang='lat' dir='ltr'>opt.</span> <span class='ocrx_word' id='word_1_34' title='bbox 1522 393 1769 432; x_wconf 79' lang='lat' dir='ltr'>maximum-</span> 
     </span>
     <span class='ocr_line' id='line_1_5' title="bbox 167 459 1769 510; baseline -0.002 -12"><span class='ocrx_word' id='word_1_35' title='bbox 167 472 247 509; x_wconf 86' lang='lat' dir='ltr'>que</span> <span class='ocrx_word' id='word_1_36' title='bbox 265 472 408 510; x_wconf 81' lang='lat' dir='ltr'>precor</span> <span class='ocrx_word' id='word_1_37' title='bbox 427 461 474 498; x_wconf 92' lang='lat' dir='ltr'>vt</span> <span class='ocrx_word' id='word_1_38' title='bbox 492 461 533 498; x_wconf 92' lang='lat' dir='ltr'>et</span> <span class='ocrx_word' id='word_1_39' title='bbox 552 459 682 498; x_wconf 87' lang='lat' dir='ltr'>istum</span> <span class='ocrx_word' id='word_1_40' title='bbox 702 459 892 498; x_wconf 89' lang='lat' dir='ltr'>animum</span> <span class='ocrx_word' id='word_1_41' title='bbox 913 459 990 497; x_wconf 87' lang='lat' dir='ltr'>tibi</span> <span class='ocrx_word' id='word_1_42' title='bbox 1009 461 1253 509; x_wconf 90' lang='lat' dir='ltr'>perpetuum</span> <span class='ocrx_word' id='word_1_43' title='bbox 1273 473 1362 499; x_wconf 89' lang='lat' dir='ltr'>esse</span> <span class='ocrx_word' id='word_1_44' title='bbox 1382 459 1495 508; x_wconf 87' lang='lat' dir='ltr'>velit,</span> <span class='ocrx_word' id='word_1_45' title='bbox 1520 461 1561 498; x_wconf 87' lang='lat' dir='ltr'>et</span> <span class='ocrx_word' id='word_1_46' title='bbox 1580 460 1622 497; x_wconf 89' lang='lat' dir='ltr'>te</span> <span class='ocrx_word' id='word_1_47' title='bbox 1643 471 1769 507; x_wconf 86' lang='lat' dir='ltr'>regne</span> 
     </span>
     <span class='ocr_line' id='line_1_6' title="bbox 167 523 1767 575; baseline -0.003 -11"><span class='ocrx_word' id='word_1_48' title='bbox 167 538 292 575; x_wconf 85' lang='lat' dir='ltr'>quam</span> <span class='ocrx_word' id='word_1_49' title='bbox 320 525 554 564; x_wconf 79' lang='lat' dir='ltr'>diutissime</span> <span class='ocrx_word' id='word_1_50' title='bbox 577 526 742 564; x_wconf 89' lang='lat' dir='ltr'>tueatur</span> <span class='ocrx_word' id='word_1_51' title='bbox 765 525 1032 572; x_wconf 89' lang='lat' dir='ltr'>incolumem,</span> <span class='ocrx_word' id='word_1_52' title='bbox 1057 526 1103 563; x_wconf 92' lang='lat' dir='ltr'>vt</span> <span class='ocrx_word' id='word_1_53' title='bbox 1128 525 1320 575; x_wconf 89' lang='lat' dir='ltr'>pluribus</span> <span class='ocrx_word' id='word_1_54' title='bbox 1347 525 1470 564; x_wconf 87' lang='lat' dir='ltr'>annis</span> <span class='ocrx_word' id='word_1_55' title='bbox 1499 524 1576 563; x_wconf 87' lang='lat' dir='ltr'>sub</span> <span class='ocrx_word' id='word_1_56' title='bbox 1605 523 1767 573; x_wconf 83' lang='lat' dir='ltr'>optimo</span> 
     </span>
     <span class='ocr_line' id='line_1_7' title="bbox 167 588 1770 641; baseline -0.002 -13"><span class='ocrx_word' id='word_1_57' title='bbox 167 590 542 641; x_wconf 86' lang='lat' dir='ltr'>florentissimoque</span> <span class='ocrx_word' id='word_1_58' title='bbox 555 590 751 640; x_wconf 84' lang='lat' dir='ltr'>Principe</span> <span class='ocrx_word' id='word_1_59' title='bbox 765 591 874 628; x_wconf 88' lang='lat' dir='ltr'>veris</span> <span class='ocrx_word' id='word_1_60' title='bbox 890 589 1010 628; x_wconf 86' lang='lat' dir='ltr'>bonis</span> <span class='ocrx_word' id='word_1_61' title='bbox 1029 589 1175 628; x_wconf 89' lang='lat' dir='ltr'>floreat</span> <span class='ocrx_word' id='word_1_62' title='bbox 1191 591 1419 641; x_wconf 80' lang='lat' dir='ltr'>vigeatque.</span> <span class='ocrx_word' id='word_1_63' title='bbox 1477 590 1564 628; x_wconf 90' lang='lat' dir='ltr'>Nos</span> <span class='ocrx_word' id='word_1_64' title='bbox 1580 588 1770 639; x_wconf 83' lang='lat' dir='ltr'>cogimur</span> 
     </span>
     <span class='ocr_line' id='line_1_8' title="bbox 168 654 1765 705; baseline -0.001 -13"><span class='ocrx_word' id='word_1_65' title='bbox 168 654 338 694; x_wconf 83' lang='lat' dir='ltr'>edendis</span> <span class='ocrx_word' id='word_1_66' title='bbox 363 655 647 694; x_wconf 91' lang='lat' dir='ltr'>voluminibus</span> <span class='ocrx_word' id='word_1_67' title='bbox 674 655 784 694; x_wconf 90' lang='lat' dir='ltr'>Noui</span> <span class='ocrx_word' id='word_1_68' title='bbox 813 654 1071 694; x_wconf 85' lang='lat' dir='ltr'>Testamenti</span> <span class='ocrx_word' id='word_1_69' title='bbox 1096 657 1293 705; x_wconf 89' lang='lat' dir='ltr'>quattuor</span> <span class='ocrx_word' id='word_1_70' title='bbox 1320 669 1484 694; x_wconf 90' lang='lat' dir='ltr'>menses</span> <span class='ocrx_word' id='word_1_71' title='bbox 1511 654 1765 705; x_wconf 88' lang='lat' dir='ltr'>impendere.</span> 
     </span>
    </p>
   </div>
   <div class='ocr_carea' id='block_1_3' title="bbox 168 721 1806 772">
    <p class='ocr_par' dir='ltr' id='par_1_3' title="bbox 168 721 1806 772">
     <span class='ocr_line' id='line_1_9' title="bbox 168 721 1806 772; baseline -0.001 -13"><span class='ocrx_word' id='word_1_72' title='bbox 168 721 230 759; x_wconf 87' lang='lat' dir='ltr'>Eo</span> <span class='ocrx_word' id='word_1_73' title='bbox 249 721 418 772; x_wconf 86' lang='lat' dir='ltr'>negocio</span> <span class='ocrx_word' id='word_1_74' title='bbox 438 721 623 760; x_wconf 86' lang='lat' dir='ltr'>confecto</span> <span class='ocrx_word' id='word_1_75' title='bbox 643 722 755 760; x_wconf 81' lang='lat' dir='ltr'>totos</span> <span class='ocrx_word' id='word_1_76' title='bbox 774 734 851 759; x_wconf 88' lang='lat' dir='ltr'>nos</span> <span class='ocrx_word' id='word_1_77' title='bbox 869 723 965 760; x_wconf 83' lang='lat' dir='ltr'>tuae</span> <span class='ocrx_word' id='word_1_78' title='bbox 984 721 1212 760; x_wconf 88' lang='lat' dir='ltr'>maiestatis</span> <span class='ocrx_word' id='word_1_79' title='bbox 1232 721 1518 760; x_wconf 83' lang='lat' dir='ltr'>dedicabimus</span> <span class='ocrx_word' id='word_1_80' title='bbox 1538 721 1767 771; x_wconf 80' lang='lat' dir='ltr'>obsequiis:</span> <span class='ocrx_word' id='word_1_81' title='bbox 1793 734 1806 754; x_wconf 85' lang='lat'>2</span> 
     </span>
    </p>
   </div>
   <div class='ocr_carea' id='block_1_4' title="bbox 169 786 1769 967">
    <p class='ocr_par' dir='ltr' id='par_1_4' title="bbox 169 786 1769 967">
     <span class='ocr_line' id='line_1_10' title="bbox 169 786 1769 836; baseline -0.001 -12"><span class='ocrx_word' id='word_1_82' title='bbox 169 799 292 835; x_wconf 87' lang='lat' dir='ltr'>quam</span> <span class='ocrx_word' id='word_1_83' title='bbox 316 786 572 825; x_wconf 90' lang='lat' dir='ltr'>incolumem</span> <span class='ocrx_word' id='word_1_84' title='bbox 599 799 645 824; x_wconf 90' lang='lat' dir='ltr'>ac</span> <span class='ocrx_word' id='word_1_85' title='bbox 672 786 835 824; x_wconf 86' lang='lat' dir='ltr'>felicem</span> <span class='ocrx_word' id='word_1_86' title='bbox 860 787 1027 825; x_wconf 89' lang='lat' dir='ltr'>tueatur</span> <span class='ocrx_word' id='word_1_87' title='bbox 1055 798 1294 836; x_wconf 86' lang='lat' dir='ltr'>semperque</span> <span class='ocrx_word' id='word_1_88' title='bbox 1324 786 1369 824; x_wconf 90' lang='lat' dir='ltr'>in</span> <span class='ocrx_word' id='word_1_89' title='bbox 1397 786 1533 826; x_wconf 89' lang='lat' dir='ltr'>maius</span> <span class='ocrx_word' id='word_1_90' title='bbox 1565 786 1769 836; x_wconf 89' lang='lat' dir='ltr'>prouehat</span> 
     </span>
     <span class='ocr_line' id='line_1_11' title="bbox 169 851 1389 902; baseline 0 -12"><span class='ocrx_word' id='word_1_91' title='bbox 169 851 358 890; x_wconf 84' lang='lat' dir='ltr'>Christus</span> <span class='ocrx_word' id='word_1_92' title='bbox 377 852 511 899; x_wconf 89' lang='lat' dir='ltr'>Iesus,</span> <span class='ocrx_word' id='word_1_93' title='bbox 530 865 676 902; x_wconf 88' lang='lat' dir='ltr'>regum</span> <span class='ocrx_word' id='word_1_94' title='bbox 696 851 888 889; x_wconf 89' lang='lat' dir='ltr'>omnium</span> <span class='ocrx_word' id='word_1_95' title='bbox 909 851 1131 900; x_wconf 85' lang='lat' dir='ltr'>sospitator</span> <span class='ocrx_word' id='word_1_96' title='bbox 1150 865 1196 890; x_wconf 90' lang='lat' dir='ltr'>ac</span> <span class='ocrx_word' id='word_1_97' title='bbox 1216 865 1389 902; x_wconf 86' lang='lat' dir='ltr'>praeses.</span> 
     </span>
     <span class='ocr_line' id='line_1_12' title="bbox 223 915 1461 967; baseline -0.001 -11"><span class='ocrx_word' id='word_1_98' title='bbox 223 917 399 956; x_wconf 91' lang='lat' dir='ltr'>Louanii</span> <span class='ocrx_word' id='word_1_99' title='bbox 417 919 519 967; x_wconf 86' lang='lat' dir='ltr'>sept.</span> <span class='ocrx_word' id='word_1_100' title='bbox 544 915 683 955; x_wconf 84' lang='lat' dir='ltr'>Galen.</span> <span class='ocrx_word' id='word_1_101' title='bbox 706 916 845 955; x_wconf 77' lang='lat' dir='ltr'>Maias.</span> <span class='ocrx_word' id='word_1_102' title='bbox 905 918 1031 955; x_wconf 87' lang='lat' dir='ltr'>Anno</span> <span class='ocrx_word' id='word_1_103' title='bbox 1053 917 1225 955; x_wconf 90' lang='lat' dir='ltr'>Domini</span> <span class='ocrx_word' id='word_1_104' title='bbox 1246 918 1461 955; x_wconf 84' lang='lat' dir='ltr'>M.D.xviii.</span> 
     </span>
    </p>
   </div>
   <div class='ocr_carea' id='block_1_5' title="bbox 1177 1005 1710 1044">
    <p class='ocr_par' dir='ltr' id='par_1_5' title="bbox 1177 1005 1710 1044">
     <span class='ocr_line' id='line_1_13' title="bbox 1177 1005 1710 1044; baseline -0.004 -1"><span class='ocrx_word' id='word_1_105' title='bbox 1177 1005 1377 1044; x_wconf 88' lang='lat' dir='ltr'>Erasmus</span> <span class='ocrx_word' id='word_1_106' title='bbox 1398 1005 1710 1043; x_wconf 82' lang='lat' dir='ltr'>Roterodamus.</span> 
     </span>
    </p>
   </div>
   <div class='ocr_carea' id='block_1_6' title="bbox 590 1133 1347 1177">
    <p class='ocr_par' dir='ltr' id='par_1_6' title="bbox 590 1133 1347 1177">
     <span class='ocr_line' id='line_1_14' title="bbox 590 1133 1347 1177; baseline 0.005 -4"><span class='ocrx_word' id='word_1_107' title='bbox 590 1136 685 1174; x_wconf 81' lang='lat'>835.</span> <span class='ocrx_word' id='word_1_108' title='bbox 750 1133 814 1173; x_wconf 89' lang='lat' dir='ltr'>To</span> <span class='ocrx_word' id='word_1_109' title='bbox 846 1133 1093 1177; x_wconf 80' lang='lat' dir='ltr'>DOMENICO</span> <span class='ocrx_word' id='word_1_110' title='bbox 1125 1134 1347 1177; x_wconf 73' lang='lat' dir='ltr'>GRIMANI.</span> 
     </span>
    </p>
   </div>
   <div class='ocr_carea' id='block_1_7' title="bbox 218 1224 1718 1330">
    <p class='ocr_par' dir='ltr' id='par_1_7' title="bbox 218 1224 1718 1330">
     <span class='ocr_line' id='line_1_15' title="bbox 218 1224 1662 1269; baseline -0.001 -7"><span class='ocrx_word' id='word_1_111' title='bbox 218 1227 403 1262; x_wconf 85' lang='lat' dir='ltr'>Deventer</span> <span class='ocrx_word' id='word_1_112' title='bbox 420 1225 497 1259; x_wconf 87' lang='lat' dir='ltr'>MS.</span> <span class='ocrx_word' id='word_1_113' title='bbox 516 1234 573 1269; x_wconf 89' lang='lat'>91,</span> <span class='ocrx_word' id='word_1_114' title='bbox 592 1224 616 1258; x_wconf 90' lang='lat' dir='ltr'>f.</span> <span class='ocrx_word' id='word_1_115' title='bbox 637 1235 670 1269; x_wconf 86' lang='lat'>9.</span> <span class='ocrx_word' id='word_1_116' title='bbox 1488 1227 1662 1262; x_wconf 76' lang='lat' dir='ltr'>Louvain.</span> 
     </span>
     <span class='ocr_line' id='line_1_16' title="bbox 220 1281 1718 1330; baseline 0 -11"><span class='ocrx_word' id='word_1_117' title='bbox 220 1285 263 1319; x_wconf 92' lang='lat' dir='ltr'>D.</span> <span class='ocrx_word' id='word_1_118' title='bbox 281 1297 315 1329; x_wconf 79' lang='lat' dir='ltr'>p.</span> <span class='ocrx_word' id='word_1_119' title='bbox 338 1294 425 1330; x_wconf 89' lang='lat'>150:</span> <span class='ocrx_word' id='word_1_120' title='bbox 454 1284 494 1318; x_wconf 83' lang='lat' dir='ltr'>F.</span> <span class='ocrx_word' id='word_1_121' title='bbox 513 1295 548 1328; x_wconf 91' lang='lat' dir='ltr'>p.</span> <span class='ocrx_word' id='word_1_122' title='bbox 576 1284 662 1325; x_wconf 86' lang='lat'>146:</span> <span class='ocrx_word' id='word_1_123' title='bbox 692 1281 785 1317; x_wconf 90' lang='lat' dir='ltr'>HN:</span> <span class='ocrx_word' id='word_1_124' title='bbox 814 1283 929 1317; x_wconf 81' lang='lat' dir='ltr'>Lond.</span> <span class='ocrx_word' id='word_1_125' title='bbox 950 1282 1002 1318; x_wconf 89' lang='lat' dir='ltr'>iii.</span> <span class='ocrx_word' id='word_1_126' title='bbox 1027 1294 1091 1319; x_wconf 89' lang='lat'>11:</span> <span class='ocrx_word' id='word_1_127' title='bbox 1121 1284 1191 1319; x_wconf 90' lang='lat' dir='ltr'>LB.</span> <span class='ocrx_word' id='word_1_128' title='bbox 1213 1294 1293 1330; x_wconf 87' lang='lat'>315.</span> <span class='ocrx_word' id='word_1_129' title='bbox 1428 1286 1472 1320; x_wconf 84' lang='lat'>26</span> <span class='ocrx_word' id='word_1_130' title='bbox 1491 1285 1595 1330; x_wconf 84' lang='lat' dir='ltr'>April</span> <span class='ocrx_word' id='word_1_131' title='bbox 1619 1287 1718 1329; x_wconf 82' lang='lat'>1518.</span> 
     </span>
    </p>
   </div>
   <div class='ocr_carea' id='block_1_8' title="bbox 348 1364 1594 1407">
    <p class='ocr_par' dir='ltr' id='par_1_8' title="bbox 348 1364 1594 1407">
     <span class='ocr_line' id='line_1_17' title="bbox 348 1364 1594 1407; baseline -0.001 -11"><span class='ocrx_word' id='word_1_132' title='bbox 348 1366 530 1407; x_wconf 83' lang='lat' dir='ltr'>[Between</span> <span class='ocrx_word' id='word_1_133' title='bbox 548 1364 611 1394; x_wconf 89' lang='lat' dir='ltr'>the</span> <span class='ocrx_word' id='word_1_134' title='bbox 628 1373 844 1404; x_wconf 80' lang='lat' dir='ltr'>appearance</span> <span class='ocrx_word' id='word_1_135' title='bbox 862 1364 899 1394; x_wconf 84' lang='lat' dir='ltr'>of</span> <span class='ocrx_word' id='word_1_136' title='bbox 920 1364 982 1394; x_wconf 87' lang='lat' dir='ltr'>the</span> <span class='ocrx_word' id='word_1_137' title='bbox 1000 1365 1219 1405; x_wconf 80' lang='lat' dir='ltr'>Paraphrase</span> <span class='ocrx_word' id='word_1_138' title='bbox 1237 1365 1317 1406; x_wconf 81' lang='lat' dir='ltr'>(Ep.</span> <span class='ocrx_word' id='word_1_139' title='bbox 1337 1365 1416 1406; x_wconf 87' lang='lat'>710)</span> <span class='ocrx_word' id='word_1_140' title='bbox 1434 1365 1505 1395; x_wconf 84' lang='lat' dir='ltr'>and</span> <span class='ocrx_word' id='word_1_141' title='bbox 1523 1364 1594 1403; x_wconf 66' lang='lat' dir='ltr'>D¹.‡</span> 
     </span>
    </p>
   </div>
   <div class='ocr_carea' id='block_1_9' title="bbox 392 1460 1543 1492">
    <p class='ocr_par' dir='ltr' id='par_1_9' title="bbox 392 1460 1543 1492">
     <span class='ocr_line' id='line_1_18' title="bbox 392 1460 1543 1492; baseline 0.001 -2"><span class='ocrx_word' id='word_1_142' title='bbox 392 1460 454 1490; x_wconf 89' lang='lat' dir='ltr'>AD</span> <span class='ocrx_word' id='word_1_143' title='bbox 484 1460 917 1490; x_wconf 71' lang='lat' dir='ltr'>REVERENDISSIMVM</span> <span class='ocrx_word' id='word_1_144' title='bbox 950 1460 1250 1491; x_wconf 86' lang='lat' dir='ltr'>CARDINALEM</span> <span class='ocrx_word' id='word_1_145' title='bbox 1283 1462 1543 1492; x_wconf 79' lang='lat' dir='ltr'>GRIMANVM.</span> 
     </span>
    </p>
   </div>
   <div class='ocr_carea' id='block_1_10' title="bbox 172 1540 1775 2375">
    <p class='ocr_par' dir='ltr' id='par_1_10' title="bbox 172 1540 1775 2310">
     <span class='ocr_line' id='line_1_19' title="bbox 226 1540 1771 1592; baseline -0.001 -12"><span class='ocrx_word' id='word_1_146' title='bbox 226 1542 422 1580; x_wconf 73' lang='lat' dir='ltr'>SALVTEM</span> <span class='ocrx_word' id='word_1_147' title='bbox 452 1540 690 1591; x_wconf 84' lang='lat' dir='ltr'>plurimam,</span> <span class='ocrx_word' id='word_1_148' title='bbox 721 1540 1068 1580; x_wconf 84' lang='lat' dir='ltr'>reuerendissime</span> <span class='ocrx_word' id='word_1_149' title='bbox 1098 1541 1276 1581; x_wconf 90' lang='lat' dir='ltr'>domine.</span> <span class='ocrx_word' id='word_1_150' title='bbox 1338 1541 1431 1580; x_wconf 88' lang='lat' dir='ltr'>Iam</span> <span class='ocrx_word' id='word_1_151' title='bbox 1459 1541 1621 1592; x_wconf 86' lang='lat' dir='ltr'>pridem</span> <span class='ocrx_word' id='word_1_152' title='bbox 1651 1540 1771 1580; x_wconf 82' lang='lat' dir='ltr'>Para-</span> 
     </span>
     <span class='ocr_line' id='line_1_20' title="bbox 172 1605 1773 1659; baseline -0.001 -13"><span class='ocrx_word' id='word_1_153' title='bbox 172 1607 334 1659; x_wconf 89' lang='lat' dir='ltr'>phrasis</span> <span class='ocrx_word' id='word_1_154' title='bbox 359 1607 403 1646; x_wconf 93' lang='lat' dir='ltr'>in</span> <span class='ocrx_word' id='word_1_155' title='bbox 427 1606 647 1657; x_wconf 89' lang='lat' dir='ltr'>epistolam</span> <span class='ocrx_word' id='word_1_156' title='bbox 673 1605 795 1644; x_wconf 90' lang='lat' dir='ltr'>Pauli</span> <span class='ocrx_word' id='word_1_157' title='bbox 822 1606 871 1644; x_wconf 91' lang='lat' dir='ltr'>ad</span> <span class='ocrx_word' id='word_1_158' title='bbox 901 1607 1111 1646; x_wconf 88' lang='lat' dir='ltr'>Romanos</span> <span class='ocrx_word' id='word_1_159' title='bbox 1139 1609 1211 1646; x_wconf 87' lang='lat' dir='ltr'>tuo</span> <span class='ocrx_word' id='word_1_160' title='bbox 1239 1608 1372 1646; x_wconf 87' lang='lat' dir='ltr'>dicata</span> <span class='ocrx_word' id='word_1_161' title='bbox 1394 1607 1556 1646; x_wconf 89' lang='lat' dir='ltr'>nomini</span> <span class='ocrx_word' id='word_1_162' title='bbox 1584 1607 1773 1645; x_wconf 87' lang='lat' dir='ltr'>versatur</span> 
     </span>
     <span class='ocr_line' id='line_1_21' title="bbox 173 1671 1773 1721; baseline -0.001 -10"><span class='ocrx_word' id='word_1_163' title='bbox 173 1674 219 1711; x_wconf 89' lang='lat' dir='ltr'>in</span> <span class='ocrx_word' id='word_1_164' title='bbox 256 1671 451 1711; x_wconf 89' lang='lat' dir='ltr'>manibus</span> <span class='ocrx_word' id='word_1_165' title='bbox 484 1671 716 1719; x_wconf 86' lang='lat' dir='ltr'>hominum,</span> <span class='ocrx_word' id='word_1_166' title='bbox 752 1671 854 1709; x_wconf 85' lang='lat' dir='ltr'>satis</span> <span class='ocrx_word' id='word_1_167' title='bbox 887 1671 1164 1721; x_wconf 88' lang='lat' dir='ltr'>plausibiliter</span> <span class='ocrx_word' id='word_1_168' title='bbox 1200 1673 1250 1711; x_wconf 87' lang='lat' dir='ltr'>ab</span> <span class='ocrx_word' id='word_1_169' title='bbox 1284 1672 1478 1710; x_wconf 89' lang='lat' dir='ltr'>omnibus</span> <span class='ocrx_word' id='word_1_170' title='bbox 1515 1671 1773 1710; x_wconf 89' lang='lat' dir='ltr'>eruditorum</span> 
     </span>
     <span class='ocr_line' id='line_1_22' title="bbox 172 1737 1773 1788; baseline -0.002 -10"><span class='ocrx_word' id='word_1_171' title='bbox 172 1738 371 1778; x_wconf 88' lang='lat' dir='ltr'>centuriis</span> <span class='ocrx_word' id='word_1_172' title='bbox 395 1738 570 1786; x_wconf 87' lang='lat' dir='ltr'>accepta.</span> <span class='ocrx_word' id='word_1_173' title='bbox 631 1737 745 1775; x_wconf 86' lang='lat' dir='ltr'>Haec</span> <span class='ocrx_word' id='word_1_174' title='bbox 772 1738 849 1784; x_wconf 85' lang='lat' dir='ltr'>est,</span> <span class='ocrx_word' id='word_1_175' title='bbox 870 1737 915 1775; x_wconf 90' lang='lat' dir='ltr'>ni</span> <span class='ocrx_word' id='word_1_176' title='bbox 944 1737 1076 1785; x_wconf 86' lang='lat' dir='ltr'>fallor,</span> <span class='ocrx_word' id='word_1_177' title='bbox 1100 1738 1163 1776; x_wconf 92' lang='lat' dir='ltr'>tui</span> <span class='ocrx_word' id='word_1_178' title='bbox 1190 1737 1303 1788; x_wconf 86' lang='lat' dir='ltr'>genii</span> <span class='ocrx_word' id='word_1_179' title='bbox 1326 1738 1465 1788; x_wconf 86' lang='lat' dir='ltr'>potius</span> <span class='ocrx_word' id='word_1_180' title='bbox 1490 1751 1614 1788; x_wconf 87' lang='lat' dir='ltr'>quam</span> <span class='ocrx_word' id='word_1_181' title='bbox 1640 1737 1773 1787; x_wconf 87' lang='lat' dir='ltr'>operis</span> 
     </span>
     <span class='ocr_line' id='line_1_23' title="bbox 173 1801 1773 1851; baseline -0.001 -9"><span class='ocrx_word' id='word_1_182' title='bbox 173 1804 361 1843; x_wconf 88' lang='lat' dir='ltr'>felicitas.</span> <span class='ocrx_word' id='word_1_183' title='bbox 421 1803 636 1842; x_wconf 87' lang='lat' dir='ltr'>Hactenus</span> <span class='ocrx_word' id='word_1_184' title='bbox 655 1816 738 1840; x_wconf 90' lang='lat' dir='ltr'>non</span> <span class='ocrx_word' id='word_1_185' title='bbox 760 1801 856 1841; x_wconf 88' lang='lat' dir='ltr'>misi</span> <span class='ocrx_word' id='word_1_186' title='bbox 877 1803 1074 1841; x_wconf 90' lang='lat' dir='ltr'>volumen</span> <span class='ocrx_word' id='word_1_187' title='bbox 1099 1803 1464 1842; x_wconf 89' lang='lat' dir='ltr'>reuerendissimae</span> <span class='ocrx_word' id='word_1_188' title='bbox 1484 1805 1579 1842; x_wconf 87' lang='lat' dir='ltr'>tuae</span> <span class='ocrx_word' id='word_1_189' title='bbox 1600 1804 1663 1851; x_wconf 65' lang='lat' dir='ltr'>D„</span> <span class='ocrx_word' id='word_1_190' title='bbox 1686 1802 1773 1840; x_wconf 93' lang='lat' dir='ltr'>siue</span> 
     </span>
     <span class='ocr_line' id='line_1_24' title="bbox 175 1867 1773 1919; baseline -0.002 -11"><span class='ocrx_word' id='word_1_191' title='bbox 175 1869 284 1919; x_wconf 88' lang='lat' dir='ltr'>quod</span> <span class='ocrx_word' id='word_1_192' title='bbox 312 1868 465 1907; x_wconf 91' lang='lat' dir='ltr'>aeditio</span> <span class='ocrx_word' id='word_1_193' title='bbox 492 1867 626 1917; x_wconf 90' lang='lat' dir='ltr'>prima</span> <span class='ocrx_word' id='word_1_194' title='bbox 654 1867 762 1905; x_wconf 88' lang='lat' dir='ltr'>mihi</span> <span class='ocrx_word' id='word_1_195' title='bbox 792 1880 876 1905; x_wconf 91' lang='lat' dir='ltr'>non</span> <span class='ocrx_word' id='word_1_196' title='bbox 905 1868 1131 1907; x_wconf 88' lang='lat' dir='ltr'>admodum</span> <span class='ocrx_word' id='word_1_197' title='bbox 1160 1869 1372 1917; x_wconf 88' lang='lat' dir='ltr'>arrideret,</span> <span class='ocrx_word' id='word_1_198' title='bbox 1403 1869 1490 1907; x_wconf 91' lang='lat' dir='ltr'>siue</span> <span class='ocrx_word' id='word_1_199' title='bbox 1519 1868 1626 1918; x_wconf 89' lang='lat' dir='ltr'>quod</span> <span class='ocrx_word' id='word_1_200' title='bbox 1659 1869 1773 1906; x_wconf 87' lang='lat' dir='ltr'>tanto</span> 
     </span>
     <span class='ocr_line' id='line_1_25' title="bbox 175 1932 1774 1985; baseline -0.001 -13"><span class='ocrx_word' id='word_1_201' title='bbox 175 1934 322 1973; x_wconf 89' lang='lat' dir='ltr'>itinere</span> <span class='ocrx_word' id='word_1_202' title='bbox 349 1946 434 1972; x_wconf 91' lang='lat' dir='ltr'>non</span> <span class='ocrx_word' id='word_1_203' title='bbox 464 1932 583 1971; x_wconf 86' lang='lat' dir='ltr'>facile</span> <span class='ocrx_word' id='word_1_204' title='bbox 611 1932 784 1982; x_wconf 88' lang='lat' dir='ltr'>perferri</span> <span class='ocrx_word' id='word_1_205' title='bbox 814 1933 942 1971; x_wconf 84' lang='lat' dir='ltr'>sciam</span> <span class='ocrx_word' id='word_1_206' title='bbox 971 1935 1005 1972; x_wconf 90' lang='lat' dir='ltr'>si</span> <span class='ocrx_word' id='word_1_207' title='bbox 1028 1948 1109 1984; x_wconf 90' lang='lat' dir='ltr'>qua</span> <span class='ocrx_word' id='word_1_208' title='bbox 1135 1934 1234 1985; x_wconf 90' lang='lat' dir='ltr'>quid</span> <span class='ocrx_word' id='word_1_209' title='bbox 1258 1934 1415 1973; x_wconf 87' lang='lat' dir='ltr'>habent</span> <span class='ocrx_word' id='word_1_210' title='bbox 1439 1934 1586 1972; x_wconf 87' lang='lat' dir='ltr'>oneris.</span> <span class='ocrx_word' id='word_1_211' title='bbox 1647 1932 1774 1971; x_wconf 91' lang='lat' dir='ltr'>Hunc</span> 
     </span>
     <span class='ocr_line' id='line_1_26' title="bbox 177 1997 1775 2049; baseline -0.002 -11"><span class='ocrx_word' id='word_1_212' title='bbox 177 1999 368 2038; x_wconf 90' lang='lat' dir='ltr'>libellum</span> <span class='ocrx_word' id='word_1_213' title='bbox 397 2011 447 2037; x_wconf 84' lang='lat' dir='ltr'>ex</span> <span class='ocrx_word' id='word_1_214' title='bbox 481 1997 644 2036; x_wconf 87' lang='lat' dir='ltr'>officina</span> <span class='ocrx_word' id='word_1_215' title='bbox 681 1998 904 2038; x_wconf 89' lang='lat' dir='ltr'>Basiliensi</span> <span class='ocrx_word' id='word_1_216' title='bbox 941 1999 1042 2038; x_wconf 89' lang='lat' dir='ltr'>satis</span> <span class='ocrx_word' id='word_1_217' title='bbox 1076 1999 1286 2049; x_wconf 85' lang='lat' dir='ltr'>eleganter</span> <span class='ocrx_word' id='word_1_218' title='bbox 1319 2012 1516 2038; x_wconf 81' lang='lat' dir='ltr'>excusum</span> <span class='ocrx_word' id='word_1_219' title='bbox 1549 1997 1775 2048; x_wconf 87' lang='lat' dir='ltr'>periclitari</span> 
     </span>
     <span class='ocr_line' id='line_1_27' title="bbox 177 2062 1770 2117; baseline -0.001 -15"><span class='ocrx_word' id='word_1_220' title='bbox 177 2065 315 2103; x_wconf 89' lang='lat' dir='ltr'>visum</span> <span class='ocrx_word' id='word_1_221' title='bbox 343 2066 416 2112; x_wconf 86' lang='lat' dir='ltr'>est,</span> <span class='ocrx_word' id='word_1_222' title='bbox 447 2063 482 2100; x_wconf 83' lang='lat' dir='ltr'>si</span> <span class='ocrx_word' id='word_1_223' title='bbox 510 2063 614 2117; x_wconf 79' lang='lat' dir='ltr'>forte</span> <span class='ocrx_word' id='word_1_224' title='bbox 643 2062 832 2101; x_wconf 89' lang='lat' dir='ltr'>nondum</span> <span class='ocrx_word' id='word_1_225' title='bbox 861 2064 912 2102; x_wconf 90' lang='lat' dir='ltr'>ad</span> <span class='ocrx_word' id='word_1_226' title='bbox 942 2065 989 2102; x_wconf 82' lang='lat' dir='ltr'>R.</span> <span class='ocrx_word' id='word_1_227' title='bbox 1019 2065 1062 2103; x_wconf 87' lang='grc' dir='ltr'>Τ.</span> <span class='ocrx_word' id='word_1_228' title='bbox 1091 2065 1144 2104; x_wconf 91' lang='lat' dir='ltr'>D.</span> <span class='ocrx_word' id='word_1_229' title='bbox 1167 2065 1373 2115; x_wconf 87' lang='lat' dir='ltr'>perlatum</span> <span class='ocrx_word' id='word_1_230' title='bbox 1403 2065 1485 2102; x_wconf 88' lang='lat' dir='ltr'>fuit</span> <span class='ocrx_word' id='word_1_231' title='bbox 1513 2063 1770 2114; x_wconf 87' lang='lat' dir='ltr'>opusculum.</span> 
     </span>
     <span class='ocr_line' id='line_1_28' title="bbox 178 2128 1773 2178; baseline -0.001 -10"><span class='ocrx_word' id='word_1_232' title='bbox 178 2130 229 2169; x_wconf 91' lang='lat' dir='ltr'>Id</span> <span class='ocrx_word' id='word_1_233' title='bbox 250 2130 285 2167; x_wconf 89' lang='lat' dir='ltr'>si</span> <span class='ocrx_word' id='word_1_234' title='bbox 303 2141 470 2167; x_wconf 90' lang='lat' dir='ltr'>sensero</span> <span class='ocrx_word' id='word_1_235' title='bbox 489 2129 666 2177; x_wconf 86' lang='lat' dir='ltr'>gratum,</span> <span class='ocrx_word' id='word_1_236' title='bbox 688 2129 775 2166; x_wconf 87' lang='lat' dir='ltr'>imo</span> <span class='ocrx_word' id='word_1_237' title='bbox 796 2128 971 2177; x_wconf 78' lang='lat' dir='ltr'>probari,</span> <span class='ocrx_word' id='word_1_238' title='bbox 995 2130 1103 2168; x_wconf 89' lang='lat' dir='ltr'>tanti</span> <span class='ocrx_word' id='word_1_239' title='bbox 1123 2130 1203 2169; x_wconf 87' lang='lat' dir='ltr'>viri</span> <span class='ocrx_word' id='word_1_240' title='bbox 1222 2130 1384 2176; x_wconf 89' lang='lat' dir='ltr'>iudicio,</span> <span class='ocrx_word' id='word_1_241' title='bbox 1407 2143 1504 2168; x_wconf 88' lang='lat' dir='ltr'>mox</span> <span class='ocrx_word' id='word_1_242' title='bbox 1525 2130 1575 2168; x_wconf 88' lang='lat' dir='ltr'>ad</span> <span class='ocrx_word' id='word_1_243' title='bbox 1596 2128 1773 2178; x_wconf 88' lang='lat' dir='ltr'>reliquas</span> 
     </span>
     <span class='ocr_line' id='line_1_29' title="bbox 177 2192 1773 2245; baseline -0.001 -12"><span class='ocrx_word' id='word_1_244' title='bbox 177 2193 372 2245; x_wconf 89' lang='lat' dir='ltr'>epistolas</span> <span class='ocrx_word' id='word_1_245' title='bbox 409 2193 603 2231; x_wconf 87' lang='lat' dir='ltr'>similiter</span> <span class='ocrx_word' id='word_1_246' title='bbox 645 2192 906 2242; x_wconf 86' lang='lat' dir='ltr'>explicandas</span> <span class='ocrx_word' id='word_1_247' title='bbox 947 2195 1210 2245; x_wconf 88' lang='lat' dir='ltr'>accingemur</span> <span class='ocrx_word' id='word_1_248' title='bbox 1228 2209 1237 2242; x_wconf 88' lang='lat'>;</span> <span class='ocrx_word' id='word_1_249' title='bbox 1280 2195 1330 2233; x_wconf 87' lang='lat' dir='ltr'>ad</span> <span class='ocrx_word' id='word_1_250' title='bbox 1370 2195 1478 2244; x_wconf 88' lang='lat' dir='ltr'>quod</span> <span class='ocrx_word' id='word_1_251' title='bbox 1517 2193 1670 2232; x_wconf 88' lang='lat' dir='ltr'>laboris</span> <span class='ocrx_word' id='word_1_252' title='bbox 1707 2207 1773 2232; x_wconf 91' lang='lat' dir='ltr'>me</span> 
     </span>
     <span class='ocr_line' id='line_1_30' title="bbox 179 2257 1138 2310; baseline 0.001 -13"><span class='ocrx_word' id='word_1_253' title='bbox 179 2258 332 2310; x_wconf 87' lang='lat' dir='ltr'>passim</span> <span class='ocrx_word' id='word_1_254' title='bbox 353 2257 571 2296; x_wconf 85' lang='lat' dir='ltr'>extimulat</span> <span class='ocrx_word' id='word_1_255' title='bbox 590 2257 871 2296; x_wconf 88' lang='lat' dir='ltr'>studiosorum</span> <span class='ocrx_word' id='word_1_256' title='bbox 891 2259 1138 2309; x_wconf 88' lang='lat' dir='ltr'>efflagitatio.</span> 
     </span>
    </p>

    <p class='ocr_par' dir='ltr' id='par_1_11' title="bbox 233 2322 1771 2375">
     <span class='ocr_line' id='line_1_31' title="bbox 233 2322 1771 2375; baseline -0.001 -11"><span class='ocrx_word' id='word_1_257' title='bbox 233 2323 406 2373; x_wconf 88' lang='lat' dir='ltr'>Accipio</span> <span class='ocrx_word' id='word_1_258' title='bbox 427 2323 474 2361; x_wconf 82' lang='lat' dir='ltr'>R.</span> <span class='ocrx_word' id='word_1_259' title='bbox 498 2323 546 2362; x_wconf 94' lang='lat' dir='ltr'>D.</span> <span class='ocrx_word' id='word_1_260' title='bbox 569 2322 613 2360; x_wconf 88' lang='grc' dir='ltr'>Τ.</span> <span class='ocrx_word' id='word_1_261' title='bbox 639 2322 745 2360; x_wconf 86' lang='lat' dir='ltr'>mihi</span> <span class='ocrx_word' id='word_1_262' title='bbox 765 2322 898 2362; x_wconf 88' lang='lat' dir='ltr'>literis</span> <span class='ocrx_word' id='word_1_263' title='bbox 920 2325 1165 2374; x_wconf 87' lang='lat' dir='ltr'>respondere</span> <span class='ocrx_word' id='word_1_264' title='bbox 1192 2325 1406 2375; x_wconf 87' lang='lat' dir='ltr'>dignatam</span> <span class='ocrx_word' id='word_1_265' title='bbox 1430 2324 1480 2362; x_wconf 93' lang='lat' dir='ltr'>de</span> <span class='ocrx_word' id='word_1_266' title='bbox 1507 2323 1617 2362; x_wconf 89' lang='lat' dir='ltr'>Noui</span> <span class='ocrx_word' id='word_1_267' title='bbox 1636 2324 1771 2363; x_wconf 85' lang='lat' dir='ltr'>Testa-</span> 
     </span>
    </p>
   </div>
   <div class='ocr_carea' id='block_1_11' title="bbox 179 2431 1773 2690">
    <p class='ocr_par' dir='ltr' id='par_1_12' title="bbox 179 2431 1773 2690">
     <span class='ocr_line' id='line_1_32' title="bbox 223 2431 1773 2473; baseline -0.001 -8"><span class='ocrx_word' id='word_1_268' title='bbox 223 2434 298 2465; x_wconf 82' lang='lat'>834.</span> <span class='ocrx_word' id='word_1_269' title='bbox 329 2442 378 2472; x_wconf 85' lang='lat'>14.</span> <span class='ocrx_word' id='word_1_270' title='bbox 402 2434 471 2463; x_wconf 86' lang='lat' dir='ltr'>MS.</span> <span class='ocrx_word' id='word_1_271' title='bbox 491 2433 542 2461; x_wconf 88' lang='lat' dir='ltr'>H:</span> <span class='ocrx_word' id='word_1_272' title='bbox 567 2431 669 2462; x_wconf 87' lang='lat' dir='ltr'>aulae</span> <span class='ocrx_word' id='word_1_273' title='bbox 686 2431 895 2462; x_wconf 82' lang='lat' dir='ltr'>Christiana</span> <span class='ocrx_word' id='word_1_274' title='bbox 911 2432 1105 2473; x_wconf 81' lang='lat' dir='ltr'>disciplina</span> <span class='ocrx_word' id='word_1_275' title='bbox 1121 2436 1157 2466; x_wconf 91' lang='lat' dir='ltr'>D.</span> <span class='ocrx_word' id='word_1_276' title='bbox 1279 2443 1330 2464; x_wconf 77' lang='lat'>21.</span> <span class='ocrx_word' id='word_1_277' title='bbox 1357 2443 1463 2472; x_wconf 85' lang='lat' dir='ltr'>quam</span> <span class='ocrx_word' id='word_1_278' title='bbox 1482 2456 1490 2464; x_wconf 88' lang='lat'>.</span> <span class='ocrx_word' id='word_1_279' title='bbox 1508 2457 1516 2465; x_wconf 88' lang='lat'>.</span> <span class='ocrx_word' id='word_1_280' title='bbox 1536 2456 1544 2464; x_wconf 91' lang='lat'>.</span> <span class='ocrx_word' id='word_1_281' title='bbox 1563 2443 1612 2463; x_wconf 84' lang='lat'>22.</span> <span class='ocrx_word' id='word_1_282' title='bbox 1633 2443 1773 2473; x_wconf 85' lang='lat' dir='ltr'>praeses</span> 
     </span>
     <span class='ocr_line' id='line_1_33' title="bbox 179 2474 1768 2515; baseline 0.001 -10"><span class='ocrx_word' id='word_1_283' title='bbox 179 2488 238 2509; x_wconf 68' lang='lat' dir='ltr'>nm,</span> <span class='ocrx_word' id='word_1_284' title='bbox 271 2480 309 2508; x_wconf 77' lang='lat' dir='ltr'>D,</span> <span class='ocrx_word' id='word_1_285' title='bbox 487 2483 538 2514; x_wconf 83' lang='lat'>23.</span> <span class='ocrx_word' id='word_1_286' title='bbox 577 2474 723 2506; x_wconf 88' lang='lat' dir='ltr'>Domini</span> <span class='ocrx_word' id='word_1_287' title='bbox 755 2485 813 2507; x_wconf 79' lang='lat' dir='ltr'>om.</span> <span class='ocrx_word' id='word_1_288' title='bbox 846 2478 884 2507; x_wconf 90' lang='lat' dir='ltr'>D.</span> <span class='ocrx_word' id='word_1_289' title='bbox 1058 2486 1110 2515; x_wconf 88' lang='lat'>24.</span> <span class='ocrx_word' id='word_1_290' title='bbox 1149 2477 1320 2508; x_wconf 83' lang='lat' dir='ltr'>Erasmus</span> <span class='ocrx_word' id='word_1_291' title='bbox 1353 2476 1611 2508; x_wconf 68' lang='lat' dir='ltr'>Roterodamus</span> <span class='ocrx_word' id='word_1_292' title='bbox 1640 2487 1700 2510; x_wconf 78' lang='lat' dir='ltr'>om.</span> <span class='ocrx_word' id='word_1_293' title='bbox 1732 2480 1768 2508; x_wconf 89' lang='lat' dir='ltr'>D.</span> 
     </span>
     <span class='ocr_line' id='line_1_34' title="bbox 180 2522 1772 2555; baseline -0.001 -2"><span class='ocrx_word' id='word_1_294' title='bbox 180 2522 255 2555; x_wconf 83' lang='lat'>835.</span> <span class='ocrx_word' id='word_1_295' title='bbox 272 2530 335 2551; x_wconf 79' lang='lat' dir='ltr'>¹rrr.</span> <span class='ocrx_word' id='word_1_296' title='bbox 352 2522 420 2550; x_wconf 74' lang='lat' dir='ltr'>MS.</span> <span class='ocrx_word' id='word_1_297' title='bbox 438 2529 444 2549; x_wconf 95' lang='lat'><strong>:</strong></span> <span class='ocrx_word' id='word_1_298' title='bbox 458 2527 760 2549; x_wconf 67' lang='lat' dir='ltr'>nnvmmnmssmo</span> <span class='ocrx_word' id='word_1_299' title='bbox 777 2528 909 2550; x_wconf 75' lang='lat' dir='ltr'>nomme</span> <span class='ocrx_word' id='word_1_300' title='bbox 925 2529 959 2550; x_wconf 87' lang='lat' dir='ltr'>D.</span> <span class='ocrx_word' id='word_1_301' title='bbox 979 2529 1146 2552; x_wconf 74' lang='lat' dir='ltr'>Dommlco</span> <span class='ocrx_word' id='word_1_302' title='bbox 1162 2529 1321 2551; x_wconf 60' lang='lat' dir='ltr'>cmivao</span> <span class='ocrx_word' id='word_1_303' title='bbox 1338 2529 1529 2551; x_wconf 72' lang='lat' dir='ltr'>CARDINALI</span> <span class='ocrx_word' id='word_1_304' title='bbox 1545 2530 1607 2552; x_wconf 80' lang='lat' dir='ltr'>Trr.</span> <span class='ocrx_word' id='word_1_305' title='bbox 1622 2530 1647 2552; x_wconf 87' lang='lat' dir='ltr'>s.</span> <span class='ocrx_word' id='word_1_306' title='bbox 1664 2530 1772 2551; x_wconf 73' lang='lat' dir='ltr'>MARcr</span> 
     </span>
     <span class='ocr_line' id='line_1_35' title="bbox 182 2563 1771 2605; baseline -0.001 -9"><span class='ocrx_word' id='word_1_307' title='bbox 182 2573 337 2596; x_wconf 64' lang='lat' dir='ltr'>mmsmvs</span> <span class='ocrx_word' id='word_1_308' title='bbox 358 2571 612 2594; x_wconf 73' lang='lat' dir='ltr'>ROE&#39;ERODAMVS</span> <span class='ocrx_word' id='word_1_309' title='bbox 632 2571 657 2594; x_wconf 86' lang='lat' dir='ltr'>s.</span> <span class='ocrx_word' id='word_1_310' title='bbox 675 2572 707 2593; x_wconf 88' lang='lat' dir='ltr'>D.</span> <span class='ocrx_word' id='word_1_311' title='bbox 731 2565 767 2593; x_wconf 95' lang='lat' dir='ltr'>D.</span> <span class='ocrx_word' id='word_1_312' title='bbox 905 2572 932 2594; x_wconf 89' lang='lat'>1.</span> <span class='ocrx_word' id='word_1_313' title='bbox 957 2563 1116 2595; x_wconf 85' lang='lat' dir='ltr'>Salutem</span> <span class='ocrx_word' id='word_1_314' title='bbox 1132 2564 1326 2605; x_wconf 86' lang='lat' dir='ltr'>plurimam</span> <span class='ocrx_word' id='word_1_315' title='bbox 1344 2574 1401 2595; x_wconf 81' lang='lat' dir='ltr'>om.</span> <span class='ocrx_word' id='word_1_316' title='bbox 1419 2566 1457 2594; x_wconf 93' lang='lat' dir='ltr'>D.</span> <span class='ocrx_word' id='word_1_317' title='bbox 1550 2564 1771 2595; x_wconf 85' lang='lat' dir='ltr'>reuerendis-</span> 
     </span>
     <span class='ocr_line' id='line_1_36' title="bbox 181 2606 1772 2645; baseline 0.001 -7"><span class='ocrx_word' id='word_1_318' title='bbox 181 2610 271 2639; x_wconf 71' lang='lat' dir='ltr'>sime</span> <span class='ocrx_word' id='word_1_319' title='bbox 299 2607 444 2638; x_wconf 88' lang='lat' dir='ltr'>domine</span> <span class='ocrx_word' id='word_1_320' title='bbox 471 2616 528 2636; x_wconf 84' lang='lat' dir='ltr'>om.</span> <span class='ocrx_word' id='word_1_321' title='bbox 554 2608 595 2637; x_wconf 88' lang='lat' dir='ltr'>H.</span> <span class='ocrx_word' id='word_1_322' title='bbox 766 2615 797 2645; x_wconf 87' lang='lat'>5.</span> <span class='ocrx_word' id='word_1_323' title='bbox 830 2606 1014 2644; x_wconf 81' lang='lat' dir='ltr'>Hactenus</span> <span class='ocrx_word' id='word_1_324' title='bbox 1037 2610 1110 2640; x_wconf 80' lang='lat' dir='ltr'>adol.</span> <span class='ocrx_word' id='word_1_325' title='bbox 1134 2611 1171 2640; x_wconf 90' lang='lat' dir='ltr'>D.</span> <span class='ocrx_word' id='word_1_326' title='bbox 1301 2608 1384 2639; x_wconf 85' lang='lat' dir='ltr'>misi</span> <span class='ocrx_word' id='word_1_327' title='bbox 1407 2610 1474 2638; x_wconf 86' lang='lat' dir='ltr'>MS.</span> <span class='ocrx_word' id='word_1_328' title='bbox 1499 2607 1561 2638; x_wconf 78' lang='lat' dir='ltr'>N3:</span> <span class='ocrx_word' id='word_1_329' title='bbox 1595 2608 1694 2638; x_wconf 86' lang='lat' dir='ltr'>misit</span> <span class='ocrx_word' id='word_1_330' title='bbox 1717 2607 1772 2640; x_wconf 80' lang='lat' dir='ltr'>N2.</span> 
     </span>
     <span class='ocr_line' id='line_1_37' title="bbox 183 2649 1770 2690; baseline 0.001 -8"><span class='ocrx_word' id='word_1_331' title='bbox 183 2650 504 2682; x_wconf 85' lang='lat' dir='ltr'>reuerendissimae</span> <span class='ocrx_word' id='word_1_332' title='bbox 520 2651 601 2680; x_wconf 85' lang='lat' dir='ltr'>tuae</span> <span class='ocrx_word' id='word_1_333' title='bbox 620 2649 660 2680; x_wconf 94' lang='lat' dir='ltr'>D.</span> <span class='ocrx_word' id='word_1_334' title='bbox 678 2652 745 2681; x_wconf 82' lang='lat' dir='ltr'>MS.</span> <span class='ocrx_word' id='word_1_335' title='bbox 763 2660 769 2679; x_wconf 75' lang='grc' dir='ltr'><strong>ε</strong></span> <span class='ocrx_word' id='word_1_336' title='bbox 794 2650 861 2680; x_wconf 83' lang='lat' dir='ltr'>tibi</span> <span class='ocrx_word' id='word_1_337' title='bbox 879 2653 922 2690; x_wconf 85' lang='lat' dir='ltr'>H,</span> <span class='ocrx_word' id='word_1_338' title='bbox 941 2654 1011 2683; x_wconf 69' lang='lat' dir='ltr'>ante</span> <span class='ocrx_word' id='word_1_339' title='bbox 1025 2651 1206 2683; x_wconf 88' lang='lat' dir='ltr'>volumen.</span> <span class='ocrx_word' id='word_1_340' title='bbox 1344 2661 1375 2690; x_wconf 88' lang='grc'>9.</span> <span class='ocrx_word' id='word_1_341' title='bbox 1397 2651 1436 2682; x_wconf 88' lang='lat' dir='ltr'>R.</span> <span class='ocrx_word' id='word_1_342' title='bbox 1452 2651 1488 2682; x_wconf 90' lang='lat' dir='ltr'>T.</span> <span class='ocrx_word' id='word_1_343' title='bbox 1503 2651 1543 2682; x_wconf 90' lang='lat' dir='ltr'>D.</span> <span class='ocrx_word' id='word_1_344' title='bbox 1564 2654 1631 2681; x_wconf 86' lang='lat' dir='ltr'>MS.</span> <span class='ocrx_word' id='word_1_345' title='bbox 1647 2661 1654 2680; x_wconf 90' lang='lat'>:</span> <span class='ocrx_word' id='word_1_346' title='bbox 1679 2652 1713 2682; x_wconf 83' lang='lat' dir='ltr'>te</span> <span class='ocrx_word' id='word_1_347' title='bbox 1728 2653 1770 2683; x_wconf 86' lang='lat' dir='ltr'>H.</span> 
     </span>
    </p>
   </div>
   <div class='ocr_carea' id='block_1_12' title="bbox 184 2693 1770 2770">
    <p class='ocr_par' dir='ltr' id='par_1_13' title="bbox 184 2693 1770 2770">
     <span class='ocr_line' id='line_1_38' title="bbox 188 2693 1770 2767; baseline 0 -42"><span class='ocrx_word' id='word_1_348' title='bbox 188 2705 233 2725; x_wconf 83' lang='lat'>11.</span> <span class='ocrx_word' id='word_1_349' title='bbox 258 2693 419 2767; x_wconf 78' lang='lat' dir='ltr'>aquuod</span> <span class='ocrx_word' id='word_1_350' title='bbox 445 2717 451 2724; x_wconf 93' lang='lat'>.</span> <span class='ocrx_word' id='word_1_351' title='bbox 477 2716 484 2723; x_wconf 94' lang='lat'>.</span> <span class='ocrx_word' id='word_1_352' title='bbox 510 2717 516 2722; x_wconf 92' lang='lat'>.</span> <span class='ocrx_word' id='word_1_353' title='bbox 545 2701 592 2723; x_wconf 91' lang='lat'>12.</span> <span class='ocrx_word' id='word_1_354' title='bbox 616 2693 822 2733; x_wconf 77' lang='lat' dir='ltr'>efflagitatio</span> <span class='ocrx_word' id='word_1_355' title='bbox 842 2696 915 2725; x_wconf 76' lang='lat' dir='ltr'>aclcl.</span> <span class='ocrx_word' id='word_1_356' title='bbox 932 2697 970 2726; x_wconf 91' lang='lat' dir='ltr'>D.</span> <span class='ocrx_word' id='word_1_357' title='bbox 1151 2704 1198 2734; x_wconf 89' lang='lat'>13.</span> <span class='ocrx_word' id='word_1_358' title='bbox 1227 2694 1266 2725; x_wconf 82' lang='lat' dir='ltr'>R.</span> <span class='ocrx_word' id='word_1_359' title='bbox 1282 2695 1322 2726; x_wconf 92' lang='lat' dir='ltr'>D.</span> <span class='ocrx_word' id='word_1_360' title='bbox 1337 2695 1375 2726; x_wconf 91' lang='lat' dir='ltr'>T.</span> <span class='ocrx_word' id='word_1_361' title='bbox 1393 2698 1484 2725; x_wconf 81' lang='lat' dir='ltr'>MS.:</span> <span class='ocrx_word' id='word_1_362' title='bbox 1510 2694 1770 2725; x_wconf 82' lang='lat' dir='ltr'>sublimitatem</span> 
     </span>
     <span class='ocr_line' id='line_1_39' title="bbox 184 2742 342 2770; baseline -0.013 0"><span class='ocrx_word' id='word_1_363' title='bbox 184 2742 283 2770; x_wconf 83' lang='lat' dir='ltr'>tuam</span> <span class='ocrx_word' id='word_1_364' title='bbox 333 2758 342 2768; x_wconf 87' lang='lat'>.</span> 
     </span>
    </p>
   </div>
   <div class='ocr_carea' id='block_1_13' title="bbox 183 2835 1772 3053">
    <p class='ocr_par' dir='ltr' id='par_1_14' title="bbox 183 2835 1772 3053">
     <span class='ocr_line' id='line_1_40' title="bbox 226 2835 1771 2878; baseline 0.001 -10"><span class='ocrx_word' id='word_1_365' title='bbox 226 2837 302 2869; x_wconf 85' lang='lat'>835.</span> <span class='ocrx_word' id='word_1_366' title='bbox 324 2846 354 2876; x_wconf 93' lang='lat'>5.</span> <span class='ocrx_word' id='word_1_367' title='bbox 383 2846 456 2867; x_wconf 89' lang='lat' dir='ltr'>non</span> <span class='ocrx_word' id='word_1_368' title='bbox 480 2835 580 2876; x_wconf 81' lang='lat' dir='ltr'>misi]</span> <span class='ocrx_word' id='word_1_369' title='bbox 606 2836 641 2867; x_wconf 90' lang='lat' dir='ltr'>It</span> <span class='ocrx_word' id='word_1_370' title='bbox 665 2836 695 2867; x_wconf 84' lang='lat' dir='ltr'>is</span> <span class='ocrx_word' id='word_1_371' title='bbox 718 2840 779 2868; x_wconf 78' lang='lat' dir='ltr'>not</span> <span class='ocrx_word' id='word_1_372' title='bbox 802 2847 884 2878; x_wconf 82' lang='lat' dir='ltr'>easy</span> <span class='ocrx_word' id='word_1_373' title='bbox 908 2840 944 2869; x_wconf 81' lang='lat' dir='ltr'>to</span> <span class='ocrx_word' id='word_1_374' title='bbox 1013 2837 1088 2868; x_wconf 84' lang='lat' dir='ltr'>this</span> <span class='ocrx_word' id='word_1_375' title='bbox 1104 2837 1200 2868; x_wconf 87' lang='lat' dir='ltr'>here.</span> <span class='ocrx_word' id='word_1_376' title='bbox 1246 2836 1312 2867; x_wconf 86' lang='lat' dir='ltr'>For</span> <span class='ocrx_word' id='word_1_377' title='bbox 1328 2848 1347 2868; x_wconf 83' lang='lat' dir='ltr'>a</span> <span class='ocrx_word' id='word_1_378' title='bbox 1370 2836 1509 2868; x_wconf 85' lang='lat' dir='ltr'>similar</span> <span class='ocrx_word' id='word_1_379' title='bbox 1533 2838 1702 2868; x_wconf 87' lang='lat' dir='ltr'>omission</span> <span class='ocrx_word' id='word_1_380' title='bbox 1727 2839 1771 2869; x_wconf 84' lang='lat' dir='ltr'>cf.</span> 
     </span>
     <span class='ocr_line' id='line_1_41' title="bbox 183 2879 1163 2921; baseline 0 -8"><span class='ocrx_word' id='word_1_381' title='bbox 183 2884 333 2913; x_wconf 78' lang='lat' dir='ltr'>account</span> <span class='ocrx_word' id='word_1_382' title='bbox 349 2881 403 2911; x_wconf 88' lang='lat' dir='ltr'>for</span> <span class='ocrx_word' id='word_1_383' title='bbox 418 2879 481 2910; x_wconf 85' lang='lat' dir='ltr'>the</span> <span class='ocrx_word' id='word_1_384' title='bbox 498 2880 679 2911; x_wconf 85' lang='lat' dir='ltr'>omission.</span> <span class='ocrx_word' id='word_1_385' title='bbox 709 2880 783 2911; x_wconf 87' lang='lat' dir='ltr'>The</span> <span class='ocrx_word' id='word_1_386' title='bbox 802 2891 945 2913; x_wconf 82' lang='lat' dir='ltr'>reasons</span> <span class='ocrx_word' id='word_1_387' title='bbox 1013 2881 1075 2921; x_wconf 92' lang='lat' dir='ltr'>Ep.</span> <span class='ocrx_word' id='word_1_388' title='bbox 1088 2890 1163 2920; x_wconf 86' lang='lat'>939.</span> 
     </span>
     <span class='ocr_line' id='line_1_42' title="bbox 184 2922 1772 2965; baseline -0.001 -9"><span class='ocrx_word' id='word_1_389' title='bbox 184 2923 317 2956; x_wconf 84' lang='lat' dir='ltr'>offered</span> <span class='ocrx_word' id='word_1_390' title='bbox 347 2933 407 2954; x_wconf 85' lang='lat' dir='ltr'>are</span> <span class='ocrx_word' id='word_1_391' title='bbox 439 2922 476 2955; x_wconf 82' lang='lat' dir='ltr'>of</span> <span class='ocrx_word' id='word_1_392' title='bbox 502 2923 565 2953; x_wconf 86' lang='lat' dir='ltr'>the</span> <span class='ocrx_word' id='word_1_393' title='bbox 598 2923 741 2954; x_wconf 79' lang='lat' dir='ltr'>lamest.</span> <span class='ocrx_word' id='word_1_394' title='bbox 784 2924 946 2964; x_wconf 85' lang='lat' dir='ltr'>Possibly</span> <span class='ocrx_word' id='word_1_395' title='bbox 1060 2934 1109 2963; x_wconf 84' lang='lat'>13.</span> <span class='ocrx_word' id='word_1_396' title='bbox 1128 2923 1359 2965; x_wconf 86' lang='lat' dir='ltr'>respondere]</span> <span class='ocrx_word' id='word_1_397' title='bbox 1371 2923 1458 2955; x_wconf 87' lang='lat' dir='ltr'>This</span> <span class='ocrx_word' id='word_1_398' title='bbox 1470 2933 1612 2964; x_wconf 85' lang='lat' dir='ltr'>passage</span> <span class='ocrx_word' id='word_1_399' title='bbox 1625 2934 1772 2964; x_wconf 84' lang='lat' dir='ltr'>appears</span> 
     </span>
     <span class='ocr_line' id='line_1_43' title="bbox 185 2966 1771 3007; baseline 0 -8"><span class='ocrx_word' id='word_1_400' title='bbox 185 2979 204 3001; x_wconf 76' lang='lat' dir='ltr'>a</span> <span class='ocrx_word' id='word_1_401' title='bbox 227 2978 290 2999; x_wconf 88' lang='lat' dir='ltr'>ms.</span> <span class='ocrx_word' id='word_1_402' title='bbox 312 2976 400 3007; x_wconf 88' lang='lat' dir='ltr'>copy</span> <span class='ocrx_word' id='word_1_403' title='bbox 415 2966 487 2998; x_wconf 85' lang='lat' dir='ltr'>had</span> <span class='ocrx_word' id='word_1_404' title='bbox 508 2967 598 2997; x_wconf 90' lang='lat' dir='ltr'>been</span> <span class='ocrx_word' id='word_1_405' title='bbox 619 2968 699 2997; x_wconf 86' lang='lat' dir='ltr'>sent</span> <span class='ocrx_word' id='word_1_406' title='bbox 722 2967 760 2998; x_wconf 92' lang='lat' dir='ltr'>in</span> <span class='ocrx_word' id='word_1_407' title='bbox 784 2968 847 2999; x_wconf 84' lang='lat' dir='ltr'>the</span> <span class='ocrx_word' id='word_1_408' title='bbox 870 2968 948 3001; x_wconf 78' lang='lat' dir='ltr'>first</span> <span class='ocrx_word' id='word_1_409' title='bbox 1015 2968 1052 2999; x_wconf 89' lang='lat' dir='ltr'>to</span> <span class='ocrx_word' id='word_1_410' title='bbox 1075 2967 1219 2999; x_wconf 85' lang='lat' dir='ltr'>conflict</span> <span class='ocrx_word' id='word_1_411' title='bbox 1243 2967 1333 2998; x_wconf 88' lang='lat' dir='ltr'>with</span> <span class='ocrx_word' id='word_1_412' title='bbox 1360 2967 1422 2998; x_wconf 84' lang='lat' dir='ltr'>the</span> <span class='ocrx_word' id='word_1_413' title='bbox 1446 2967 1712 2999; x_wconf 85' lang='lat' dir='ltr'>introductions</span> <span class='ocrx_word' id='word_1_414' title='bbox 1735 2970 1771 2999; x_wconf 87' lang='lat' dir='ltr'>to</span> 
     </span>
     <span class='ocr_line' id='line_1_44' title="bbox 185 3010 1770 3053; baseline -0.001 -10"><span class='ocrx_word' id='word_1_415' title='bbox 185 3013 369 3051; x_wconf 82' lang='lat' dir='ltr'>instance3</span> <span class='ocrx_word' id='word_1_416' title='bbox 386 3010 451 3041; x_wconf 84' lang='lat' dir='ltr'>but</span> <span class='ocrx_word' id='word_1_417' title='bbox 468 3010 571 3041; x_wconf 84' lang='lat' dir='ltr'>there</span> <span class='ocrx_word' id='word_1_418' title='bbox 588 3010 617 3041; x_wconf 86' lang='lat' dir='ltr'>is</span> <span class='ocrx_word' id='word_1_419' title='bbox 634 3020 680 3041; x_wconf 87' lang='lat' dir='ltr'>no</span> <span class='ocrx_word' id='word_1_420' title='bbox 695 3013 897 3050; x_wconf 80' lang='lat' dir='ltr'>suggestion</span> <span class='ocrx_word' id='word_1_421' title='bbox 914 3012 953 3044; x_wconf 80' lang='lat' dir='ltr'>of</span> <span class='ocrx_word' id='word_1_422' title='bbox 1016 3011 1104 3053; x_wconf 87' lang='lat' dir='ltr'>Epp.</span> <span class='ocrx_word' id='word_1_423' title='bbox 1135 3012 1255 3051; x_wconf 83' lang='lat'><strong>334,8;</strong></span> <span class='ocrx_word' id='word_1_424' title='bbox 1286 3011 1405 3042; x_wconf 88' lang='lat' dir='ltr'>where</span> <span class='ocrx_word' id='word_1_425' title='bbox 1432 3012 1461 3042; x_wconf 89' lang='lat' dir='ltr'>it</span> <span class='ocrx_word' id='word_1_426' title='bbox 1496 3011 1527 3042; x_wconf 81' lang='lat' dir='ltr'>is</span> <span class='ocrx_word' id='word_1_427' title='bbox 1557 3011 1651 3042; x_wconf 86' lang='lat' dir='ltr'>cited</span> <span class='ocrx_word' id='word_1_428' title='bbox 1681 3011 1770 3042; x_wconf 89' lang='lat' dir='ltr'>with</span> 
     </span>
    </p>
   </div>
   <div class='ocr_carea' id='block_1_14' title="bbox 250 3076 988 3105">
    <p class='ocr_par' dir='ltr' id='par_1_15' title="bbox 250 3076 988 3105">
     <span class='ocr_line' id='line_1_45' title="bbox 250 3076 988 3105; baseline -0.014 -7"><span class='ocrx_word' id='word_1_429' title='bbox 250 3076 356 3098; x_wconf 67' lang='lat' dir='ltr'>Ammu</span> <span class='ocrx_word' id='word_1_430' title='bbox 376 3076 417 3096; x_wconf 86' lang='lat'>111</span> <span class='ocrx_word' id='word_1_431' title='bbox 962 3081 988 3105; x_wconf 76' lang='lat' dir='ltr'>X</span> 
     </span>
    </p>
   </div>
   <div class='ocr_carea' id='block_1_15' title="bbox 1797 2145 1834 2166">
    <p class='ocr_par' dir='ltr' id='par_1_16' title="bbox 1797 2145 1834 2166">
     <span class='ocr_line' id='line_1_46' title="bbox 1797 2145 1834 2166; baseline 0.027 -1"><span class='ocrx_word' id='word_1_432' title='bbox 1797 2145 1834 2166; x_wconf 86' lang='lat'>10</span> 
     </span>
    </p>
   </div>
  </div>
 </body>
</html>
