2034 3433
147 124 242 178 798]
408 126 479 165 ΤΟ
515 125 855 178 <WOLFGANG
894 126 1202 166 FABRICIUS
1241 127 1466 178 CAP1T0>
1651 130 1730 167 253

144 230 327 280 Perlego,
343 230 482 268 ridens
497 230 678 269 interim.
738 230 817 270 Ille
836 232 1004 281 longam
1023 233 1228 282 incoeptat
1246 232 1490 282 apologiam,
1510 233 1731 271 clamitans

145 296 284 334 omnia
327 308 414 334 esse
455 295 691 343 falsissima,
723 296 807 334 imo
847 298 889 334 te
917 296 996 335 sibi
1025 297 1181 335 debere.
1254 297 1352 346 Ego,
1391 297 1587 347 quoniam
1616 311 1727 336 eram

145 360 494 410 occupatissimus,
519 373 618 410 rogo
643 362 687 399 vt
714 373 804 399 eam
830 361 1013 400 fabulam
1037 362 1081 400 in
1101 361 1213 400 aliud
1234 364 1401 412 tempus
1421 362 1594 401 differat.
1655 363 1729 401 Ait

145 438 188 464 se
208 425 285 464 tibi
305 425 571 475 respondisse.
629 424 813 463 Minatur
839 438 926 464 sese
952 439 1055 476 quae
1079 427 1123 464 in
1148 429 1219 465 tua
1246 427 1525 466 Grammatica
1554 427 1729 466 docuisti

145 490 487 540 reprehensurum
508 489 659 529 omnia.
719 490 872 539 Opinor
885 490 1098 529 hominem
1118 491 1214 530 hinc
1235 492 1513 531 discessurum
1534 495 1580 531 vt
1599 493 1704 532 solet
1721 508 1730 540 ;

146 568 241 594 nam
270 568 319 593 ex
345 555 603 605 Midelburgo
624 569 719 594 cum
739 569 902 594 summo
929 556 1113 595 tumultu
1141 556 1327 595 discessit
1355 557 1406 595 ob
1434 570 1502 596 aes
1531 557 1725 596 alienum.

144 620 257 658 Bene
275 619 375 658 vale.

199 685 391 735 Optarim
411 687 452 723 te
472 686 779 735 propensiorem
807 686 856 724 ad
884 687 1038 725 Graeca
1061 699 1184 736 quam
1212 687 1292 725 ista
1319 687 1536 734 Hebraica,
1559 686 1656 726 licet
1683 701 1728 726 ea

146 763 230 788 non
250 750 555 800 reprehendam.
612 751 741 790 Video
765 752 932 801 gentem
958 764 1048 789 eam
1074 751 1356 800 frigidissimis
1381 751 1536 791 fabulis
1560 752 1726 802 plenam

146 815 253 854 nihil
280 815 363 853 fere
392 815 474 854 nisi
501 815 638 854 fumos
666 816 864 866 quosdam
893 816 1094 863 obiicere3
1132 817 1320 864 Talmud,
1353 817 1556 865 Cabalam,
1588 818 1726 856 Tetra·

145 882 418 929 grammaton,
450 880 597 918 Portas
626 881 761 928 Lucis,
792 880 933 919 inania
962 881 1142 919 nomina.
1204 882 1324 920 Scoto
1352 881 1496 920 malim
1527 882 1727 921 infectum

145 944 357 984 Christum
383 958 509 995 quam
532 945 625 984 istis
651 946 799 984 neniis.
858 946 982 984 Italia
1000 946 1156 984 multos
1176 946 1299 984 habet
1318 946 1502 994 Iudaeos,
1526 946 1729 996 Hispania

146 1009 217 1048 vix
249 1010 373 1049 habet
413 1010 678 1049 Christianos.
748 1010 902 1049 Vereor
937 1024 989 1048 ne
1018 1011 1094 1049 hac
1123 1011 1332 1049 occasione
1360 1011 1486 1061 pestis
1515 1011 1599 1050 iam
1628 1012 1728 1050 olim

149 1088 341 1125 oppressa
369 1077 490 1124 caput
523 1075 660 1125 erigat.
719 1077 858 1125 Atque
884 1075 1046 1114 vtinam
1074 1075 1405 1115 Christianorum
1434 1076 1616 1115 Ecclesia
1644 1090 1728 1115 non
1771 1093 1786 1124 ς

147 1142 311 1179 tantum
331 1140 531 1179 tribueret
543 1140 683 1179 Veteri
703 1140 969 1179 Testamento
988 1142 997 1179 Σ
1026 1141 1147 1190 quod,
1171 1153 1265 1179 cum
1285 1154 1358 1191 pro
1377 1143 1563 1191 tempore
1583 1143 1729 1181 datum

147 1204 305 1243 vmbris
319 1206 489 1252 constet,
509 1205 760 1244 Christianis
775 1205 928 1244 litteris
941 1219 1045 1255 pene
1058 1206 1307 1245 antefertur:
1333 1206 1505 1244 interim
1520 1208 1730 1257 vtcunque

147 1269 406 1308 deflectimus
424 1283 448 1308 a
468 1270 650 1318 Christo,
670 1270 741 1320 qui
760 1270 826 1309 vel
847 1283 956 1309 vnus
975 1270 1095 1309 nobis
1114 1271 1350 1310 sufficiebat.
1407 1272 1523 1310 Bene
1542 1272 1647 1311 vale.

199 1334 384 1373 Louanii.
411 1348 431 1383 3
453 1334 547 1372 idus
567 1334 747 1373 Martias.

608 1503 703 1543 799.
765 1502 828 1543 To
860 1501 1025 1543 HENRY
1057 1503 1265 1544 AFINIUS.

193 1607 352 1651 Querela
370 1607 477 1643 Pacis
498 1607 619 1653 (1518)
639 1608 682 1643 f0.
700 1608 745 1643 0⁴.
1440 1609 1614 1645 Louvain.

194 1666 310 1702 Lond.
329 1665 429 1700 xxix.
454 1675 519 1711 15:
550 1666 622 1700 LB.
641 1665 663 1701 i.
685 1675 763 1711 535.
1371 1677 1411 1712 13
1429 1667 1560 1703 March
1582 1669 1684 1713 1518.

190 1757 281 1799 [The
297 1761 482 1789 Encomium
497 1761 576 1789 artis
590 1761 736 1798 medicae,
754 1760 790 1789 to
806 1758 927 1789 which
944 1759 1019 1788 this
1035 1759 1064 1788 is
1081 1758 1143 1789 the
1159 1759 1305 1798 preface,
1324 1768 1397 1790 was
1412 1768 1479 1789 one
1496 1759 1535 1790 of
1553 1759 1731 1790 Erasmus'

145 1800 243 1841 early
259 1802 512 1841 compositions
527 1812 534 1840 ;
557 1802 601 1833 cf.
621 1811 645 1833 1.
662 1811 695 1842 p.
716 1802 764 1833 18.
784 1810 887 1841 19-21
905 1802 975 1832 and
992 1801 1055 1841 Ep.
1073 1811 1125 1841 95.
1142 1811 1177 1831 11
1194 1812 1228 1833 n.
1277 1802 1312 1833 It
1328 1812 1400 1833 was
1417 1812 1482 1833 one
1500 1803 1539 1833 of
1551 1803 1614 1833 the
1631 1802 1729 1833 addi-

144 1844 241 1875 tions
256 1846 292 1876 to
309 1845 475 1876 Martens’
491 1845 628 1876 edition
645 1845 682 1876 of
694 1845 756 1875 the
775 1848 899 1883 Querela
915 1847 1004 1875 Pacis
1020 1846 1057 1886 (β
1074 1857 1082 1876 :
1098 1855 1154 1876 see
1170 1855 1203 1885 p.
1225 1845 1280 1885 14)
1296 1856 1304 1884 3
1320 1845 1391 1876 and
1407 1856 1479 1877 was
1494 1846 1643 1886 printed
1660 1846 1732 1876 also

146 1888 183 1918 in
207 1887 370 1919 Froben's
396 1888 602 1928 ‘wedding'
628 1889 773 1919 volume
797 1888 854 1929 (cf.
879 1889 942 1928 Ep.
967 1889 1042 1927 604.
1067 1898 1107 1919 10
1119 1889 1170 1924 n.)
1189 1889 1261 1920 and
1283 1889 1322 1920 in
1345 1900 1369 1928 γ
1389 1889 1460 1919 and
1480 1890 1507 1921 δ.
1552 1890 1625 1920 The
1650 1890 1731 1920 date

145 1931 183 1961 of
195 1931 270 1962 this
285 1931 425 1971 preface
440 1932 470 1963 is
485 1932 796 1972 unquestionable.
841 1932 909 1963 For
923 1932 1065 1963 Afinius
1080 1941 1137 1963 see
1153 1932 1215 1972 Ep.
1233 1942 1295 1972 542
1311 1932 1463 1973 introd.]

199 2027 403 2057 ERASMVS
433 2028 764 2059 ROTERODAMVS
795 2029 838 2059 D.
872 2028 1073 2060 HENRICO
1104 2029 1262 2059 AFINIO
1294 2029 1473 2059 LYRANO
1505 2028 1677 2060 INSIGNI

786 2097 960 2127 MEDICO
992 2096 1024 2126 S.
1047 2097 1090 2126 D.

203 2175 347 2214 vaxm
382 2175 482 2214 dum
519 2176 812 2214 bibliothecam
855 2189 1053 2223 recenseo,
1094 2177 1328 2216 doctissime
1371 2177 1497 2226 Afini,
1538 2177 1652 2216 venit
1688 2177 1731 2215 in

152 2253 302 2279 manus
330 2240 460 2279 oratio
489 2241 688 2290 quaedam
717 2241 818 2280 olim
847 2241 952 2279 mihi
980 2241 1088 2279 nihil
1118 2254 1201 2279 non
1230 2242 1457 2290 experienti
1491 2242 1535 2279 in
1567 2242 1731 2280 laudem

152 2305 255 2345 artis
274 2305 454 2344 medicae
481 2306 719 2345 declamata.
780 2306 988 2345 Continuo
1010 2306 1145 2344 visum
1173 2308 1234 2344 est
1261 2306 1490 2344 orationem
1521 2319 1603 2344 non
1634 2307 1733 2356 opti-

149 2383 261 2409 mam
283 2371 443 2420 optimo
462 2371 597 2410 dicare
617 2371 786 2418 medico,
802 2374 849 2410 vt
861 2371 927 2409 vel
946 2372 1008 2409 tui
1027 2371 1210 2409 nominis
1229 2371 1433 2409 lenocinio
1454 2371 1731 2410 studiosorum

152 2436 350 2474 centuriis
376 2436 696 2475 commendetur.
757 2437 848 2475 Erit
878 2436 955 2474 hoc
984 2436 1153 2474 interim
1181 2436 1264 2474 mei
1291 2435 1335 2473 in
1366 2438 1407 2474 te
1436 2436 1566 2474 animi
1600 2436 1733 2486 quale-

149 2513 310 2550 cunque
329 2500 635 2550 documentum,
652 2502 750 2540 dum
765 2501 928 2540 dabitur
947 2500 1057 2539 aliud
1078 2502 1220 2539 nostra
1240 2501 1541 2539 necessitudine
1553 2501 1729 2551 dignius.

150 2566 263 2604 Bene
285 2565 387 2605 vale.
447 2567 620 2605 Louanii
640 2567 766 2605 tercio
786 2567 888 2605 Idus
906 2566 1025 2605 Mart.
1050 2567 1131 2604 An.
1155 2579 1370 2604 M.D.XV111.

698 2686 772 2717 799.
797 2687 828 2716 6.
853 2685 939 2717 dum
957 2686 996 2719 B:
1022 2684 1134 2715 donec
1151 2685 1176 2715 δ.

198 2794 216 2823 7
219 2794 274 2824 98.
301 2803 352 2832 13.
374 2793 519 2835 debere]
536 2804 574 2825 as
590 2795 700 2834 pupil.
977 2793 1040 2824 Dei
1056 2795 1090 2823 et
1111 2803 1149 2823 10
1161 2792 1340 2830 Sefiroth‚’
1354 2793 1400 2833 by
1411 2793 1432 2823 J
1435 2793 1542 2832 oseph
1560 2793 1730 2824 Gikatilia

196 2845 244 2875 15.
273 2837 529 2877 Grammatica]
568 2837 620 2869 Cf.
653 2838 716 2877 Ep.
751 2839 824 2877 556.
853 2839 904 2868 26.
978 2837 1112 2876 (xiiie.)
1143 2837 1176 2867 A
1205 2836 1419 2867 translation
1449 2836 1487 2867 of
1514 2837 1544 2866 it
1569 2837 1616 2876 by
1643 2837 1733 2867 Paul

152 2879 197 2911 M.
224 2879 392 2911 Adrian's
413 2881 598 2920 authority
616 2881 646 2911 is
667 2881 762 2911 cited
783 2883 822 2911 in
845 2881 907 2912 the
976 2880 1094 2910 Ricius
1123 2879 1203 2920 (Ep.
1231 2881 1304 2918 548.
1334 2888 1373 2918 15
1389 2880 1441 2918 n.)
1473 2879 1544 2910 had
1575 2880 1734 2919 recently

151 2933 332 2963 grammar
346 2924 438 2954 with
455 2925 615 2963 respect3
638 2924 679 2955 f0.
699 2924 741 2955 12.
974 2922 1147 2962 appeared
1161 2934 1168 2961 ;
1194 2922 1386 2963 Augsburg,
1404 2923 1435 2954 J.
1456 2923 1586 2963 Miller,
1604 2934 1625 2963 9
1640 2924 1733 2955 June

194 2977 245 2997 22.
273 2967 397 2998 Portas
438 2966 559 3008 Lucis]
599 2970 607 2984 ⁴
621 2967 664 2998 de
699 2967 907 2998 nominibus
978 2967 1068 3005 1516.

1750 764 1790 786 20
