2034 3433
367 149 447 189 612
825 146 1072 186 LETTERS
1109 145 1179 184 or
1215 145 1479 185 ERASMUs
1813 145 1940 200 [1519

365 255 505 292 tamen
534 251 819 290 annuncietur.
889 249 1005 287 Bona
1040 260 1134 298 pars
1166 261 1251 286 non
1281 248 1493 288 Christum
1530 248 1601 287 sed
1638 248 1840 297 homines,
1870 251 1940 289 sed

309 327 350 359 60
366 317 529 367 seipsos,
559 315 776 366 praedicat.
844 315 1000 353 Verum
1027 313 1126 352 haec
1153 313 1362 363 deplorare
1390 327 1474 353 non
1501 316 1562 352 est
1589 313 1714 353 huius
1742 313 1942 354 instituti.

367 382 474 421 Sunt
504 380 573 431 qui
605 380 839 419 Scotisticas
870 377 1123 417 subtilitates
1151 379 1329 417 tractent
1358 379 1465 428 apud
1492 378 1730 428 imperitam
1754 378 1941 418 multitu-

367 446 520 492 dinem,
553 444 721 483 delectis
750 444 876 482 etiam
906 443 950 481 in
978 443 1057 481 hoc
1084 442 1342 492 argumentis
1379 443 1684 493 quammaxime
1722 443 1937 494 perplexis,

366 523 445 561 quo
463 509 595 560 magis
612 508 808 548 miraculo
826 508 912 546 sint
930 506 1195 554 auditoribus,
1218 507 1253 545 si
1275 507 1382 545 nihil
1406 508 1595 547 omnium
1622 521 1724 558 quae
1749 507 1946 547 dicuntur

367 574 603 625 intelligant
622 587 631 612 ε
657 574 755 624 quid
774 575 912 612 autem
930 571 1153 622 frigidius?
1180 572 1266 611 imo
1286 572 1384 622 quid
1404 572 1597 612 inutilius
1611 574 1632 612 ⁶?
1677 573 1766 613 Alii
1783 575 1945 623 praeter

309 651 349 692 65
366 640 608 679 scholastica
636 640 829 690 dogmata
855 638 964 677 nihil
987 637 1179 676 adferunt
1206 637 1250 676 in
1279 637 1542 677 concionem:
1580 651 1758 688 quorum
1783 638 1944 688 aliquot

367 705 568 744 eiusmodi
595 707 694 744 sunt
714 706 762 744 vt
784 717 869 743 non
888 703 1036 742 referat
1055 715 1103 741 ea
1121 702 1290 751 nescire,
1313 703 1511 753 quaedam
1537 703 1742 742 eiusmodi
1760 705 1806 742 vt
1825 705 1941 742 extra

367 770 526 810 scholas
547 771 719 809 tractata
741 769 928 819 frigeant.
987 768 1071 806 Nec
1097 767 1245 806 desunt
1270 767 1351 817 qui,
1381 781 1460 818 quo
1486 768 1658 807 curiosis
1683 768 1943 808 auditoribus

367 835 518 875 faciant
532 836 643 885 satis,
657 835 836 885 vndique
851 835 1076 883 congerunt
1090 835 1130 871 et
1145 833 1259 872 velut
1273 846 1323 871 ex
1337 833 1464 872 variis
1477 833 1710 883 rhapsodiis
1723 835 1943 872 centonem

367 901 626 949 concinnant,
649 913 698 938 ex
719 900 808 938 iure
832 898 957 946 ciuili,
978 911 1027 936 ex
1053 898 1140 936 iure
1161 897 1386 948 pontificio,
1407 911 1456 936 ex
1478 898 1603 938 variis
1622 898 1870 946 doctoribus,
1893 911 1945 937 ne

313 982 353 1016 70
368 966 464 1017 quid
489 979 574 1004 non
596 965 743 1015 legisse
768 964 999 1003 videantur.
1058 963 1205 1002 Omnis
1231 963 1439 1002 humanus
1464 963 1634 1002 affectus
1661 964 1875 1013 ponendus
1903 962 1943 1002 ei

329 1036 333 1040 ’
368 1031 440 1081 qui
459 1031 624 1070 studeat
640 1042 780 1069 veram
799 1030 995 1079 pietatem
1011 1028 1163 1067 animis
1181 1028 1421 1066 mortalium
1443 1028 1637 1068 inserere.

422 1095 671 1135 Prudentior
696 1097 835 1134 autem
863 1108 908 1133 es
935 1107 1059 1144 quam
1086 1096 1132 1132 vt
1160 1093 1218 1131 sis
1245 1093 1350 1131 mihi
1375 1093 1607 1132 monendus
1631 1093 1834 1133 efficacius
1858 1105 1946 1132 esse

369 1161 420 1200 ad
453 1161 712 1200 inserendam
745 1160 965 1199 hominum
997 1158 1208 1197 mentibus
1241 1158 1397 1198 Christi
1433 1158 1751 1209 philosophiam,
1786 1158 1822 1198 si
1851 1157 1945 1209 quis

369 1225 653 1265 admirabilem
672 1226 788 1264 illam
808 1227 849 1264 et
866 1223 1087 1264 amabilem
1106 1237 1225 1262 verae
1245 1223 1408 1273 pietatis
1426 1223 1653 1274 imaginem
1673 1237 1796 1274 quam
1814 1223 1948 1274 possit

314 1308 352 1342 75
370 1290 719 1341 expressissimam
756 1290 926 1341 ingerat,
964 1302 1087 1340 quam
1123 1288 1159 1328 si
1196 1288 1447 1328 insectandis
1484 1289 1682 1328 Vitiorum
1719 1289 1865 1328 formis
1899 1300 1945 1327 ac

370 1356 587 1405 generibus
631 1368 774 1394 vocem
819 1355 1024 1405 lateraque
1061 1356 1257 1393 exerceat.
1324 1354 1478 1393 Efficax
1515 1355 1716 1404 quaedam
1753 1368 1818 1394 res
1855 1355 1946 1406 ipsa

371 1420 539 1459 virtutis
557 1421 720 1470 species,
742 1433 846 1470 quae
872 1420 986 1470 puris
1012 1419 1143 1458 oculis
1165 1421 1328 1458 ostensa
1347 1432 1443 1458 mox
1467 1419 1575 1469 rapit
1599 1420 1643 1458 in
1665 1433 1846 1459 amorem
1868 1421 1947 1460 sui.

372 1486 634 1524 Immensum
657 1489 719 1524 est
748 1488 846 1535 quot
873 1484 1006 1523 modis
1029 1484 1239 1524 aberretur
1257 1484 1308 1522 ab
1326 1484 1502 1523 honesto
1520 1485 1720 1536 persequi.
1780 1485 1949 1525 Rectius

372 1550 423 1589 ad
448 1550 702 1600 propositum
727 1550 935 1600 exemplar
957 1562 998 1587 se
1025 1549 1195 1599 quisque
1219 1549 1369 1587 tacitus
1397 1549 1531 1600 exigat
1549 1565 1558 1598 3
1590 1550 1673 1589 nisi
1696 1551 1804 1600 quod
1824 1551 1949 1590 fuerit

316 1625 357 1657 80
373 1614 496 1654 huius
513 1616 674 1665 generis
693 1616 855 1663 vitium,
877 1617 923 1654 vt-
946 1614 1062 1653 fallat
1085 1613 1230 1653 vmbra
1252 1614 1466 1664 specieque
1489 1614 1664 1664 pietatis.
1722 1615 1783 1654 Ea
1805 1629 1950 1655 conue-

373 1680 460 1718 niet
496 1693 569 1720 suo
599 1681 686 1720 loco
720 1680 967 1719 nominatim
1002 1679 1129 1718 etiam
1162 1679 1343 1729 prodere,
1379 1692 1431 1717 ne
1468 1679 1562 1729 quis
1599 1680 1791 1729 deceptus
1827 1683 1947 1720 erret.

375 1745 494 1784 Nunc
535 1746 730 1796 quosdam
774 1745 915 1784 videas
957 1758 1007 1783 ex
1046 1743 1202 1783 arcanis
1241 1743 1326 1782 illis
1364 1743 1582 1783 hominum
1627 1745 1952 1785 confessionibus

374 1810 616 1859 concionari,
648 1811 704 1849 sic
734 1811 919 1849 monstra
947 1809 1146 1848 vitiorum
1175 1808 1443 1858 depingentes
1469 1811 1515 1848 vt
1542 1809 1725 1857 doceant,
1756 1810 1815 1848 sic
1843 1811 1953 1850 inse·

375 1877 533 1914 ctantes
555 1877 603 1914 vt
621 1878 691 1914 aut
711 1875 899 1914 inuidere
925 1874 1035 1913 dicas
1060 1875 1132 1912 aut
1158 1873 1363 1912 delectari.
1421 1873 1521 1922 Quis
1545 1877 1684 1914 autem
1708 1875 1868 1914 fructus
1895 1875 1951 1915 sit

316 1951 355 1991 85
376 1940 411 1978 si
441 1940 533 1990 quis
561 1942 773 1979 enumeret
801 1942 901 1991 quot
928 1939 1064 1978 modis
1091 1941 1279 1988 peccetur
1306 1938 1491 1986 libidine,
1524 1939 1559 1978 si
1588 1940 1680 1990 quis
1706 1940 1955 1980 vociferetur

376 2005 572 2044 adulteris
608 2006 728 2056 plena
765 2019 852 2044 esse
891 2005 1031 2044 omnia
1045 2006 1066 2043 ⁶?
1132 2004 1264 2054 Magis
1300 2004 1484 2043 retulerit
1519 2005 1796 2044 venerabilem
1833 2005 1951 2045 illam

376 2070 572 2110 castitatis
590 2071 812 2121 imaginem
831 2070 1005 2121 pectoris
1024 2069 1153 2108 oculis
1178 2069 1398 2108 subiicere:
1429 2082 1553 2119 quam
1575 2070 1647 2109 vbi
1677 2070 1955 2120 conspexisset

376 2136 648 2186 Augustinus,
672 2136 766 2175 ilico
787 2136 920 2186 coepit
940 2135 1116 2174 execrari
1140 2135 1294 2174 formas
1321 2147 1463 2173 omnes
1489 2135 1732 2174 inhonestae
1752 2135 1952 2176 libidinis.

378 2201 530 2240 Itidem
546 2201 590 2239 in
605 2201 784 2248 caeteris,
801 2201 987 2252 quisquis
1005 2201 1143 2239 ardere
1164 2200 1341 2250 coeperit
1359 2200 1678 2250 pulcherrimam
1698 2200 1954 2240 Christianae

319 2286 360 2318 90
378 2266 541 2316 pietatis
577 2266 721 2314 ideam,
758 2266 885 2306 simul
918 2267 1050 2305 odisse
1086 2265 1232 2315 incipit
1264 2265 1459 2315 quicquid
1491 2266 1542 2304 ab
1579 2265 1654 2304 hac
1685 2266 1839 2305 viderit
1876 2266 1955 2306 dis·

379 2344 551 2381 crepare.

431 2396 516 2434 Nec
534 2396 641 2434 mihi
656 2396 881 2447 probantur
895 2395 965 2434 isti
981 2395 1063 2445 qui,
1080 2408 1159 2446 quo
1178 2393 1259 2432 sibi
1279 2394 1572 2433 sanctimoniae
1586 2395 1739 2433 famam
1754 2397 1958 2434 venentur

379 2461 486 2511 apud
499 2461 764 2512 plebeculam,
782 2461 973 2500 seditiose
988 2461 1265 2499 vociferantur
1279 2459 1323 2497 in
1338 2459 1619 2509 episcoporum
1635 2461 1707 2498 aut
1722 2460 1956 2510 principum

378 2526 506 2565 vitia:
544 2527 615 2576 qui
645 2526 894 2565 clamoribus
922 2525 1159 2564 huiusmodi
1192 2524 1324 2574 magis
1357 2524 1483 2562 etiam
1512 2524 1741 2572 irritantur,
1770 2538 1864 2563 cum
1891 2525 1957 2564 ad-

322 2611 359 2642 95
379 2591 606 2630 monitione
645 2591 904 2641 tempestiua,
935 2591 1119 2629 modesta
1148 2589 1341 2638 ciuilique
1369 2602 1659 2639 saepenumero
1687 2589 1955 2639 corrigantur.

380 2656 456 2695 Est
475 2659 515 2695 et
532 2656 676 2706 pietati
696 2669 770 2694 sua
788 2655 966 2703 libertas,
986 2655 1055 2693 sed
1075 2667 1289 2704 nunquam
1308 2667 1393 2692 non
1409 2654 1572 2692 condita
1590 2654 1714 2692 melle
1729 2654 1952 2694 charitatis.

381 2721 521 2770 Quoad
552 2721 647 2760 licet
680 2721 930 2772 parcendum
964 2722 1026 2759 est
1059 2720 1111 2758 iis
1143 2719 1214 2770 qui
1243 2732 1407 2758 summa
1442 2719 1686 2769 publicaque
1723 2719 1958 2769 funguntur

382 2786 610 2824 autoritate.
670 2786 714 2825 Si
741 2799 804 2824 res
835 2787 973 2835 poscet
1001 2784 1226 2832 saeuitiam,
1261 2784 1391 2833 magis
1425 2784 1689 2822 saeuiendum
1719 2783 1762 2822 in
1791 2797 1859 2822 eos
1887 2783 1956 2834 qui

383 2851 637 2899 pontificum,
670 2851 951 2901 episcoporum
979 2851 1050 2888 aut
1077 2848 1311 2899 principum
1339 2848 1475 2887 titulis
1503 2849 1552 2887 ad
1585 2862 1679 2888 suas
1711 2848 1956 2898 cupiditates

305 2934 363 2957 100
383 2914 622 2965 abutuntur,
658 2928 780 2966 quam
817 2916 862 2954 in
899 2915 1009 2965 ipsos
1041 2926 1235 2963 proceres.
1308 2913 1390 2952 Nec
1428 2915 1580 2952 temere
1612 2913 1879 2952 saeuiendum
1910 2913 1953 2951 in

951 2995 1003 3034 85.
1029 2996 1114 3035 quot
1130 2997 1192 3025 ΕΗ
1207 3005 1214 3025 z
1238 2993 1333 3033 quod
1349 2997 1384 3025 F.
