2034 3433
309 124 386 163 172
772 124 1021 162 LETTERS
1060 122 1129 160 OF
1165 121 1433 160 ERAsMUS
1774 119 1898 174 [1517

305 229 368 266 est
402 229 510 278 apud
545 230 597 276 te,
632 228 758 265 miror
791 227 914 264 illum
946 228 1161 273 tantopere
1193 225 1461 276 πυθαγορίζειν.
1522 224 1764 263 Maluissem
1793 224 1901 263 istuc

305 293 498 332 aduolare
518 306 642 342 quam
672 293 858 338 scribere,
881 291 915 328 si
935 291 999 328 vel
1027 289 1134 327 mihi
1160 290 1344 327 vacasset
1371 302 1442 337 per
1464 288 1626 327 labores
1651 289 1898 338 studiorum,

247 376 284 407 25
304 359 370 396 vel
401 361 560 396 certum
594 355 838 407 nouis<s>em
870 359 910 393 te
941 355 1032 393 istic
1062 355 1216 392 adesse.
1287 354 1336 392 D.
1370 354 1505 393 Marco
1538 354 1718 392 multam
1752 367 1802 392 ex
1834 367 1901 392 me

304 422 483 461 salutem
502 422 621 460 dices.
684 422 848 459 Morum
876 433 959 458 non
985 419 1130 467 saluto,
1155 418 1491 468 quandoquidem
1517 419 1589 457 ille
1615 419 1725 458 nihil
1750 419 1832 457 tale
1855 418 1900 458 in

303 488 388 525 tuis
407 487 569 526 litteris.
593 500 646 523 ne
666 489 752 523 tam
774 485 924 523 crebris
946 484 1125 533 quidem.
1180 485 1297 523 Bene
1316 484 1421 533 vale,
1442 484 1703 523 ornatissime
1722 484 1865 522 Pacee.

356 551 531 589 Louanii
552 550 691 589 Natali
710 551 892 588 Thomae
912 548 1116 598 Apostoli.

780 670 876 709 743.
938 668 1003 708 To
1033 668 1224 708 ANTONY
1257 666 1423 708 CLAVA.

350 760 538 796 Deventer
557 759 633 794 MS.
655 769 711 804 91,
729 759 754 793 f.
773 761 828 794 82.
1542 756 1720 793 Louvain.

350 818 421 852 LB.
439 819 533 863 App.
555 827 635 861 223.
1410 826 1450 851 21
1472 815 1678 852 December
1699 813 1853 862 (1517).

500 899 613 939 [1517‚
632 898 780 928 because
797 897 835 927 of
848 897 910 928 the
927 896 1141 928 foundation
1159 896 1196 927 of
1210 896 1271 927 the
1288 895 1486 936 Collegium
1499 896 1703 938 trilingue.]

404 990 609 1020 ERASMVS
640 991 963 1020 ERVDITISSIMO
995 991 1036 1020 D.
1063 990 1263 1020 ANTONIO
1294 989 1484 1029 CLAVAE,
1513 988 1804 1020 CONSILIARIO

658 1059 960 1097 GANDAVENSI,
986 1059 1129 1090 AMICO
1160 1058 1416 1096 SINGVLARI‚
1445 1058 1478 1087 S.
1506 1059 1547 1088 D.

357 1140 560 1179 MISIssEM
592 1141 765 1179 antehac
793 1141 994 1189 libellum,
1029 1141 1100 1179 sed
1131 1154 1216 1179 non
1250 1140 1425 1179 dabatur
1453 1141 1520 1178 cui
1549 1138 1898 1191 co<m>mitterem.

305 1205 424 1244 Nunc
443 1219 586 1244 vereor
605 1219 657 1243 ne
676 1219 767 1244 sero
794 1206 976 1251 mittam,
996 1206 1065 1244 sed
1093 1205 1217 1244 mitto
1243 1207 1397 1245 tamen.
1459 1205 1522 1243 Da
1543 1218 1711 1255 operam
1729 1207 1776 1244 vt
1795 1206 1902 1243 recte

303 1271 452 1320 valeas,
480 1271 541 1309 mi
567 1271 704 1310 Claua.
765 1272 892 1309 Vtere
918 1272 1007 1309 foco
1033 1271 1255 1320 luculento,
1285 1271 1530 1321 praesertim
1560 1270 1597 1308 si
1624 1271 1711 1321 agis
1740 1271 1785 1309 in
1813 1270 1902 1309 loco

304 1350 383 1386 quo
403 1336 511 1375 soles
530 1336 697 1375 humili.
758 1336 921 1375 Caesari
940 1337 1126 1386 gratulor
1149 1338 1317 1375 tantum
1337 1336 1594 1375 Graecitatis.
1651 1336 1782 1374 Video
1802 1335 1902 1385 quid

266 1418 283 1448 5
303 1404 406 1451 agat,
430 1402 561 1440 ambit
582 1402 874 1441 Graecanicam
895 1402 1194 1452 professionem
1213 1402 1258 1440 in
1284 1401 1360 1440 hoc
1384 1415 1494 1440 nouo
1514 1400 1697 1452 collegio,
1722 1401 1831 1451 quod
1851 1414 1902 1439 ex

302 1467 435 1517 legato
461 1467 643 1506 Buslidii
668 1466 845 1506 Louanii
872 1467 1129 1515 instituetur,
1156 1467 1238 1505 nisi
1266 1467 1554 1516 theologorum
1580 1467 1726 1516 genius
1754 1466 1902 1517 aliquis

302 1532 438 1570 malus
467 1532 687 1571 obstiterit.
751 1533 829 1571 Sed
860 1532 959 1581 quid
989 1532 1112 1570 audio
1141 1533 1191 1570 de
1222 1531 1417 1570 medico?
1482 1533 1602 1570 Itane
1632 1532 1798 1570 deamat
1828 1531 1901 1570 ille

303 1596 585 1646 Chrysidem?
641 1597 748 1645 Quid
777 1597 814 1636 si
842 1597 1094 1647 Argyridem
1123 1597 1408 1646 amplectatur,
1438 1597 1472 1635 si
1499 1597 1671 1646 Chrysis
1695 1609 1781 1635 non
1810 1610 1900 1635 con-

302 1663 470 1713 tingat?
525 1664 588 1702 Tu
608 1677 704 1702 cura
723 1663 859 1702 modis
886 1664 1081 1703 omnibus
1100 1666 1147 1702 vt
1172 1664 1334 1702 medico
1358 1663 1544 1702 medium
1564 1676 1747 1713 vnguem
1765 1664 1901 1714 possis

244 1742 284 1765 10
302 1729 528 1767 ostendere.
590 1729 704 1767 Bene
723 1729 826 1767 vale.
888 1729 1073 1767 Louanii.
1134 1729 1273 1768 Natali
1291 1729 1476 1767 Thomae
1497 1728 1682 1778 apostoli.

619 1858 874 1913 ⁶³⁹2⁷237447TS
934 1858 1063 1899 FROM
1097 1859 1312 1899 WILLIAM
1346 1858 1580 1899 BUDAEUS.

348 1948 569 1983 Auctarium
586 1961 621 1993 p.
642 1960 673 1993 3.
1571 1949 1687 1984 Paris.

351 2005 388 2041 F.
409 2018 444 2051 p.
466 2017 532 2051 99:
561 2007 651 2042 HN:
682 2007 797 2041 Lond.
815 2006 855 2041 ii.
877 2017 941 2041 20:
971 2007 1040 2042 LB.
1060 2018 1142 2052 304.
1407 2018 1447 2042 21
1470 2006 1679 2043 December
1699 2006 1851 2055 (1517).

405 2098 662 2128 GVLIELMVS
695 2098 913 2136 BVDAEVS,
946 2098 1107 2129 REGIVS
1139 2098 1347 2138 ELECTVS,
1373 2098 1551 2129 ER-ASMO
1582 2099 1664 2130 SVO
1695 2100 1727 2129 S.
1755 2100 1797 2129 D.

357 2179 543 2217 MIRARIS
572 2180 654 2217 iam
685 2179 847 2218 duobus
876 2179 1080 2228 epistoliis
1106 2181 1194 2217 tam
1223 2179 1412 2217 subitum
1438 2193 1581 2218 meum
1606 2180 1824 2220 silentium
1850 2195 1899 2220 ex

303 2247 419 2283 tanto
446 2245 788 2283 missitandarum
808 2245 918 2283 vltro
945 2245 1128 2295 citroque
1154 2244 1424 2294 epistolarum
1451 2244 1600 2294 studio,
1624 2247 1743 2296 quasi
1760 2247 1806 2285 in
1825 2247 1899 2286 hac

303 2323 345 2347 re
374 2311 483 2348 vices
509 2313 601 2349 tuae
629 2311 767 2349 nullae
795 2311 1031 2360 desyderari
1055 2311 1228 2360 possint.
1286 2310 1369 2348 Hic
1395 2311 1579 2361 argutari
1602 2311 1671 2349 vel
1700 2313 1808 2362 nolo,
1832 2312 1899 2351 vel

303 2388 387 2413 non
406 2378 534 2424 vacat,
557 2376 626 2414 vel
646 2378 687 2413 te
708 2389 851 2414 rursus
876 2389 1095 2426 prouocare
1117 2389 1201 2413 non
1222 2375 1362 2413 audeo.
1422 2376 1514 2414 Hoc
1541 2375 1642 2423 dico,
1666 2378 1759 2425 post
1781 2375 1898 2415 illam

263 2454 281 2485 5
301 2441 588 2490 longissimam
610 2446 726 2479 tuam
746 2441 966 2491 epistolam
985 2455 1113 2479 vnam
1140 2443 1307 2479 tantum
1327 2454 1394 2478 me
1419 2441 1492 2479 abs
1510 2443 1552 2478 te
1571 2440 1774 2490 accepisse
1793 2441 1900 2480 mihi

301 2506 442 2553 videri,
464 2519 556 2544 eam
571 2506 725 2544 scilicet
742 2520 866 2556 quam
881 2507 931 2546 ad
949 2520 1015 2545 me
1034 2506 1235 2556 scripsisti
1254 2519 1349 2543 cum
1365 2507 1412 2543 tu
1433 2505 1484 2543 ad
1500 2505 1655 2555 Regem
1675 2506 1873 2545 scriberes
1890 2521 1899 2554 ;

300 2572 508 2619 praeterea
527 2571 655 2609 ferme
676 2571 847 2618 nullam,
866 2585 969 2621 quae
984 2570 1154 2620 quidem
1169 2570 1366 2620 epistolae
1381 2582 1533 2608 nomen
1551 2569 1734 2609 obtinere
1754 2571 1894 2620 possit.

346 2668 419 2698 742.
446 2678 499 2707 27.
524 2668 631 2709 Pacee
646 2671 714 2700 MS.
864 2669 936 2699 743.
963 2679 994 2708 9.
1020 2670 1097 2698 LB:
1121 2676 1263 2707 vnguen
1281 2669 1349 2697 MS.
1498 2667 1571 2698 744.
1598 2676 1660 2698 ΤΙΤ.
1687 2670 1896 2700 ELEc'rvsD:
1954 2701 1957 2703 ,

300 2720 530 2742 sECRETARIVs
545 2714 581 2743 F.
720 2720 746 2744 1.
772 2715 884 2743 DLB:
909 2712 1071 2752 epistolis
1086 2714 1182 2742 Lond.

346 2797 418 2828 742.
444 2808 497 2837 23.
523 2797 757 2840 πυθαγορίζειν]
777 2799 828 2830 Cf.
841 2803 945 2838 Λείας).
959 2809 1065 2837 3272:
1134 2800 1207 2836 650.
1251 2798 1307 2828 He
1318 2807 1466 2837 appears
1478 2800 1514 2829 to
1527 2799 1616 2829 have
1628 2799 1716 2829 been
1726 2799 1897 2830 demand—

300 2841 523 2871 Taciturnior
539 2842 786 2882 Pythagoreis.
1134 2843 1196 2880 ing
1211 2840 1339 2880 golden
1357 2842 1440 2872 fees.

344 2894 396 2923 25.
421 2885 555 2926 Marco]
572 2896 613 2918 sc.
629 2886 796 2916 Laurino.
1179 2885 1253 2915 744.
1279 2894 1309 2923 5.
1337 2885 1600 2926 longissimam]
1619 2886 1681 2926 Ep.
1701 2895 1776 2925 531.

345 2928 418 2957 743.
442 2940 471 2966 4.
499 2928 657 2969 Caesari]
683 2929 815 2960 Robert
834 2929 877 2959 de
896 2929 1061 2968 Keysere.
1221 2928 1347 2968 vnam]
1374 2929 1435 2968 Ep.
1453 2938 1528 2968 534.

348 2981 374 3009 7.
402 2971 555 3012 medico]
581 2972 760 3013 Probably
784 2973 913 3003 Clavus
941 2973 978 3002 of
1000 2973 1063 3012 Ep.
1177 2973 1207 3001 6.
1234 2971 1277 3001 ad
1295 2972 1442 3012 Regem]
1460 2972 1524 3012 Ep.
1545 2982 1618 3011 533.
