2034 3433
219 628 260 659 90

198 1282 257 1302 100

198 1608 255 1640 105

199 1935 257 1956 110

200 2262 229 2282 Ι]

280 120 359 158 266
746 119 999 158 LETTERS
1039 119 1108 157 OF
1147 119 1413 159 ERASMUS
1754 119 1876 174 [1518

280 225 592 264 maledicentiae
612 225 676 263 bis
697 224 814 271 caeci,
830 223 1012 271 credunt,
1031 224 1188 273 opinor,
1204 237 1271 262 me
1285 226 1417 262 totam
1435 224 1543 262 hanc
1564 225 1878 263 translationem

247 302 258 307 ·
280 303 359 341 qua
404 290 528 340 vulgo
575 290 744 335 vtimur,
795 289 1012 337 antiquare
1057 288 1250 327 voluisse.
1291 302 1416 338 quam
1463 302 1538 338 ego
1584 302 1880 339 saepenumero

281 356 533 394 Graecorum
552 354 721 392 lectioni
740 356 957 402 antepono.
1018 353 1111 391 Imo
1133 353 1174 391 id
1195 355 1363 392 tantum
1382 354 1490 392 verti
1510 355 1618 404 quod
1638 354 1684 392 in
1713 354 1879 392 Graecis

280 421 413 470 reperi
434 419 652 466 codicibus,
670 419 715 456 in
735 418 1078 457 annotationibus
1097 418 1287 457 indicans
1306 419 1406 469 quid
1426 419 1607 468 probem,
1626 419 1727 469 quid
1747 431 1875 457 secus.

279 486 381 534 Age,
414 485 577 533 fingant
620 496 687 521 me
728 482 837 522 nihil
876 483 990 522 aliud
1028 484 1172 533 egisse,
1207 486 1373 522 tantum
1413 485 1587 522 vertisse
1627 485 1878 522 Graecorum

279 551 446 595 codices,
470 550 515 586 vt
546 561 570 586 a
598 547 762 586 Latinis
791 548 969 587 Graecae
992 548 1159 598 linguae
1189 549 1346 598 ignaris
1374 551 1543 599 possent
1571 562 1667 587 cum
1696 549 1878 587 editione

277 614 445 663 vulgata
464 613 653 662 conferri,
677 626 805 663 queso
831 614 929 664 quid
956 613 1158 652 haberent
1182 615 1290 664 quod
1316 614 1698 664 reprehenderent?
1756 613 1880 652 Nunc

279 680 339 717 tot
378 678 479 716 locis
518 678 693 717 ostendo
731 679 966 718 manifestis
1003 680 1262 729 argumentis
1301 681 1487 718 nostram
1525 680 1752 718 editionem
1791 691 1884 717 esser

277 744 558 793 deprauatam,
608 743 704 782 licet
750 744 852 782 citra
899 743 997 783 fidei
1043 745 1286 794 periculum.
1367 745 1554 784 Ostende
1607 745 1875 795 Cyprianum,

276 809 598 858 Hieronymum,
621 808 894 848 Ambrosium
914 823 1010 848 cum
1031 810 1280 848 Graecorum
1305 810 1612 860 exemplaribus
1632 809 1875 848 consentire.

277 874 331 913 Et
357 876 501 912 tamen
529 874 599 912 isti
628 874 813 912 clamant
838 875 1010 924 perinde
1033 876 1150 925 quasi
1176 876 1387 926 piaculum
1413 876 1645 915 admissum
1671 876 1738 914 sit.
1798 874 1877 913 Sed

241 955 255 984 5
277 952 475 989 quorsum
512 939 677 987 attinet,
717 940 778 978 mi
819 940 965 989 Marce,
1008 942 1268 991 argumentis
1304 942 1369 981 vti
1406 955 1500 980 cum
1538 942 1591 979 iis
1629 941 1702 991 qui
1740 939 1886 978 studio>

276 1004 500 1043 occludunt
520 1004 662 1042 oculos
681 1016 734 1043 ne
753 1006 932 1054 videant,
954 1007 1175 1046 occludunt
1202 1021 1324 1046 aures
1355 1021 1406 1046 ne
1438 1007 1644 1046 audiant?
1700 1004 1880 1045 Abunde

275 1070 535 1108 satisfactum
568 1069 654 1107 illis
681 1073 768 1109 erat
796 1071 842 1109 in
867 1072 1096 1122 Apologiis,
1126 1073 1162 1112 si
1190 1074 1323 1112 velint
1352 1086 1621 1124 cognoscere:
1663 1072 1700 1110 si
1728 1070 1876 1116 nolint,

274 1134 429 1174 frustra
481 1136 693 1173 tentemus
745 1137 805 1175 eis
851 1137 1086 1176 satisfacere
1132 1139 1203 1189 qui
1249 1139 1494 1178 calumniari
1540 1138 1706 1176 malunt
1753 1148 1879 1186 quam

275 1199 438 1239 discere.

330 1265 409 1304 Sed
430 1270 706 1308 constantiam
726 1269 770 1307 in
790 1282 857 1306 me
878 1269 1126 1317 desyderant
1154 1270 1344 1308 homines
1369 1269 1515 1315 seueri,
1535 1268 1644 1319 quod
1672 1265 1879 1307 audierint

277 1343 343 1368 me
386 1332 593 1373 Basileam
635 1335 858 1373 aditurum.
920 1334 1044 1382 Quasi
1085 1348 1183 1374 vero
1222 1335 1435 1374 Basileam
1478 1335 1610 1373 animi
1644 1345 1765 1372 causa
1796 1330 1878 1370 sim

274 1396 547 1447 profecturus,
576 1402 648 1437 aut
671 1399 844 1438 antehac
869 1399 1079 1449 profectus
1099 1400 1204 1439 sim!
1261 1401 1385 1439 Edidi
1412 1400 1737 1450 Hieronymum,
1766 1395 1880 1435 edidi

277 1461 444 1500 Nouum
475 1464 807 1513 Testamentum,
828 1466 989 1514 praeter
1014 1466 1095 1503 alia
1124 1465 1284 1514 multa3
1313 1468 1354 1504 et
1379 1469 1426 1505 vt
1453 1465 1629 1520 publicis
1648 1460 1879 1502 commodis

276 1527 537 1577 inseruirem,
561 1530 726 1579 neglexi
756 1530 835 1568 iter
860 1530 1267 1579 periculosissimum,
1292 1531 1454 1581 neglexi
1484 1532 1689 1579 sumthS,
1712 1525 1876 1577 neglexi

275 1593 436 1630 tantum
459 1593 663 1641 laborum,
687 1595 839 1644 quibus
862 1595 1015 1633 bonam
1041 1595 1296 1634 valetudinis
1320 1609 1365 1634 ac
1392 1597 1503 1634 vitae
1529 1597 1690 1645 partem
1715 1592 1871 1632 attriui.

277 1657 310 1694 Ο
332 1658 483 1696 miram
503 1659 837 1703 inconstantiam,
853 1660 925 1710 qui
945 1674 1029 1699 non
1047 1661 1266 1699 maluerim
1286 1662 1396 1711 apud
1417 1661 1518 1700 istos
1538 1662 1730 1710 depotare
1751 1670 1875 1708 quam

275 1722 483 1761 Basileam
498 1724 612 1762 adire
628 1727 636 1763 3
691 1725 780 1775 Ipsi
796 1726 973 1764 Romam
993 1728 1164 1764 currunt
1182 1740 1227 1765 ac
1249 1729 1478 1774 recurrunt,
1493 1740 1566 1776 per
1581 1738 1726 1764 omnes
1745 1726 1881 1762 terras

276 1799 321 1825 ac
347 1788 476 1827 maria
494 1790 687 1838 volitant,
709 1804 792 1829 non
817 1804 891 1829 suo
918 1795 1099 1841 sumptu,
1123 1805 1219 1830 cum
1246 1792 1559 1830 mendicitatem
1589 1791 1874 1841 profiteantur.

276 1853 347 1890 sed
375 1854 549 1903 pecunia
575 1858 768 1894 emuncta
797 1869 1036 1906 corrasaque
1066 1870 1089 1895 a
1114 1856 1252 1895 viduis
1282 1871 1384 1907 quas
1413 1857 1664 1904 dementant,
1687 1855 1878 1894 oneratas

276 1918 463 1967 peccatis,
480 1920 669 1969 spoliatis
688 1920 919 1971 virginibus
938 1921 1074 1969 sacris,
1092 1922 1279 1960 fraudato
1295 1922 1470 1972 denique
1488 1922 1609 1973 genio
1624 1920 1876 1971 simplicium

275 1983 476 2032 fratrum3
505 1986 628 2035 atque
657 1986 699 2023 id
725 1989 770 2024 vt
798 1989 974 2025 noceant
1001 2000 1046 2026 ac
1074 1988 1173 2026 viris
1200 1988 1251 2026 de
1277 1988 1487 2037 republica
1513 1987 1749 2027 Christiana
1773 1985 1877 2024 bene

275 2049 533 2088 merentibus
545 2050 681 2089 labem
695 2054 932 2101 aspergant:
949 2054 989 2090 et
1000 2054 1237 2091 constantes
1248 2052 1405 2092 scilicet
1420 2053 1628 2092 habentur
1637 2063 1875 2102 grauesque.

277 2113 365 2163 Ego
385 2115 582 2163 quoniam
606 2119 768 2166 meapte
793 2118 969 2167 pecunia
997 2130 1173 2167 meoque
1197 2117 1464 2157 incommodo
1492 2118 1671 2169 publicis
1696 2116 1878 2155 inseruio

276 2180 513 2228 commodis,
538 2181 780 2220 inconstans
800 2195 906 2220 sum.
967 2183 1143 2232 Deligat,
1167 2183 1376 2233 inquiunt,
1400 2184 1479 2223 sibi
1499 2184 1713 2222 ciuitatem
1733 2183 1777 2220 in
1798 2193 1878 2231 qua

240 2262 255 2292 5
275 2244 402 2283 viuat.
464 2245 606 2294 Quid?
633 2260 687 2285 an
711 2248 778 2286 hic
803 2248 850 2286 in
875 2248 1101 2287 solitudine
1127 2249 1319 2299 Scythica
1344 2249 1486 2288 videor
1513 2250 1687 2288 viuere?
1709 2261 1761 2286 an
1786 2246 1881 2285 istis

277 2322 362 2347 non
381 2310 579 2349 videntur
598 2325 688 2350 esse
707 2313 752 2351 in
780 2326 919 2352 rerum
942 2315 1101 2361 natura,
1124 2314 1206 2352 nisi
1226 2328 1327 2364 quos
1356 2315 1521 2353 assidue
1546 2314 1692 2353 vident
1721 2314 1766 2351 in
1789 2311 1880 2350 suis

277 2375 688 2423 compotationibus?
744 2378 848 2426 Illic,
892 2380 1049 2428 opinor,
1090 2379 1219 2418 habeo
1267 2380 1418 2428 sedem,
1460 2380 1532 2419 vbi
1580 2379 1876 2418 bibliothecam

278 2452 413 2478 meam
442 2440 573 2479 habeo
600 2444 642 2479 et
668 2443 704 2481 si
731 2444 828 2493 quid
858 2446 920 2482 est
948 2444 1258 2494 suppellectilis.
1322 2445 1439 2493 Quod
1465 2446 1501 2483 si
1528 2445 1692 2495 publica
1715 2442 1878 2482 vtilitas

321 2565 374 2595 86.
401 2566 544 2594 tantum
562 2568 636 2596 add.
655 2568 694 2597 D.
859 2567 912 2598 88.
936 2566 1048 2607 fingat
1065 2570 1105 2598 N.
1267 2578 1320 2607 92.
1345 2569 1430 2599 licet
1447 2592 1455 2600 .
1477 2593 1484 2600 .
1503 2593 1512 2601 .
1528 2569 1730 2608 periculum
1746 2571 1818 2600 add.
1833 2572 1873 2601 D.

278 2617 331 2647 95.
356 2608 578 2647 argumentis
603 2633 610 2640 .
635 2633 642 2640 .
668 2632 675 2639 .
703 2610 748 2639 iis
773 2613 822 2640 D:
854 2620 935 2641 cum
960 2611 1017 2641 his
1040 2612 1265 2651 argumentis
1288 2613 1341 2643 vti
1365 2615 1433 2644 MS.
1567 2622 1620 2651 97.
1647 2615 1725 2644 erat
1747 2615 1821 2644 add.
1835 2615 1873 2643 D.

282 2661 352 2690 105.
377 2651 600 2682 valetudinis
616 2662 655 2683 ac
672 2656 744 2684 add.
762 2656 798 2685 D.
950 2664 1022 2693 107.
1046 2655 1197 2685 Romam
1213 2659 1281 2687 MS.
1298 2667 1304 2686 :
1329 2666 1471 2687 sursum
1489 2656 1653 2688 deorsum
1670 2660 1708 2688 D.
1811 2666 1875 2696 per

279 2704 402 2725 omnes
419 2720 426 2726 .
445 2718 452 2725 .
471 2718 479 2727 .
500 2705 571 2735 109.
590 2699 754 2728 oneratas
769 2700 798 2726 D
813 2708 819 2727 :
844 2698 1007 2738 spoliatis
1024 2699 1143 2729 viduis
1159 2700 1318 2730 oneratis
1333 2702 1404 2731 MS.
1542 2710 1611 2732 110.
1638 2700 1822 2731 fraudato.
1841 2724 1848 2730 .
1864 2724 1872 2730 .

283 2749 292 2767 1
305 2748 351 2769 11.
375 2739 531 2770 fratrum
546 2742 619 2770 aad.
638 2743 676 2771 D.
834 2750 907 2781 113.
932 2751 1081 2780 meoque
1098 2743 1323 2774 incommodo
1338 2746 1413 2775 add.
1432 2747 1468 2774 D.
1634 2753 1707 2784 115.
1731 2753 1778 2775 an
1794 2744 1873 2774 istis

279 2804 285 2811 .
308 2804 315 2812 .
335 2805 342 2813 .
364 2791 434 2821 117.
454 2784 780 2822 compotationibus
796 2788 872 2815 add.
887 2788 925 2816 D.

319 2890 372 2919 97.
391 2881 596 2923 Apologiis]
609 2881 683 2913 The
696 2885 856 2913 Methodus
872 2883 927 2922 (or
939 2886 1040 2922 Ratio,
1109 2884 1295 2923 expounds
1318 2886 1390 2916 and
1414 2885 1564 2916 defends
1592 2886 1654 2916 the
1678 2885 1873 2926 principles

277 2922 340 2962 Ep.
351 2925 428 2963 745)
441 2925 513 2955 and
524 2925 588 2956 the
598 2928 748 2963 Apoloyz'a
766 2926 825 2966 (cf.
840 2927 861 2957 1.
873 2927 917 2957 60
928 2927 1042 2958 n.and
1109 2928 1147 2958 of
1160 2927 1218 2958 his
1234 2929 1344 2959 work.

277 2966 341 3005 Ep.
368 2968 471 3007 456);
497 2968 535 2998 in
559 2968 645 2999 each
668 2970 707 2999 of
727 2969 849 3000 which
874 2970 1040 3001 Erasmus
1157 2974 1227 3010 109.
1253 2970 1432 3012 oneratas]
1449 2972 1500 3004 Of.
1520 2983 1539 3002 2
1556 2973 1647 3005 Tim.
1666 2983 1696 3012 3.
1715 2973 1745 3004 6.
