2034 3433
186 188 282 244 704]
506 192 577 232 ΤΟ
615 192 777 232 DUKE
815 193 1034 233 ERNEST
1074 194 1144 233 OF
1180 194 1446 235 BAVARIA
1695 198 1767 235 131

181 296 228 336 vt
254 295 372 334 breui
399 296 509 335 nihil
537 296 592 336 sit
620 296 704 336 illis
730 297 920 337 futurum
946 298 1117 346 felicius,
1146 297 1183 336 si
1209 298 1357 337 caeteri
1381 298 1588 348 principes
1622 298 1773 337 omissa

181 359 367 400 bellandi
385 362 497 401 rabie
514 364 636 401 tuum
656 363 895 413 exemplum
915 364 1162 402 emulentur.
1220 363 1335 402 Bene
1354 363 1458 403 vale.

236 427 317 465 An.
340 440 382 465 M.
398 439 440 465 D.
466 436 524 475 17.
547 427 681 477 pridie
699 441 830 467 nonas
851 429 1054 467 Nouemb.

621 564 717 604 705.
778 562 841 605 To
874 563 1036 606 BRUNo
1067 564 1340 607 AMERBACH.

231 650 339 687 Basle
357 651 434 687 MS.
454 652 485 688 G
503 652 550 688 ΙΙ.
574 658 643 697 13²².
661 655 717 697 46.
1414 654 1590 690 Louvain.

1276 724 1298 757 4
1315 712 1523 748 November
1543 712 1657 758 <1517
1671 711 1726 758 P).

228 792 276 834 [A
291 801 382 832 copy
400 793 448 832 by
466 792 622 824 Buxtorf
633 794 691 834 (cf.
710 793 773 833 Ep.
791 804 855 833 479
872 794 1024 833 introd.)
1040 806 1047 825 ι
1071 796 1133 826 the
1153 795 1304 835 original
1322 795 1341 825 Ι
1358 794 1449 825 have
1470 795 1559 824 been
1580 794 1710 824 unable
1735 794 1773 824 to

181 838 288 868 trace.
336 835 411 867 The
437 837 623 876 year-date
650 838 680 868 is
707 838 908 869 uncertain.
964 838 1057 878 Only
1086 848 1167 878 1517
1196 839 1268 869 and
1298 838 1380 877 1518
1407 848 1466 868 are
1486 837 1651 877 possible,
1675 838 1772 868 since

183 879 352 911 Erasmus
371 880 402 910 is
417 881 454 911 at
475 880 646 912 Louvain.
694 881 713 912 Ι
728 881 847 921 prefer
865 891 957 921 1517,
976 892 1014 912 as
1035 882 1138 913 there
1156 883 1187 913 is
1206 882 1376 913 evidence
1401 881 1454 912 for
1472 881 1773 920 correspondence

183 923 276 954 with
292 923 397 954 Basle
414 925 450 954 at
468 923 543 954 this
558 924 649 955 time
667 923 725 964 (cf.
744 924 831 964 Epp.
853 926 929 963 726,
946 935 1018 965 731,
1038 925 1117 965 732)
1132 936 1140 964 ;
1164 926 1236 957 and
1254 927 1292 956 in
1316 925 1398 964 1518
1416 925 1579 955 mention
1598 924 1715 964 might
1730 924 1773 954 be

181 967 350 1007 expected
368 966 407 997 of
417 966 596 998 Erasmus'
613 968 737 999 illness
756 968 812 1007 (cf.
831 968 919 1008 Epp.
939 969 1013 1007 867,
1030 969 1112 1010 &c.).
1161 969 1207 1001 In
1226 978 1309 1008 1519
1324 978 1423 1000 news
1439 968 1478 999 of
1495 966 1646 999 Bruno’s
1663 967 1771 998 death

184 1019 232 1041 on
247 1020 286 1042 21
305 1011 379 1043 Oct.
397 1011 517 1042 would
532 1011 704 1052 probably
719 1012 811 1042 have
827 1012 978 1043 reached
995 1013 1156 1044 Louvain
1174 1013 1221 1053 by
1237 1024 1257 1051 4
1274 1011 1381 1053 Nov.]

633 1110 838 1140 ERASMVS
870 1110 1071 1141 BRVNONI
1104 1111 1186 1141 SVO
1219 1111 1252 1140 S.
1278 1111 1321 1142 D.

235 1192 403 1230 ΜΕΜῙΝῙ
429 1192 638 1241 quondam
662 1193 846 1231 erratum
864 1193 991 1231 fuisse
1011 1193 1149 1231 nescio
1177 1193 1277 1242 quid
1302 1193 1346 1230 in
1373 1192 1558 1230 censuris
1582 1192 1770 1242 epistola-

181 1271 276 1297 rum
295 1270 399 1308 quas
422 1257 640 1296 reiecimus
658 1259 705 1295 vt
723 1258 920 1297 indoctas.
994 1259 1110 1308 Rogo
1130 1260 1176 1297 vt
1196 1260 1267 1296 aut
1293 1260 1479 1296 nostram
1498 1269 1672 1295 manum
1691 1257 1771 1295 huc

182 1323 335 1372 mittas,
357 1324 428 1361 aut
456 1322 612 1361 indices
635 1323 708 1361 vbi
733 1323 788 1362 sit
817 1325 1011 1372 erratum,
1038 1337 1117 1374 quo
1143 1323 1272 1373 possit
1301 1323 1345 1361 in
1374 1323 1563 1372 proxima
1591 1322 1770 1360 editione

180 1387 357 1428 restitui.
429 1387 575 1426 Habeo
604 1387 683 1426 tibi
714 1388 890 1438 gratiam
925 1389 1033 1439 quod
1067 1389 1112 1426 in
1146 1388 1397 1427 adiuuandis
1429 1387 1582 1426 nostris
1614 1400 1772 1425 morem

179 1453 402 1503 antiquum
436 1452 621 1501 obtines3
664 1466 762 1492 nam
796 1453 932 1492 nescio
962 1467 1041 1504 quo
1072 1454 1155 1492 fato
1186 1453 1388 1491 Frobenio
1419 1466 1580 1502 semper
1609 1452 1772 1502 placent
1793 1460 1810 1491 5

178 1519 296 1559 asini.
357 1518 472 1557 Bene
490 1518 581 1557 vale
600 1531 696 1557 cum
717 1519 886 1569 optimis
905 1519 1105 1558 fratribus
1124 1520 1221 1566 tuis,
1246 1518 1402 1557 Basilio
1422 1520 1464 1556 et
1483 1517 1708 1556 Bonifacio.

233 1585 364 1623 Vetus
391 1583 642 1622 Graecorum
667 1583 860 1633 adagium
887 1586 960 1632 est,
985 1585 1081 1623 Tria
1107 1597 1233 1633 cappa
1257 1584 1511 1633 pessimum;
1541 1596 1654 1621 nunc
1673 1595 1769 1621 vero

179 1650 224 1688 in
242 1662 317 1688 vos
337 1649 544 1699 competit,
566 1649 646 1687 tria
665 1651 698 1699 β
721 1649 938 1700 optimum,
960 1650 1116 1697 Bruno,
1140 1649 1331 1697 Basilius,
1355 1647 1612 1687 Bonifacius.
1670 1647 1774 1686 Iube

180 1715 398 1753 Doctorem
418 1714 587 1753 Zasium
607 1715 713 1753 meis
731 1715 888 1753 saluere
907 1714 1058 1754 verbis.

233 1779 409 1818 Louanii
428 1779 561 1829 pridie
581 1779 688 1818 Non.
710 1779 912 1819 Nouemb.
1795 1787 1833 1808 10

234 1844 485 1884 Doctissimo
528 1845 723 1884 Brunoni
765 1845 1040 1884 Amerbachio
1082 1844 1303 1884 Basiliensi
1346 1843 1521 1882 feliciter
1565 1842 1768 1892 trilingui.

179 1909 374 1949 Basileae.

631 2009 725 2048 706.
787 2006 919 2048 FROM
951 2008 1144 2048 THOMAS
1175 2007 1323 2049 MORE.

226 2097 449 2134 Auctarium
467 2110 504 2143 p.
523 2107 599 2143 145.
1449 2097 1583 2134 Calais.

228 2155 269 2191 F.
288 2169 324 2202 p.
348 2167 436 2200 144:
464 2156 554 2193 HN:
582 2156 699 2192 Lond.
716 2156 769 2191 iii.
789 2158 831 2192 8:
857 2157 929 2191 LB.
949 2157 1046 2202 App.
1067 2166 1145 2200 204.
1305 2166 1322 2201 5
1342 2156 1549 2193 November
1566 2155 1720 2202 (1517).

461 2236 574 2276 [1517‚
593 2235 738 2267 because
756 2235 854 2268 More
872 2236 903 2266 is
918 2236 955 2266 at
972 2235 1087 2267 Calais
1103 2248 1111 2275 3
1136 2246 1191 2268 see
1207 2236 1270 2277 Ep.
1289 2237 1366 2276 623.
1385 2247 1427 2267 20
1443 2236 1497 2276 n.]

530 2334 716 2365 THOMAS
746 2333 899 2364 MORVS
930 2333 1112 2364 ERASMO
1144 2335 1227 2365 SVO
1258 2336 1293 2367 S.
1318 2336 1355 2367 P.
1382 2335 1424 2365 D.

233 2415 379 2454 HomE
407 2415 548 2454 literas
575 2416 650 2454 abs
677 2417 719 2454 te
747 2414 896 2464 accepi,
927 2413 1054 2453 simul
1082 2415 1132 2453 ad
1162 2414 1354 2453 Coletum
1382 2415 1502 2464 atque
1531 2414 1767 2453 Roffensem

179 2494 262 2520 vna
281 2494 376 2520 cum
401 2480 557 2520 libello.
616 2481 776 2520 Curabo
803 2492 927 2530 quam
953 2479 1137 2529 primum
1162 2481 1208 2518 vt
1233 2479 1502 2529 perferantur,
1525 2492 1578 2517 ne
1603 2479 1770 2519 libellus

177 2546 345 2585 amittat
373 2546 548 2595 gratiam
577 2545 791 2585 nouitatis.
859 2545 998 2593 Quum
1026 2544 1243 2594 epistolam
1273 2544 1461 2594 legerem,
1491 2544 1670 2588 mirabar
1700 2559 1771 2584 cur

179 2623 262 2649 non
280 2611 331 2649 ad
351 2611 690 2650 Gantuariensem
709 2623 874 2661 quoque
893 2609 1136 2660 scripsisses,
1156 2611 1204 2648 vt
1223 2623 1311 2648 rem
1330 2611 1447 2648 tuam
1471 2610 1557 2659 ipse
1576 2612 1770 2649 tractares

177 2675 284 2725 apud
304 2689 400 2714 eum
417 2691 426 2724 3
454 2676 562 2726 apud
583 2689 707 2726 quem
725 2676 920 2726 profecto,
942 2675 987 2714 ni
1005 2675 1139 2723 fallor,
1162 2687 1286 2713 nemo
1305 2674 1412 2713 alius
1431 2676 1598 2714 tantum
1619 2677 1766 2724 potest.
1789 2691 1805 2720 5

201 2783 305 2857 ago}
317 2783 348 2813 8.
374 2785 544 2823 competit
555 2787 687 2823 scripsi:
710 2785 888 2825 compotes
899 2786 967 2815 MS.
1057 2783 1131 2813 706.
1157 2791 1219 2813 rrr.
1238 2791 1377 2813 'morus
1393 2785 1468 2814 add.
1484 2786 1528 2815 H.
1620 2793 1649 2822 5.
1675 2783 1768 2814 alius

176 2837 197 2857 α
246 2850 253 2857 .
305 2849 313 2857 .

223 2915 297 2947 705.
325 2924 354 2946 1.
379 2915 629 2957 epistolarum]
649 2913 688 2947 of
701 2916 864 2957 Jerome3
891 2916 936 2949 cf.
1047 2925 1075 2952 7.
1101 2914 1184 2945 Tria
1199 2913 1324 2955 cappa]
1342 2916 1446 2953 Adaq.
1466 2914 1561 2953 2582.

179 2959 242 2998 Ep.
261 2959 335 2998 396.
353 2959 462 2997 306‚7.
1048 2958 1122 2989 706.
1151 2967 1181 2988 1.
1207 2957 1347 2998 literas]
1369 2957 1548 2999 Probably
1565 2957 1671 2989 dated
1693 2968 1720 2989 c.
1747 2969 1766 2988 2

220 3011 250 3041 5.
278 3001 467 3043 Frobenio]
485 3001 537 3034 Of.
556 3002 620 3042 Ep.
637 3003 712 3034 628.
736 3013 750 3033 1
769 3013 805 3036 n.
1004 3001 1115 3040 Nov.;
1142 3000 1192 3032 all
1209 3000 1312 3032 three
1328 3010 1387 3031 are
1403 3001 1483 3033 lost.

220 3047 252 3077 6.
277 3044 389 3085 asini]
405 3044 458 3076 cf.
477 3045 540 3086 Ep.
560 3046 633 3085 885.
653 3047 740 3086 27,8.
1048 3055 1079 3077 2.
1105 3043 1242 3085 libello]
1260 3044 1311 3078 Cf.
1330 3045 1394 3084 Ep.
1411 3045 1485 3083 697.
1508 3054 1549 3076 12
1564 3055 1600 3077 n.

932 3112 1012 3138 1³2
