2034 3433
143 169 258 224 *909]
708 172 779 211 rro
815 172 932 212 THE
971 173 1203 212 READER
1673 176 1752 213 465

158 278 297 314 tamen
329 277 434 314 mihi
465 276 637 315 asscribi
670 276 779 326 quod
812 289 953 314 meum
984 290 1069 315 non
1098 276 1167 316 sit.
1226 277 1348 316 Nunc
1381 290 1476 315 cum
1508 277 1639 315 multa
1667 277 1754 315 sint

157 341 343 380 admixta
363 355 468 392 quae
488 354 647 380 meram
666 341 896 380 barbariem
919 342 1068 389 oleant,
1088 342 1228 392 paucis
1247 355 1336 380 rem
1351 344 1397 380 vt
1416 342 1539 380 habet
1558 343 1749 392 aperiam.

213 407 362 445 Fateor
381 420 448 445 me
467 407 691 457 quondam,
714 419 809 445 cum
828 419 962 445 essem
989 407 1175 446 Lutetiae
1201 409 1299 446 ante
1319 421 1452 446 annos
1472 406 1567 457 plus
1586 407 1748 458 viginti,

157 471 332 511 dictasse
365 472 503 510 nescio
536 485 638 522 quas
671 485 813 521 nugas,
846 471 1048 522 siquando
1082 472 1271 510 libuisset
1300 486 1324 510 a
1355 485 1480 510 coena
1513 472 1668 522 garrire
1701 473 1749 511 ad

158 536 351 585 foculum,
387 539 428 575 et
462 537 727 584 discinctum,
761 539 808 575 vt
839 537 897 575 ait
928 537 1109 585 Flaccus,
1144 537 1314 584 ludere;
1358 537 1408 575 de
1437 537 1630 575 formulis
1663 550 1754 576 con-

157 615 322 651 gressus
352 601 558 649 cotidiani,
591 615 760 641 rursum
792 602 842 640 de
875 601 1140 641 sermonibus
1174 602 1488 641 conuiuialibus.
1550 603 1618 641 Ad
1652 603 1753 641 haec

157 667 402 717 scripseram
422 667 720 706 crassissimam
742 667 1026 717 paraphrasim
1046 666 1092 705 in
1108 667 1347 716 Elegantias
1363 667 1573 706 Laurentii
1588 667 1752 707 Vallae:

159 745 232 770 nec
259 733 430 779 mirum,
452 731 579 782 lapidi
605 732 851 782 scripseram
877 732 1014 770 verius
1039 745 1165 782 quam
1191 732 1379 780 homini;
1410 746 1646 783 quanquam
1677 733 1753 772 hoc

157 810 319 847 quoque
349 798 514 844 frustra,
536 797 769 847 vsqueadeo
795 797 1042 846 plumbeum
1069 799 1156 835 erat
1184 797 1401 846 ingenium
1428 797 1562 836 vetuli
1591 798 1748 847 psitaci.

158 862 374 901 Praeterea
393 863 477 901 iam
497 865 589 902 tum
609 862 759 912 Copiae
779 862 1062 912 qualecunque
1083 862 1352 900 simulacrum
1373 862 1630 901 deliniaram.
1683 863 1751 901 Ad

156 928 257 966 haec
272 929 440 978 coeptus
454 930 540 967 erat
554 928 659 966 iiber
674 928 735 966 De
751 927 1058 966 conscribendis
1073 928 1260 978 epistolis
1277 942 1285 966 :
1314 928 1418 966 item
1433 927 1540 966 alius
1555 929 1752 968 aduersus

157 994 361 1042 barbaros,
385 1007 508 1044 quem
534 993 794 1044 quorundam
821 1006 943 1043 opera
968 993 1140 1043 perdidi.
1197 993 1416 1032 Postremo
1443 993 1627 1042 quotidie
1654 993 1752 1032 cala-

156 1074 275 1099 mum
294 1059 339 1098 in
359 1059 632 1098 familiaribus
651 1058 836 1108 epistolis
856 1058 1131 1106 excercebam,
1152 1059 1318 1109 quiduis
1338 1072 1499 1109 nugans
1518 1058 1625 1108 apud
1642 1058 1752 1096 hunc

156 1127 229 1164 aut
249 1125 357 1175 apud
377 1125 497 1164 illum
517 1124 755 1171 amiculum,
779 1127 819 1161 et
841 1124 1035 1162 effutiens
1055 1124 1191 1174 qualia
1219 1125 1403 1163 solemus
1421 1138 1445 1163 a
1464 1123 1622 1174 poculis
1641 1124 1752 1162 inter

156 1190 357 1229 amiculos
385 1193 426 1229 et
455 1202 724 1240 congerrones
751 1189 856 1228 alter
880 1190 924 1228 in
951 1189 1123 1228 alterius
1150 1190 1290 1228 sinum
1316 1190 1542 1228 effundere.
1598 1188 1753 1227 Huius-

158 1256 271 1294 modi
290 1269 496 1306 nugarum
516 1255 764 1294 insatiabilis
785 1255 975 1293 Lauerna
995 1268 1158 1305 semper
1173 1256 1253 1294 fuit
1272 1255 1537 1305 Augustinus
1556 1255 1752 1303 Camyna-

156 1321 246 1369 dus,
278 1322 446 1372 quicum
476 1321 582 1359 mihi
610 1323 701 1359 tum
730 1322 816 1358 erat
845 1321 1072 1359 domestica
1100 1322 1354 1360 consuetudo
1385 1333 1551 1359 menses
1579 1319 1749 1369 aliquot.

158 1386 202 1424 Is
231 1387 344 1426 hunc
373 1386 564 1425 libellum
599 1399 671 1424 ceu
703 1385 957 1424 corniculam
989 1387 1235 1436 Aesopicam
1266 1400 1316 1424 ex
1346 1387 1411 1424 his
1440 1385 1635 1424 omnibus
1663 1398 1754 1423 con-

156 1451 355 1500 cinnauit‚
391 1454 463 1490 aut
495 1451 759 1490 commiscuit
792 1451 928 1500 magis
962 1452 1193 1500 rhapsodus
1227 1452 1297 1490 ille
1331 1451 1583 1501 farraginem
1621 1463 1750 1496 suam,

156 1516 289 1555 veluti
307 1530 402 1555 cum
429 1517 566 1555 multa
590 1518 679 1555 iura
704 1516 924 1555 confundit
950 1529 1134 1566 coquus;
1163 1517 1317 1556 additis
1341 1516 1529 1566 personis
1548 1529 1593 1554 ac
1616 1514 1753 1554 titulis
1795 1528 1811 1557 5

155 1584 196 1620 et
216 1582 465 1633 quibusdam
481 1582 531 1620 de
546 1595 620 1621 suo
635 1582 790 1629 affictis,
809 1595 861 1620 ne
876 1595 1081 1631 nusquam
1097 1582 1312 1622 Cumanus
1327 1582 1397 1620 ille
1412 1581 1554 1620 asinus
1569 1581 1752 1630 seipsum

155 1648 356 1697 proderet.
415 1648 558 1697 Neque
577 1647 690 1685 enim
711 1649 774 1685 est
794 1650 879 1686 tam
900 1647 1020 1685 facile
1046 1647 1194 1687 Latine
1214 1634 1281 1686 {fel
1308 1647 1454 1697 nugari
1474 1659 1598 1696 quam
1618 1646 1754 1684 existi-

155 1715 275 1751 mant
295 1712 477 1762 quidam.

209 1778 388 1816 Possum
408 1778 541 1816 adhuc
561 1778 611 1816 de
631 1778 807 1828 singulis
826 1778 1101 1828 pronunciare
1122 1779 1232 1818 vnde
1255 1778 1532 1828 desumpserit
1553 1777 1635 1816 ille.
1698 1777 1753 1814 Et.

155 1845 256 1882 sunt
287 1844 395 1894 apud
427 1857 530 1893 quos
560 1845 703 1882 extant
734 1843 869 1882 adhuc
902 1843 1144 1883 huiusmodi
1179 1844 1364 1893 schedae,
1398 1844 1469 1893 qui
1499 1843 1683 1881 fatentur
1712 1844 1753 1880 et
1772 1856 1789 1883 3

155 1911 385 1959 agnoscunt
420 1922 489 1947 me
525 1922 673 1948 verum
711 1909 856 1948 dicere.
928 1909 1011 1947 His
1055 1909 1218 1948 naeniis
1263 1909 1464 1959 imposuit
1507 1908 1752 1958 quibusdam

156 1974 350 2012 crassulis
370 1974 500 2012 inscio
519 1988 599 2022 me,
624 1988 705 2024 quo
726 1974 927 2013 nimirum
946 1975 1071 2013 homo
1090 1975 1229 2013 tenuis
1254 1988 1300 2013 ac
1319 1974 1534 2013 famelicus
1554 1972 1751 2011 nonnihil

156 2051 427 2077 nummorum
455 2038 681 2078 abraderet.
741 2039 824 2077 Nec
853 2041 916 2077 est
945 2040 1055 2089 quod
1085 2053 1153 2077 me
1182 2040 1337 2078 Beatus
1365 2030 1603 2085 Rhenanus,
1626 2038 1751 2076 homo

157 2104 357 2142 candidus
384 2106 426 2142 et
453 2104 619 2152 amicus,
645 2106 806 2143 excuset
836 2104 913 2142 hoc
941 2106 1133 2153 pretextu
1160 2104 1267 2154 quod
1296 2104 1407 2142 hunc
1437 2103 1627 2141 libellum
1656 2104 1751 2141 ante

157 2182 288 2208 annos
315 2168 469 2219 viginti
497 2168 742 2217 scripserim.
802 2169 871 2207 An
901 2169 1073 2207 interim
1101 2169 1318 2208 accesserit
1346 2168 1500 2218 aliquid
1525 2168 1592 2207 vel
1620 2168 1750 2206 erudi·
1793 2183 1809 2212 5

157 2234 284 2274 tionis
304 2233 373 2273 vel
393 2233 547 2280 iudicii,
569 2233 747 2272 aliorum
770 2234 876 2272 facio
901 2234 1125 2273 iudicium:
1153 2236 1260 2272 certe
1286 2233 1475 2283 linguam
1496 2233 1685 2272 Latinam
1706 2246 1751 2272 ac

157 2301 288 2338 bonas
307 2312 407 2349 quas
426 2300 576 2337 vocant
600 2298 761 2337 litteras
788 2299 828 2337 id
856 2299 1056 2354 temporis
1081 2299 1233 2337 melius
1257 2299 1456 2337 callebam
1478 2311 1601 2347 quam
1623 2311 1750 2344 nunc,

157 2365 283 2404 etiam
303 2365 339 2403 si
359 2366 458 2402 tunc
478 2377 638 2414 quoque
659 2364 767 2402 infra
786 2364 1116 2402 mediocritatem
1138 2363 1330 2402 tenebam
1350 2377 1395 2403 ea
1415 2363 1564 2402 studia.

211 2430 304 2468 Iam
324 2431 371 2467 vt
391 2442 441 2467 ex
460 2429 601 2479 paucis
620 2431 776 2468 caetera
795 2429 999 2478 coniicias,
1023 2429 1161 2476 lector,
1183 2430 1276 2480 quis
1295 2441 1479 2478 vnquam
1504 2427 1608 2466 dixit
1631 2428 1749 2466 ‘dare

200 2527 231 2556 6.
258 2526 305 2555 sit
320 2535 384 2564 ⁴17³
410 2526 502 2556 esset
516 2527 559 2560 B:
583 2526 636 2555 est
653 2527 680 2556 δ.
829 2536 860 2564 9.
887 2536 953 2565 α-γε
978 2525 1151 2556 lubuisset
1167 2526 1217 2559 βδ.
1367 2534 1414 2563 17.
1442 2523 1668 2563 quorundam
1684 2534 1750 2563 αγε

158 2568 258 2600 illius
273 2569 327 2601 βδ.
441 2577 490 2607 19.
514 2568 608 2608 apud
623 2580 689 2608 ²17²
713 2579 770 2599 om.
790 2570 842 2603 βδ.
967 2579 1018 2609 27.
1041 2579 1109 2609 ‘²7²
1131 2571 1204 2600 tam
1222 2567 1327 2599 facile
1343 2570 1396 2598 est
1413 2568 1465 2602 βδ.
1584 2577 1635 2606 34.
1663 2569 1748 2601 αβδ;

156 2613 301 2643 excusat
315 2623 348 2650 7.
459 2612 511 2650 38.
535 2614 623 2643 tunc
637 2624 681 2652 <²7
697 2623 704 2643 ε
727 2615 804 2643 tum
821 2613 873 2646 βδ.

204 2698 253 2719 10.
279 2686 440 2727 Flaccus]
454 2690 484 2717 Sv
503 2698 530 2718 2.
555 2699 582 2719 1.
601 2698 651 2727 73.
1029 2698 1082 2727 30.
1107 2691 1193 2719 sunt
1221 2688 1315 2727 apud
1343 2687 1447 2727 quos]
1478 2687 1646 2717 Erasmus
1675 2696 1749 2717 was

206 2741 253 2761 12.
279 2730 500 2771 Elegantias]
519 2731 571 2763 Cf.
589 2731 652 2771 Ep.
673 2742 723 2770 23.
746 2733 806 2762 106
819 2742 853 2763 n.
986 2732 1137 2772 perhaps
1153 2732 1327 2770 thinking
1344 2731 1382 2761 of
1394 2731 1487 2770 Grey
1504 2730 1582 2770 (Ep.
1599 2730 1655 2768 58]
1674 2730 1746 2761 and

205 2783 254 2813 15.
277 2773 422 2814 Copiae]
441 2774 503 2805 See
520 2775 584 2814 Ep.
603 2776 676 2806 260.
986 2775 1142 2806 Viterius
1176 2773 1252 2815 (Ep.
1294 2774 1365 2814 66),
1395 2774 1486 2813 who,
1520 2782 1558 2804 as
1587 2773 1746 2804 familiar

206 2819 255 2849 16.
279 2816 455 2857 epistolis]
474 2817 537 2848 See
553 2818 616 2858 Ep.
632 2828 684 2857 71.
986 2819 1122 2849 friends
1149 2819 1186 2849 of
1206 2819 1265 2848 his
1296 2818 1397 2848 Paris
1423 2817 1522 2856 days,
1547 2826 1630 2856 may
1657 2816 1746 2847 have

205 2871 253 2900 17.
279 2860 460 2900 barbaros]
477 2861 528 2892 Cf.
546 2862 612 2902 Ep.
628 2872 680 2900 30.
703 2862 742 2892 16
752 2872 786 2892 n.
986 2861 1118 2893 known
1136 2862 1197 2892 the
1215 2862 1311 2892 facts.

206 2905 253 2935 18.
279 2903 457 2944 epistolis]
474 2904 526 2936 Cf.
542 2905 605 2945 Ep.
622 2907 664 2943 64
680 2906 812 2936 introd.
1028 2915 1078 2944 33.
1107 2904 1254 2945 Beatus]
1284 2905 1327 2935 In
1363 2904 1421 2935 his
1452 2903 1591 2944 preface
1623 2905 1658 2934 to
1685 2904 1745 2934 the

201 2957 253 2979 21.
277 2947 522 2989 Camynadus]
540 2948 603 2979 See
618 2948 682 2988 Ep.
705 2959 776 2987 131.
985 2949 1123 2980 edition
1139 2949 1176 2979 of
1190 2949 1277 2979 Nov.
1297 2949 1380 2986 1518
1396 2959 1402 2978 :
1427 2947 1529 2978 BRE.
1546 2947 1599 2978 80.

202 2992 254 3022 26.
278 2990 418 3032 asinus]
437 2992 476 3023 in
493 2992 585 3032 pelle
597 2991 732 3030 leonis;
755 2992 916 3030 cf..4‹1aq.
1027 3002 1080 3032 39.
1104 3002 1147 3023 ex
1196 2991 1332 3032 paucis]
1374 2991 1435 3022 All
1473 2991 1535 3022 the
1584 3000 1746 3030 passages

158 3035 232 3066 266.
984 3035 1165 3067 criticized
1180 3035 1265 3066 here
1281 3034 1372 3066 from
1389 3034 1452 3065 the
1469 3036 1545 3065 text
1560 3044 1618 3064 are
1635 3034 1745 3064 found

223 3101 331 3121 Anum
349 3100 392 3121 111
910 3104 939 3129 H
960 3091 987 3129 h

1777 550 1812 571 [Ο

1776 877 1813 906 15

1774 1204 1814 1224 20
