2034 3433
164 180 262 236 868]
695 185 766 225 ΤΟ
803 186 1071 228 AMBROSE
1109 188 1217 228 LEO
1672 191 1752 230 403

163 287 343 326 habebas
372 289 417 326 in
450 289 654 338 manibus,
682 290 866 329 admiror
898 293 940 330 te
973 291 1079 331 nihil
1109 293 1349 333 meminisse
1363 305 1375 340 ς
1420 307 1472 333 ne
1505 295 1556 333 de
1590 296 1757 334 Graecis

162 352 332 402 quidem
351 353 494 401 literis,
517 367 618 405 quas
646 355 730 394 iam
759 369 977 396 canescens
1006 359 1046 396 et
1077 359 1217 397 tamen
1246 359 1424 398 feliciter
1452 360 1667 410 amplexus
1695 373 1749 408 es,

163 418 279 468 graui
318 419 516 469 exemplo,
556 433 608 458 ne
645 421 815 470 posthac
845 422 1066 473 quisquam
1101 425 1287 474 desperet
1320 425 1568 464 adolescens.
1637 425 1753 473 Quod
1773 438 1811 468 35

163 495 308 522 mones
330 484 391 523 Ne
420 486 575 524 temere
598 486 810 535 Abydum,
843 487 1003 526 vtinam
1030 488 1074 527 in
1105 490 1290 539 tempore
1318 491 1578 529 monuisses!
1634 490 1755 529 Nunc

162 551 428 600 posteaquam
448 551 575 589 semel
594 565 661 590 me
679 552 817 591 ventis
836 566 882 591 ac
897 553 1094 593 fluctibus
1115 555 1279 603 credidi,
1297 555 1449 594 horum
1465 555 1636 595 arbitrio
1648 555 1755 594 ferar

162 627 324 653 necesse
344 618 416 654 est.
475 617 676 656 Attamen
705 617 750 656 in
773 619 905 657 tantis
930 620 1114 659 motibus
1134 634 1237 670 quos
1257 621 1404 659 cotidie
1424 633 1554 659 nouos
1572 621 1754 659 excitant

163 679 208 718 in
240 680 413 720 meliora
444 683 581 720 studia
614 683 814 723 coniurati
853 685 1143 735 sycophantae,
1179 686 1353 725 rationis
1386 699 1432 724 ac
1467 686 1754 736 philosophiae

162 745 332 785 saburra
350 759 417 785 me
436 747 552 796 libro,
574 750 742 798 arteque
762 752 966 800 quantum
986 750 1083 789 licet
1106 764 1201 789 cum
1221 753 1468 800 tempestate
1487 764 1639 801 pugno.
1772 763 1813 794 40

217 811 409 851 Tm·cicos
439 816 579 852 motus
608 813 716 852 nihil
744 816 806 853 est
835 816 944 865 quod
974 816 1257 865 formidemus,
1283 817 1318 855 si
1347 817 1470 855 modo
1499 816 1754 855 Christianos

164 875 370 926 principes
416 877 561 928 iungat
607 879 833 920 concordia.
911 881 964 920 Et
1006 894 1029 920 o
1067 883 1210 931 pectus
1256 895 1353 920 vere
1392 881 1752 931 philosophicum!

164 940 350 981 Praediis
378 955 424 981 ac
452 943 638 992 pecuniis
666 957 751 983 non
781 945 913 993 times,
939 946 1090 985 studiis
1118 946 1265 985 times:
1294 947 1345 985 ad
1379 959 1555 997 quorum
1582 946 1754 984 exitium

164 1006 271 1044 nihil
291 1020 395 1056 opus
414 1009 476 1046 est
495 1009 648 1048 Turcis.
705 1009 936 1049 Moliuntur
962 1011 1101 1050 isthuc
1123 1025 1286 1051 summa
1304 1012 1347 1049 vi
1370 1011 1563 1050 monachi
1583 1010 1755 1061 quidam

164 1084 209 1110 ac
246 1074 438 1125 theologi.
517 1076 694 1124 Quotam
737 1076 850 1114 enim
896 1077 1130 1115 studiorum
1171 1078 1404 1127 portionem
1450 1076 1646 1127 relinquit
1684 1075 1756 1125 qui
1773 1089 1813 1122 45

162 1142 325 1187 praeter
352 1140 619 1190 sophisticam
645 1141 898 1191 theologiam
926 1155 971 1181 ac
1000 1141 1283 1191 perturbatam
1313 1142 1452 1193 legum
1476 1142 1755 1192 cognitionem

164 1205 271 1243 nihil
291 1206 383 1244 vult
397 1206 504 1253 sciri,
522 1206 594 1256 qui
613 1206 778 1255 linguas
793 1207 987 1257 explodit,
1005 1207 1076 1257 qui
1097 1207 1223 1246 semel
1246 1207 1443 1257 quicquid
1463 1208 1525 1246 est
1546 1205 1756 1257 politioris

163 1270 399 1310 literaturae
446 1272 643 1310 damnat!
711 1272 788 1310 Sed
836 1272 944 1310 nihil
990 1275 1119 1323 agunt
1161 1272 1352 1311 homines
1389 1272 1756 1321 impudentissime

165 1336 317 1375 stolidi.
386 1337 489 1376 Tota
520 1336 667 1385 Gallia,
700 1339 787 1376 tota
816 1338 1041 1376 Germania
1074 1340 1195 1388 atque
1222 1338 1311 1387 ipsa
1342 1351 1503 1387 quoque
1539 1336 1758 1375 Britannia

164 1402 434 1454 flagrantibus
453 1402 580 1442 etiam
599 1402 752 1442 animis
771 1404 948 1452 optimas
971 1402 1112 1442 literas
1132 1402 1407 1453 amplectitur,
1432 1415 1597 1441 summo
1616 1402 1758 1440 fauore
1778 1416 1818 1447 50

167 1468 402 1518 principum
422 1470 545 1517 atque
559 1468 685 1506 etiam
706 1468 922 1517 praesidio.

222 1532 386 1573 Marcus
414 1532 609 1571 Musurus
637 1533 852 1583 episcopus
880 1545 969 1571 esse
997 1532 1147 1571 maluit
1181 1545 1305 1583 quam
1334 1532 1552 1582 professor,
1575 1530 1645 1570 sed
1675 1531 1758 1569 huc

167 1598 436 1637 festinantem
457 1598 588 1636 Roma
606 1598 830 1637 absorbuit.
889 1598 985 1637 Non
1012 1599 1156 1648 opinor
1182 1610 1416 1648 quenquam
1443 1597 1551 1647 apud
1573 1609 1649 1635 nos
1669 1597 1757 1634 tam

164 1663 450 1713 impudentem
480 1676 566 1701 esse
596 1663 667 1713 qui
689 1664 793 1702 velit
821 1665 866 1702 in
894 1663 973 1702 isto
999 1654 1160 1702 theatro
1189 1663 1254 1701 sui
1287 1663 1498 1713 specimen
1528 1662 1682 1711 aedere,
1717 1663 1759 1700 et

165 1729 310 1768 Gallus
329 1730 401 1767 aut
417 1729 651 1767 Germanus
666 1742 760 1767 cum
776 1728 908 1775 Italis,
925 1728 1009 1767 imo
1025 1741 1119 1766 cum
1137 1728 1295 1766 Musuri
1309 1727 1498 1777 posteris,
1514 1727 1620 1765 inire
1636 1729 1758 1766 certa·
1778 1738 1816 1769 55

164 1807 274 1843 men,
296 1793 396 1844 quid
417 1793 500 1832 nisi
519 1793 664 1832 sibilos
682 1806 727 1832 ac
753 1794 885 1833 risum
908 1793 1201 1832 lucrifacturus
1216 1794 1237 1832 ‘?
1292 1792 1539 1843 Pergratum
1559 1794 1622 1831 est
1643 1792 1759 1830 Petri

164 1858 365 1909 Alcyonii
393 1872 468 1908 per
499 1861 541 1897 te
572 1859 739 1898 nouisse
767 1872 920 1898 nomen
941 1873 951 1906 ;
978 1859 1140 1898 vtinam
1169 1860 1210 1897 et
1238 1858 1545 1897 lucubrationes
1573 1855 1760 1895 hominis

164 1924 303 1962 videre
330 1924 478 1973 liceret,
509 1925 753 1974 praesertim
783 1937 884 1974 quae
919 1925 1044 1964 vertit
1078 1938 1127 1963 ex
1159 1923 1408 1963 Aristotele!
1465 1922 1595 1972 Cupio
1623 1923 1760 1959 totum

164 1989 381 2027 hominem
414 1989 583 2039 propius
619 2002 756 2037 nosse,
789 1989 1031 2039 praesertim
1060 2002 1154 2028 curn
1189 1991 1333 2027 nostra
1371 2001 1456 2026 non
1493 1988 1759 2037 aspernetur:

166 2053 275 2103 quod
299 2053 409 2092 haud
432 2053 596 2103 faceret,
618 2054 663 2092 ni
691 2054 798 2093 foret
826 2054 996 2104 ingenio
1025 2054 1146 2105 longe
1176 2053 1483 2093 candidissimo.
1540 2052 1759 2091 Lacessam
1777 2057 1820 2090 60

165 2132 262 2157 eum
280 2118 382 2157 alias
401 2118 535 2157 literis
554 2119 660 2158 meis
676 2134 686 2166 ς
718 2131 831 2158 nunc
849 2120 939 2158 viro
959 2120 1064 2158 meis
1086 2119 1227 2158 verbis
1247 2119 1356 2157 dices
1374 2118 1563 2157 salutem.

218 2183 295 2222 Est
314 2183 422 2233 apud
445 2182 671 2222 Britannos
690 2184 757 2222 vir
775 2184 1040 2235 vndiquaque
1059 2184 1324 2223 doctissimus
1343 2183 1525 2222 Thomas
1543 2181 1756 2230 Linacrus,

165 2248 243 2286 tibi
262 2248 346 2286 iam
366 2247 466 2286 olim
486 2261 536 2286 ex
562 2248 664 2286 Aldi
690 2251 911 2299 nostraque
941 2249 1242 2298 praedicatione
1261 2248 1460 2298 cognitus,
1484 2249 1580 2285 tuae
1604 2247 1757 2296 profes-

166 2313 297 2352 sionis
328 2326 385 2361 ac,
421 2313 465 2350 ni
492 2312 623 2361 fallor,
662 2313 822 2353 aetatis.
881 2314 926 2352 Is
956 2313 1068 2352 idem
1099 2314 1184 2363 agit
1218 2314 1325 2364 quod
1359 2315 1431 2360 tu;
1461 2312 1608 2350 multis
1639 2311 1760 2350 annis

165 2378 354 2417 elimatas
367 2376 674 2417 lucubrationes
689 2391 783 2417 suas
797 2378 984 2417 vicissim
1002 2378 1111 2417 aedit
1126 2379 1171 2416 in
1190 2377 1343 2417 lumen.
1396 2377 1559 2416 Prodiit
1575 2376 1758 2416 Galenus
1775 2383 1816 2426 65

164 2444 249 2493 περὶ
273 2446 345 2482 τῶν
363 2444 528 2495 ὑγιεινῶν
547 2444 664 2482 tanta
687 2443 779 2491 fide,
801 2445 916 2482 tanta
934 2443 1037 2492 luce,
1060 2445 1178 2482 tanto
1198 2442 1376 2481 Romani
1399 2442 1602 2481 sermonis
1623 2442 1758 2480 nitore

165 2508 360 2556 redditus,
387 2510 434 2547 vt
462 2507 569 2546 nihil
597 2521 774 2557 vsquam
804 2507 1021 2557 desyderet
1049 2507 1178 2546 lector
1206 2508 1406 2555 Latinus;
1436 2507 1521 2545 imo
1542 2506 1651 2545 nihil
1670 2520 1757 2546 non

166 2572 317 2611 melius
354 2573 532 2622 reperiat
560 2586 685 2623 quam
714 2573 822 2623 apud
854 2573 1029 2612 Graecos
1057 2573 1268 2612 habeatur.
1326 2573 1621 2611 successerunt
1658 2571 1756 2610 libri

167 2638 497 2687 Therapeutices,
529 2651 630 2687 quos
660 2637 741 2677 scis
769 2637 910 2687 quales
938 2638 1109 2676 antehac
1142 2637 1419 2677 habuerimus.
1480 2637 1756 2686 Expectamus

167 2703 356 2753 proxima
383 2702 544 2741 foetura
572 2703 701 2742 libros
729 2703 971 2742 Aristotelis
995 2703 1344 2753 Meteorologicos,
1375 2715 1460 2741 non
1490 2701 1757 2741 aestimandis
1775 2714 1815 2748 70

212 2815 264 2844 49.
289 2814 428 2845 quoque
444 2808 474 2836 F
487 2816 497 2836 ε
517 2806 627 2836 etiam
644 2807 683 2838 Ε.
858 2807 914 2845 56.
935 2807 986 2836 est
1003 2815 1060 2837 om.
1078 2807 1119 2837 N.
1295 2806 1350 2844 65.
1376 2805 1499 2836 lumen
1514 2807 1542 2835 Ε
1555 2815 1565 2838 :
1586 2803 1703 2836 lucem
1717 2808 1754 2837 F.

166 2850 220 2880 66.
244 2848 378 2887 ὑγεινῶν
394 2851 443 2879 E:
465 2852 590 2880 correxi.

211 2958 262 2985 40.
288 2946 450 2987 saburra]
469 2947 519 2978 Cf.
535 2947 637 2986 Verg.
659 2949 693 2978 G.
712 2957 742 2986 4.
765 2947 881 2987 194—6.
1040 2956 1090 2985 70.
1119 2945 1421 2987 Mcteorologicos]
1436 2946 1541 2986 More,
1556 2946 1704 2985 writing
1718 2947 1756 2977 to

209 2992 264 3030 65.
289 2989 461 3031 Galenus]
480 2990 531 3021 Of.
550 2990 613 3030 Ep.
630 2999 704 3029 502.
722 2999 759 3029 15
772 3000 807 3022 n.
995 2989 1091 3030 Dorp
1120 2990 1160 3021 in
1193 2998 1274 3030 1515
1307 2989 1393 3029 (LB.
1430 2990 1520 3029 App.
1559 2999 1635 3030 513,
1672 2998 1754 3029 1912

209 3035 264 3074 69.
286 3033 576 3075 Therapeutices]
594 3033 646 3066 Cf.
663 3033 728 3074 Ep.
747 3034 821 3074 785.
838 3042 925 3073 1711.
994 3043 1082 3073 A—c;
1115 3033 1157 3066 cf.
1191 3034 1255 3073 Ep.
1287 3034 1361 3072 388.
1395 3041 1453 3072 157
1478 3032 1543 3074 ni),
1569 3042 1647 3073 says
1674 3033 1755 3065 that

904 3101 932 3126 D
953 3088 978 3127 d
997 3101 1022 3127 2
