2034 3433
287 117 366 156 230
747 119 995 158 LETTERS
1035 119 1103 157 OF
1140 116 1405 158 ERASMUS
1745 116 1783 171 [1
1793 128 1814 167 5
1823 131 1837 156 1
1846 120 1868 156 8

284 223 439 271 scribis,
463 224 534 262 sed
562 226 745 262 attentus
769 222 971 272 perlegas:
1001 222 1156 271 alioqui
1182 235 1268 260 non
1286 221 1456 260 verebor
1476 222 1691 271 appellare.
1748 223 1869 262 Vnde

285 289 325 326 et
356 302 446 338 quo,
478 288 652 338 inquies,
685 301 779 325 cum
811 287 922 326 vltro
953 286 1059 325 mihi
1095 287 1296 336 delegaris
1328 286 1581 326 arbitrium?
1634 288 1675 325 A
1707 287 1872 327 Budaeo

285 353 535 392 dormitante
558 354 607 391 ad
631 352 808 391 eundem
837 353 901 390 τὸν
929 354 1014 391 νοῦν
1041 353 1286 403 προσέχοντα.
1346 351 1518 401 Alioqui
1535 352 1691 390 multos
1717 353 1871 402 passim

284 418 405 457 audio
433 418 549 467 queri
579 418 687 466 quod
716 418 915 456 aduersus
944 417 1124 456 Fabrum
1152 417 1399 467 scripserim,
1422 417 1493 455 sed
1520 417 1622 456 istos
1644 417 1774 456 ferme
1801 419 1872 468 qui

203 499 265 529 320
284 496 359 521 nec
378 482 492 521 illius
511 483 823 521 insectationem
844 495 918 520 nec
939 495 1075 521 meam
1096 482 1377 521 defensionem
1399 495 1584 531 vnquam
1603 482 1867 532 inspexerint.

283 548 327 586 Si
346 547 616 597 indignantur
635 548 743 597 quod
773 561 838 586 me
867 548 1094 587 necessario
1120 549 1236 586 tuear
1261 548 1457 585 aduersus
1484 546 1675 595 Fabrum,
1697 559 1769 584 cur
1788 559 1872 585 non

283 612 345 650 illi
375 613 514 661 potius
543 613 812 663 indignantur
841 613 912 663 qui
937 613 1046 652 vltro
1069 614 1310 663 praeterque
1338 625 1503 651 causam
1526 625 1602 650 nos
1619 611 1873 650 lacessierit?

282 678 436 716 Parum
461 678 641 716 amicum
665 679 727 717 est
754 680 869 716 scuto
894 678 1051 717 obiecto
1074 679 1183 717 tueri
1208 678 1362 726 vitalia,
1390 680 1430 716 et
1455 677 1635 716 amicum
1658 679 1720 715 est
1744 677 1874 715 homi-

281 755 376 780 nem
395 743 575 781 amicum
594 742 688 781 telis
709 757 867 782 veneno
888 744 1031 782 tinctis
1056 743 1257 793 impetere
1272 744 1292 782 ⁶?
1349 743 1465 792 Quod
1491 743 1527 781 si
1553 743 1596 781 id
1618 742 1705 793 agis
1727 744 1772 781 vt
1795 755 1871 781 nos

201 815 259 847 325
280 807 524 846 dissidentes
561 808 607 846 in
644 808 820 859 gratiam
857 809 1027 859 redigas,
1065 809 1172 859 quod
1211 809 1262 847 ad
1301 822 1368 847 me
1405 808 1595 859 pertinet,
1627 808 1738 847 haud
1776 821 1871 847 sane

280 873 462 911 multum
495 874 574 911 erit
612 874 784 923 negocii.
850 874 989 913 'Facile
1026 874 1134 914 redit
1169 875 1213 913 in
1251 875 1427 925 gratiam
1465 874 1538 924 qui
1576 874 1665 913 odit
1698 874 1867 912 inuitus.

280 938 414 976 Facile
446 939 630 988 placatur
659 939 730 989 qui
758 940 907 978 nolens
935 941 1137 988 irascitur,
1170 940 1256 978 imo
1284 940 1355 990 qui
1384 953 1436 978 ne
1471 940 1669 978 irascetur
1702 939 1870 989 quidem

278 1003 359 1041 nisi
379 1003 466 1041 suis
487 1003 594 1043 fatis.
653 1004 827 1044 Vtinam
853 1005 1036 1044 licuisset
1059 1005 1286 1044 amicitiam
1310 1005 1418 1043 tueri
1443 1006 1717 1055 perpetuum!
1746 1017 1867 1052 nunc,

278 1068 384 1118 quod
414 1070 476 1107 est
497 1069 744 1118 proximum,
768 1071 889 1120 cupio
915 1070 1062 1109 multis
1089 1071 1138 1109 de
1163 1070 1295 1109 causis
1321 1070 1486 1109 sarciri:
1516 1069 1583 1108 vel
1608 1070 1716 1120 quod
1738 1083 1811 1120 per
1829 1083 1871 1108 se

198 1143 259 1174 330
278 1133 332 1171 sit
352 1133 590 1172 indecorum
611 1146 705 1172 cum
725 1147 773 1172 eo
798 1134 996 1173 dissidere
1020 1135 1187 1185 quicum
1207 1135 1508 1174 necessitudine
1528 1136 1584 1173 sis
1603 1135 1781 1183 iunctus,
1804 1135 1870 1174 vel

277 1199 385 1248 quod
416 1198 546 1237 nolim
574 1199 699 1237 huius
728 1199 788 1237 rei
809 1200 941 1249 gratia
963 1201 1073 1239 inter
1098 1200 1207 1239 vllos
1232 1200 1412 1239 suboriri
1441 1200 1617 1247 dissidia,
1644 1200 1802 1249 studiis,
1824 1201 1870 1239 vt

277 1263 335 1310 fit,
372 1263 416 1301 in
451 1263 613 1303 diuersa
642 1264 917 1304 trahentibus.
989 1265 1122 1316 Magis
1155 1265 1348 1315 optabam
1381 1267 1428 1304 vt
1458 1278 1508 1304 ex
1545 1265 1752 1304 amicitiae
1782 1265 1871 1304 iure

276 1329 592 1368 communicatis
611 1330 791 1369 inuicem
807 1330 950 1369 amicis
964 1331 1126 1380 vtrique
1146 1331 1426 1381 pulcherrima
1444 1331 1646 1380 possessio
1661 1329 1871 1381 condupli-

277 1395 445 1433 caretur.
503 1394 584 1433 Vix
603 1396 710 1433 vllas
728 1395 910 1434 reiiciam
929 1396 1199 1435 conditiones.
1257 1397 1345 1435 Aut
1361 1397 1474 1434 curet
1495 1396 1567 1434 ille
1585 1396 1865 1446 premendam,

197 1467 255 1499 335
275 1460 322 1497 vt
352 1459 448 1508 dixi,
484 1460 844 1510 reprehensionem
880 1474 1008 1510 suam,
1046 1474 1120 1511 ego
1151 1461 1336 1500 vicissim
1368 1461 1502 1512 patiar
1538 1474 1675 1499 meam
1713 1460 1869 1499 aboleri

275 1524 544 1574 Apologiam:
582 1527 653 1563 aut
682 1526 717 1564 si
745 1525 786 1564 id
813 1526 967 1565 frustra
998 1527 1128 1577 cupio,
1160 1526 1376 1565 maledicta
1404 1526 1634 1565 benedictis
1661 1528 1797 1565 mutet
1829 1528 1869 1564 et

276 1588 556 1628 criminationi
576 1591 784 1640 palinodia
798 1592 1023 1631 medeatur.
1074 1593 1162 1631 Aut
1178 1594 1284 1630 certe
1299 1592 1447 1642 purget
1463 1604 1553 1630 sese
1568 1591 1672 1630 mihi
1687 1591 1842 1630 litteris
1858 1606 1866 1630 z

275 1656 346 1692 aut
366 1654 400 1692 si
418 1654 459 1694 id
487 1669 646 1705 quoque
666 1656 846 1694 nimium
866 1658 938 1705 est,
961 1659 1138 1696 testetur
1156 1670 1264 1695 nunc
1290 1657 1400 1695 inter
1418 1669 1493 1695 nos
1519 1657 1754 1696 animorum
1779 1669 1867 1696 esse

275 1731 533 1767 consensum,
565 1735 807 1772 quocunque
834 1723 953 1772 genio
975 1723 1159 1773 superior
1184 1723 1256 1761 illa
1286 1722 1432 1761 incidit
1457 1722 1644 1772 procella.
1708 1722 1867 1761 Sentiet

197 1796 257 1826 340
276 1797 342 1822 me
371 1785 544 1825 minime
577 1786 798 1826 difficilem.
867 1788 1006 1827 Vnam
1035 1801 1127 1827 eam
1156 1788 1436 1827 conditionem
1466 1801 1551 1825 non
1588 1787 1794 1838 recipiam,
1831 1788 1867 1826 si

273 1850 464 1899 postulet,
488 1854 533 1890 vt
552 1852 801 1901 Apologiam
820 1854 1080 1903 supprimam
1098 1853 1302 1892 incolumi
1320 1853 1436 1891 illius
1456 1853 1757 1892 criminatione.

329 1916 390 1954 De
408 1919 541 1955 morte
560 1917 700 1956 fratris
719 1918 784 1956 tui
802 1931 850 1956 ex
870 1919 991 1957 Badii
1011 1919 1141 1958 literis
1162 1932 1434 1969 cognoueram
1455 1933 1464 1967 3
1494 1932 1572 1968 que
1591 1919 1698 1957 mihi
1713 1919 1868 1969 duplici

275 1981 441 2020 nomine
470 1983 608 2032 grauis
636 1985 708 2031 est,
732 1983 799 2022 vel
826 1984 923 2033 quia
949 1986 1046 2023 tuus
1071 1986 1158 2023 erat
1185 1987 1226 2023 et
1252 1984 1303 2022 ob
1327 1985 1369 2023 id
1395 1997 1444 2022 ex
1470 1984 1678 2023 amiciciae
1706 1985 1867 2023 foedere

276 2048 424 2096 noster,
449 2048 516 2086 vel
539 2048 644 2097 quia,
671 2049 719 2086 vt
744 2048 902 2097 scribis,
926 2050 1060 2088 nostri
1083 2049 1306 2088 studiosus.
1366 2049 1661 2088 Buslidianum
1683 2049 1866 2100 legatum

195 2118 254 2149 345
274 2124 318 2150 ac
338 2112 536 2162 trilingue
559 2113 781 2164 collegium
806 2114 979 2163 pulchre
1006 2114 1200 2165 procedit.
1261 2115 1337 2154 Est
1362 2116 1503 2154 autem
1530 2115 1866 2165 magnificentius

275 2192 398 2228 quam
427 2181 628 2229 putaram.
699 2179 916 2218 Destinata
952 2181 1066 2219 enim
1105 2183 1203 2220 sunt
1241 2180 1337 2219 huic
1376 2180 1546 2230 negocio
1582 2180 1677 2231 plus
1715 2181 1865 2231 viginti

274 2243 509 2282 francorum
521 2244 637 2282 milia
656 2259 665 2292 3
693 2245 854 2284 vtinam
870 2245 1107 2296 exemplum
1121 2246 1199 2284 hoc
1215 2245 1445 2295 complures
1458 2246 1645 2284 inueniat
1659 2246 1865 2285 aemulos!

275 2308 416 2347 Habes
445 2309 663 2358 epistolam
697 2323 782 2348 non
807 2310 949 2349 minus
979 2310 1196 2350 molestam
1228 2323 1352 2361 quam
1382 2310 1598 2360 prolixam,
1628 2324 1680 2349 ne
1706 2324 1866 2361 semper

274 2373 493 2423 exprobres
518 2374 707 2424 epistolia
739 2388 844 2425 pene
868 2376 970 2425 ipsis
996 2376 1317 2426 opistographiis
1349 2376 1550 2415 breuiora.
1610 2376 1725 2415 Bene
1757 2376 1860 2426 vale,

196 2445 257 2477 350
275 2438 510 2478 doctissime
529 2439 705 2478 Budaee.
767 2440 943 2479 Louanii
962 2441 1037 2480 viii
1057 2441 1222 2481 Calend.
1246 2441 1426 2480 Martias.

316 2560 388 2589 320.
414 2554 475 2586 αβ;
501 2552 733 2593 inspexerunt
751 2556 795 2585 H.
906 2564 981 2593 323.
1006 2556 1059 2586 est
1076 2559 1147 2586 ante
1161 2555 1347 2586 hominem
1365 2556 1439 2585 add.
1457 2553 1500 2585 αἳ.
1615 2564 1689 2593 324.
1715 2555 1814 2595 Quod
1831 2557 1862 2588 si

275 2617 282 2624 .
302 2618 309 2624 .
329 2618 338 2625 .
357 2604 431 2633 327.
451 2597 618 2627 irascitur
635 2600 708 2628 add.
719 2596 762 2628 αἳ.
851 2607 925 2636 327.
952 2600 1025 2628 imo
1043 2622 1049 2630 .
1069 2623 1076 2629 .
1095 2623 1102 2629 .
1119 2608 1195 2637 334.
1212 2599 1434 2629 conditiones
1451 2601 1523 2629 add.
1538 2601 1566 2629 D
1584 2599 1673 2639 (327.
1689 2599 1862 2631 irascetur

274 2639 333 2671 DB
348 2650 354 2668 :
377 2638 544 2670 irascitur
558 2641 613 2679 E).
712 2650 786 2680 334.
812 2641 887 2672 Aut
903 2644 1002 2672 curet
1020 2666 1027 2673 .
1048 2665 1056 2673 .
1074 2666 1081 2672 .
1102 2651 1176 2681 337.
1202 2642 1335 2672 litteris
1351 2645 1425 2672 add.
1443 2641 1476 2671 a²
1493 2643 1583 2682 (336.
1611 2643 1713 2682 cupio
1729 2645 1860 2681 scripsi:

274 2683 372 2720 cupit
388 2681 431 2714 αἳ.
523 2684 725 2714 maledictis
739 2685 789 2723 β).
892 2686 966 2723 338.
995 2687 1057 2716 aut
1075 2710 1082 2716 .
1101 2709 1108 2716 .
1126 2709 1134 2716 .
1152 2694 1227 2724 339.
1246 2685 1399 2725 procella
1414 2688 1488 2716 add.
1506 2688 1535 2715 D
1552 2687 1641 2726 (338.
1668 2689 1730 2717 aut
1745 2689 1838 2717 DLB
1854 2699 1860 2717 ι

274 2724 324 2754 At
339 2725 463 2766 Loncl.).
584 2737 657 2766 339.
682 2727 820 2758 Sentiet
840 2752 847 2760 .
864 2751 872 2759 .
892 2751 899 2758 .
919 2738 993 2767 341.
1012 2729 1266 2759 criminatione
1284 2731 1357 2759 add.
1375 2727 1419 2759 αἳ.
1544 2739 1617 2768 342.
1643 2731 1698 2760 tui
1715 2733 1791 2761 add.
1808 2733 1858 2762 H:

273 2778 331 2798 om.
348 2770 381 2801 β.
470 2779 538 2809 que
557 2794 563 2801 .
583 2795 589 2801 .
608 2795 614 2802 .
631 2780 707 2809 344,
725 2771 904 2803 studiosus
919 2775 994 2802 add.
1009 2771 1052 2803 αἳ.
1178 2781 1251 2811 345.
1276 2781 1315 2802 ac
1331 2772 1506 2812 trilingue
1522 2773 1711 2813 collegium
1727 2776 1800 2805 add.
1818 2777 1858 2805 D.

274 2820 347 2848 349.
372 2814 541 2851 exprobes
557 2815 590 2847 β.
680 2817 738 2845 aF
747 2828 753 2846 ;
778 2815 1081 2855 opisthographiis
1096 2817 1132 2846 Η
1143 2827 1148 2846 ;
1174 2815 1433 2855 opistographis
1449 2817 1523 2850 DB.

317 2911 389 2947 316.
414 2911 552 2952 scribis]
571 2912 632 2952 Ep.
652 2923 723 2951 744.
745 2923 794 2952 72.
1135 2924 1207 2954 345-
1232 2915 1437 2956 collegium]
1456 2915 1507 2947 Cf.
1529 2916 1616 2956 Epp.
1634 2917 1708 2955 691,
1730 2916 1804 2954 804.
