2034 3433
140 161 242 216 683]
633 163 786 202 FROM
824 163 1058 204 THOMAS
1097 163 1253 203 MORE
1660 167 1734 204 105

196 267 445 317 Scriptorem
472 269 594 306 tuum
620 266 762 306 dimisi
786 267 831 305 in
850 267 1050 318 Angliam
1076 269 1182 307 datis
1209 268 1362 319 grossis
1388 268 1528 307 decem
1554 269 1600 307 in
1620 269 1737 307 viati-

141 345 236 371 cum
253 348 265 381 ;
291 332 415 372 Petro
434 331 628 379 nobilem,
652 332 761 382 quod
781 335 868 372 erat
886 346 977 371 eam
997 333 1218 372 adducenti
1237 332 1424 372 tabulam
1444 333 1733 384 perpusillum,

141 398 213 437 sed
233 398 303 437 ille
321 398 415 449 equi
433 396 683 437 consulebat.
742 397 848 448 Opto
867 411 1057 448 prospere
1077 398 1155 437 tibi
1181 412 1227 437 ac
1252 398 1427 437 feliciter
1445 399 1562 438 cedat
1581 412 1737 437 munus

145 464 253 513 quod
280 464 432 503 misisti
451 463 638 512 Principi
658 463 719 502 De
748 463 1007 502 instituendo
1036 463 1232 514 principe.
1292 463 1422 503 Valde
1450 477 1518 502 me
1545 463 1734 513 perculit,

143 542 215 578 per
243 528 523 568 immortalem
549 529 697 577 Deum,
720 542 834 568 mors
853 529 1046 578 Buslidii,
1071 529 1253 567 hominis
1283 542 1378 567 cum
1407 542 1492 567 non
1511 528 1738 579 vulgariter
1757 539 1796 570 50

148 595 313 642 eruditi,
336 596 427 633 tum
446 593 576 632 animi
596 596 637 632 et
657 594 836 633 amantis
858 595 903 633 in
924 607 999 633 nos
1017 597 1140 645 atque
1158 594 1203 633 in
1225 607 1370 633 omnes
1395 594 1570 632 candidi.
1631 594 1737 633 Mihi

146 659 248 698 adeo
274 660 341 698 hic
367 659 639 698 desidendum
673 661 735 697 est
765 673 788 698 a
815 659 1020 710 principio
1049 659 1318 709 Septembris,
1348 661 1395 698 vt
1421 659 1494 698 vix
1520 659 1624 698 duos
1650 658 1738 697 dies

144 725 365 775 impetrare
384 724 560 773 licuerit,
584 724 734 775 quibus
758 725 806 764 ad
830 725 1027 775 oppidum
1048 725 1278 763 Audomari
1296 727 1632 773 transcurrerem,
1652 737 1737 773 pre-

140 789 258 840 cipue
278 792 324 828 vt
342 789 554 829 Abbatem
574 790 760 828 viderem
778 790 928 829 saltem
948 789 1079 828 sancti
1099 789 1281 837 Bertini,
1297 802 1421 839 quem
1441 791 1488 828 tu
1508 789 1615 827 mihi
1635 788 1737 826 olim

143 855 425 906 descripseras.
486 856 662 906 Repperi
681 856 802 905 plane
821 855 957 903 talem,
979 855 1185 893 inuitatus
1208 857 1333 904 atque
1355 856 1547 904 exceptus
1567 854 1738 903 largiter
1756 865 1794 896 55

142 920 192 958 ab
220 920 293 959 illo
321 920 366 959 in
394 920 644 960 conuiuium.
706 920 846 959 Homo
878 920 1035 970 prolixe
1064 919 1235 970 quosuis
1263 918 1511 970 (accipiens),
1543 932 1610 957 me
1639 932 1737 958 vero

143 985 264 1024 valde
287 986 437 1025 effuse:
466 999 591 1025 senex
619 985 943 1025 iucundissimus
970 986 1019 1024 ad
1047 985 1292 1024 memoriam
1319 985 1382 1023 tui
1408 985 1733 1023 reiuuenescens.

141 1050 257 1099 Vale,
279 1051 518 1089 charissime
537 1051 719 1090 Erasme.

200 1115 445 1155 Tunstallus
459 1117 503 1154 in
519 1116 717 1166 Angliam
733 1115 868 1155 rediit.
914 1116 1076 1154 Iterum
1091 1115 1192 1154 vale.
1236 1115 1364 1153 Caleti
1379 1115 1438 1153 vii
1454 1115 1516 1152 die
1533 1114 1733 1153 Octobris.

361 1247 458 1287 684.
518 1246 651 1288 FROM
684 1245 876 1286 THOMAs
908 1245 1042 1286 MORE
1073 1255 1127 1285 To
1159 1244 1311 1285 PETER
1342 1245 1524 1286 GILLES.

193 1336 379 1373 Deventer
395 1337 472 1373 MS.
493 1349 548 1383 91,
567 1338 592 1372 f.
613 1347 691 1381 207.
1414 1334 1594 1382 (Calais.)

195 1394 236 1431 D.
249 1408 284 1441 p.
301 1407 365 1439 142
381 1410 387 1431 :
406 1396 443 1431 F.
455 1409 490 1442 p.
507 1407 593 1441 143:
612 1395 703 1431 HN:
723 1396 900 1432 Lond.iii.
917 1405 936 1438 7
954 1408 960 1429 z
980 1394 1160 1440 LB.App.
1179 1405 1254 1440 192.
1317 1404 1335 1437 7
1356 1394 1520 1429 October
1539 1393 1692 1440 (1517).

195 1476 257 1518 [In
272 1477 335 1508 the
349 1477 431 1517 MS„
450 1478 572 1509 where
594 1479 630 1508 to
652 1478 781 1508 denote
804 1477 868 1507 the
891 1476 1090 1507 correction
1114 1475 1226 1507 Hand
1244 1476 1274 1507 Β
1292 1477 1387 1506 must
1406 1476 1512 1515 again
1533 1475 1576 1506 be
1593 1475 1740 1505 divided

150 1522 229 1551 into
244 1520 278 1550 α1
295 1521 367 1552 and
384 1521 430 1561 αἳ,
445 1521 519 1552 this
535 1522 643 1552 letter
658 1521 798 1552 follows
814 1521 878 1560 Ep.
905 1520 980 1559 683.
1026 1520 1125 1559 They
1142 1529 1199 1550 are
1216 1521 1496 1559 contemporary,
1517 1520 1581 1550 but
1598 1519 1660 1558 Ep.
1676 1520 1740 1557 683

150 1566 246 1595 must
260 1564 350 1595 have
373 1565 462 1596 been
477 1565 624 1596 written
641 1565 730 1605 first,
749 1565 846 1595 since
859 1564 889 1594 it
904 1564 934 1595 is
950 1562 1084 1603 clearly
1099 1563 1162 1594 the
1183 1563 1289 1594 letter
1305 1562 1462 1594 referred
1478 1564 1515 1594 to
1531 1563 1572 1593 in
1591 1562 1615 1594 1.
1634 1572 1665 1602 5.
1722 1562 1740 1592 I

148 1608 240 1639 have
263 1608 442 1639 therefore
466 1609 629 1639 retained
650 1609 715 1639 the
743 1607 970 1638 mouth-date
997 1607 1190 1647 originally
1211 1607 1359 1637 written
1383 1607 1432 1645 by
1453 1606 1498 1643 al,
1525 1616 1562 1637 as
1585 1606 1686 1636 there
1710 1606 1740 1636 is

151 1651 307 1691 nothing
329 1654 365 1683 to
389 1653 489 1683 show
512 1652 618 1683 when
643 1652 705 1682 the
728 1661 870 1682 erasure
894 1660 968 1681 was
990 1650 1297 1690 made—possibly
1315 1650 1362 1689 by
1378 1660 1473 1681 some
1489 1650 1559 1682 late
1576 1650 1685 1689 hand,
1705 1652 1740 1680 to

150 1696 256 1734 bring
271 1695 334 1726 the
350 1696 431 1727 date
449 1696 526 1727 into
542 1696 761 1736 conformity
776 1695 868 1726 with
884 1695 948 1725 the
964 1694 1110 1734 printed
1126 1692 1313 1734 editions]

437 1788 623 1820 THOMAS
653 1789 806 1819 MORVS
835 1787 978 1818 PETRO
1009 1787 1200 1818 AEGIDIO
1233 1785 1315 1817 SVO
1347 1786 1381 1816 S.
1408 1786 1452 1816 D.

200 1869 262 1908 ΜΙ
291 1870 529 1909 charissime
557 1870 690 1917 Petre‚
723 1870 844 1908 salue.
904 1868 1053 1907 Misere
1082 1869 1201 1918 cupio
1232 1867 1376 1917 ecquid
1406 1869 1453 1905 tu
1484 1867 1741 1906 conualescas

145 1935 406 1985 intelligere3
435 1949 537 1985 quae
563 1948 629 1973 res
654 1948 742 1973 non
766 1934 918 1973 minori
944 1934 1049 1972 mihi
1075 1946 1194 1971 curae
1220 1934 1281 1971 est
1300 1946 1423 1983 quam
1443 1932 1610 1983 quiduis
1633 1933 1741 1970 mei:

149 1999 289 2049 itaque
307 2002 348 2039 et
367 2000 533 2050 inquiro
555 2000 773 2050 diligenter
787 2002 829 2038 et
843 2012 988 2038 omnes
1007 1999 1196 2036 omnium
1210 2011 1332 2036 voces
1350 1998 1506 2047 excipio
1526 1997 1738 2036 sollicitus.

146 2064 322 2114 Aliquot
347 2065 455 2104 mihi
480 2065 672 2104 meliores
690 2066 741 2104 de
759 2068 801 2103 te
823 2077 915 2114 spes
941 2064 1245 2110 renuntiarunt,
1270 2076 1340 2102 seu
1361 2063 1484 2113 (quod
1505 2062 1617 2113 opto)
1638 2076 1742 2101 com-

147 2133 298 2179 pertas,
325 2129 413 2168 siue
436 2134 481 2168 vt
511 2131 736 2180 desyderiis
764 2130 868 2168 meis
896 2130 1139 2168 inseruiant.
1199 2128 1352 2178 Scripsi
1379 2128 1538 2167 litteras
1567 2128 1741 2167 Erasmo
1762 2133 1778 2163 5

148 2198 301 2233 nostro.
359 2195 441 2233 Eas
465 2194 544 2233 tibi
568 2198 730 2245 apertas
756 2195 903 2242 mitt03
935 2195 1118 2244 signabis
1143 2194 1257 2244 ipse:
1286 2193 1393 2231 nihil
1419 2207 1522 2243 opus
1548 2196 1611 2231 est
1631 2193 1741 2243 quod

149 2259 214 2311 illi
233 2259 426 2298 scribitur
444 2259 632 2298 clausum
658 2261 708 2298 ad
728 2264 769 2298 te
789 2260 941 2299 venire.
999 2259 1233 2297 Versiculos
1253 2271 1354 2308 quos
1372 2258 1416 2296 in
1436 2257 1634 2296 tabellam
1654 2260 1741 2296 tam

147 2324 294 2363 inscite
326 2324 404 2363 feci
437 2338 562 2375 quam
599 2325 671 2363 illa
708 2324 809 2363 scite
848 2325 1008 2374 depicta
1044 2326 1116 2372 est,
1154 2323 1204 2361 ad
1241 2325 1283 2361 te
1319 2322 1547 2372 perscripsi.
1606 2322 1669 2360 Tu
1707 2323 1742 2360 si

151 2389 274 2439 digna
292 2389 555 2438 videbuntur,
578 2390 752 2428 Erasmo
771 2389 963 2438 imparti;
993 2388 1149 2438 alioqui
1167 2387 1354 2427 Vulcano
1376 2387 1511 2426 dedas.

202 2455 305 2494 Vale
324 2455 383 2493 vii
402 2454 590 2493 octobris.
1763 2472 1802 2493 10

208 2521 351 2559 Versus
383 2522 427 2559 in
460 2521 631 2559 tabulam
664 2520 862 2568 duplicem,
895 2520 937 2557 iaz
971 2531 1047 2567 «sica
1077 2519 1274 2557 Erasmus
1305 2530 1350 2557 ae
1378 2519 1520 2556 Petrus
1551 2517 1743 2566 Aeyicliics

147 2586 266 2623 simul
301 2588 412 2624 erant
448 2587 614 2633 expressi
641 2597 716 2633 per
748 2586 938 2634 eyreyium
975 2585 1163 2632 artificem
1198 2584 1438 2632 Quintiorum,
1471 2584 1526 2621 sic
1561 2586 1601 2620 vt
1638 2583 1744 2630 apud

151 2650 366 2689 Erasmum
402 2652 656 2689 exordientem
688 2651 960 2698 Pai·a1[)Izrasin
995 2651 1040 2687 iai
1076 2650 1274 2697 epistolam
1311 2650 1365 2687 ad
1395 2649 1617 2687 Rhomanos
1646 2649 1743 2696 picti

196 2751 270 2781 683.
295 2761 347 2790 52.
373 2761 393 2782 a
408 2752 587 2791 prIncipio
603 2753 715 2788 scm‘psz‘
726 2762 732 2781 :
757 2752 794 2781 in
813 2750 1032 2790 principium
1051 2751 1114 2779 MS.
1221 2748 1293 2779 684.
1320 2756 1384 2778 Trr.
1401 2750 1475 2778 add.
1494 2750 1533 2778 D.
1631 2756 1661 2785 5.
1686 2746 1739 2778 0²:

153 2793 341 2825 desideriis
356 2793 401 2825 al.
550 2804 599 2826 10.
622 2795 675 2825 vii
691 2793 737 2832 al,
756 2796 807 2824 sed
818 2796 960 2831 primam
977 2793 989 2822 i
1006 2796 1098 2822 erasi!
1115 2794 1303 2828 nescioquis:
1328 2800 1365 2821 VI
1380 2793 1418 2821 D.
1555 2800 1603 2820 11.
1632 2792 1742 2820 Versus

178 2861 186 2868 .
206 2862 213 2868 .
235 2846 283 2876 15.
307 2839 467 2874 effinxerat
481 2840 555 2869 add.
571 2840 609 2868 D.

196 2926 270 2958 683.
295 2927 348 2964 46.
371 2924 605 2966 Scriptorem]
638 2925 834 2964 Phrysius3
865 2926 906 2955 cf.
1023 2933 1074 2962 54.
1099 2923 1299 2964 Abbatem]
1328 2922 1478 2962 Antony
1513 2921 1552 2952 of
1579 2921 1739 2959 Bergen;

154 2970 244 3010 Epp.
261 2971 378 3009 665-9.
978 2977 1034 2998 see
1052 2968 1114 3006 Ep.
1139 2976 1198 3005 143
1214 2966 1348 2997 introd.

198 3024 239 3052 49
275 3013 325 3043 De
343 3011 584 3052 instituendo]
601 3011 653 3044 Cf.
671 3012 735 3052 Ep.
755 3013 830 3051 657.
855 3013 910 3050 46.
1022 3011 1098 3042 (384.
1126 3020 1172 3049 13.
1200 3009 1460 3050 Paraphrasin]
1485 3009 1549 3041 See
1566 3008 1629 3049 Ep.
1649 3019 1723 3048 710·
