2034 3433
335 176 415 214 574
795 174 1048 214 LETTERS
1087 174 1156 212 OF
1193 173 1461 213 ERASMUS
1804 171 1929 226 [1519

336 280 585 319 declararem
612 291 749 317 meam
779 290 876 326 erga
904 277 952 317 R.
970 278 1019 316 D.
1036 278 1081 316 Τ.
1105 277 1236 316 animi
1261 278 1589 328 propensionem,
1612 277 1736 315 mitto
1763 277 1932 316 Nouum

336 347 651 385 Testamentum
667 343 830 393 magnis
846 343 1065 382 sudoribus
1079 343 1213 381 denuo
1226 356 1249 382 a
1262 356 1328 381 me
1343 342 1622 393 recognitum;
1644 342 1752 392 quod
1769 343 1807 381 S.
1818 343 1868 381 D.
1879 343 1929 382 N.

286 428 324 450 10
336 411 466 450 Leoni
486 411 668 448 dicatum
687 409 820 458 ipsius
846 408 1016 447 hortatu
1045 408 1091 446 in
1120 408 1259 446 lucem
1286 408 1417 456 emisi,
1441 408 1794 458 quemadmodum
1819 407 1935 446 illius

337 477 471 515 Breue
490 477 669 514 testatur
688 475 881 513 additum
901 474 946 512 in
976 473 1110 524 operis
1138 473 1408 523 frontispicio.
1465 473 1577 511 Huic
1604 473 1725 511 initio
1745 472 1935 511 reclama-

337 542 437 580 bant
457 540 642 590 quidam,
663 540 732 578 sed
753 540 825 590 qui
844 541 914 579 aut
935 553 1020 578 non
1040 539 1233 590 legebant
1252 540 1323 577 aut
1346 552 1431 577 non
1451 538 1752 589 intelligebant.
1814 538 1936 576 Nunc

337 606 644 656 amplectuntur
676 618 832 653 omnes,
859 605 1040 654 exceptis
1079 603 1343 654 paucissimis
1381 616 1483 653 quos
1519 604 1646 653 pudet
1683 603 1935 654 resipiscere.

337 671 398 709 Hi
417 670 582 708 nullum
602 683 687 709 non
707 672 879 709 mouent
894 670 1075 720 lapidem
1087 671 1134 708 vt
1153 669 1281 708 bonas
1301 669 1444 707 literas
1463 670 1617 718 passim
1632 669 1938 708 reflorescentes

287 751 324 782 15
338 736 584 786 opprimant.
643 735 711 774 Ad
738 736 780 774 id
808 735 1048 786 splendidos
1067 736 1314 784 praetexunt
1332 734 1487 782 titulos,
1509 733 1732 773 haereseon
1751 734 1940 784 profliga-

338 802 508 849 tionem,
532 801 741 839 Ecclesiae
762 801 1058 848 defensionem,
1083 813 1189 848 cum,
1215 800 1321 838 mihi
1341 798 1469 848 crede,
1494 799 1616 849 longe
1639 799 1751 838 aliud
1778 802 1936 850 agatur.

338 866 442 904 Mihi
477 866 585 904 certe
613 866 737 904 rebus
766 866 962 904 omnibus
988 865 1156 903 omissis
1183 865 1290 903 illud
1310 865 1432 903 vnice
1459 864 1599 903 studio
1618 865 1712 910 fuit,
1731 866 1778 903 vt
1796 878 1938 904 meum

338 931 597 981 ingeniolum
618 931 694 969 hoc
715 933 755 969 et
771 931 1080 981 qualescunque
1106 930 1296 969 literulae
1317 929 1473 969 Christi
1493 929 1647 980 gloriae
1666 930 1874 969 seruirent
1894 943 1940 968 ac

338 996 546 1035 Ecclesiae
586 995 827 1035 commodis.
890 996 1030 1035 Homo
1069 997 1209 1034 tamen
1249 1008 1356 1042 sum,
1386 995 1469 1033 labi
1509 1008 1690 1045 possum.
1751 995 1870 1044 Quod
1904 995 1940 1034 si

288 1077 326 1098 20
338 1061 541 1100 iudicium
566 1061 719 1100 alicubi
748 1061 893 1110 defuit,
915 1061 1082 1100 animus
1111 1063 1221 1100 certe
1250 1063 1386 1099 rectus
1415 1073 1500 1099 non
1530 1060 1676 1099 defuit.
1735 1061 1940 1100 Omnibus

338 1140 461 1165 nemo
498 1127 700 1166 hactenus
740 1127 927 1178 placuit:
958 1127 1065 1165 mihi
1105 1127 1205 1166 satis
1242 1128 1303 1165 est
1341 1126 1451 1176 quod
1489 1125 1660 1176 optimis
1710 1125 1941 1176 quibusque

338 1193 491 1242 placeo.

393 1258 472 1298 Sed
492 1257 598 1305 vide,
623 1271 788 1307 quaeso,
809 1258 1181 1308 peruersissimam,
1211 1258 1296 1295 imo
1323 1256 1652 1307 ingratissimam
1679 1256 1941 1306 quorundam

340 1323 561 1362 maliciam.
622 1323 758 1362 Diffisi
786 1323 906 1362 libris
933 1325 974 1362 et
1002 1322 1260 1373 argumentis
1289 1323 1461 1372 quidam
1491 1321 1776 1372 sycophantiis
1802 1335 1941 1372 aggre-

289 1404 325 1435 25
341 1388 522 1427 (liuntur.
582 1388 786 1438 Quicquid
819 1388 960 1438 prodit
993 1388 1243 1436 libellorum,
1274 1387 1428 1438 quibus
1456 1388 1534 1425 hoc
1559 1389 1746 1436 tempore
1771 1387 1940 1437 quidam

339 1454 521 1492 nimium
539 1454 711 1492 licenter
728 1453 890 1503 ludunt,
914 1454 1020 1493 mihi
1041 1454 1294 1504 impingunt.
1356 1452 1572 1491 Prodierat
1592 1452 1882 1491 Nemo—nam
1903 1452 1940 1491 is

340 1521 402 1557 est
421 1519 555 1557 libelli
579 1519 796 1557 cuiusdam
823 1519 972 1557 ludicri
998 1519 1173 1566 titulus3
1203 1531 1346 1557 meum
1374 1530 1461 1556 esse
1489 1517 1873 1571 calumniabantur:
1901 1520 1943 1555 et

344 1586 644 1633 persuaserant,
667 1584 713 1622 ni
738 1586 858 1623 autor
885 1585 1017 1623 iratus
1045 1584 1123 1623 sibi
1152 1597 1276 1623 suum
1303 1597 1405 1633 opus
1423 1583 1685 1622 vindicasset.
1745 1582 1942 1621 Exierant

346 1649 555 1699 Epistolae
572 1650 773 1699 quaedam
800 1650 998 1688 ridiculae
1013 1664 1023 1698 3
1054 1663 1138 1688 non
1167 1650 1335 1687 deerant
1362 1648 1434 1698 qui
1463 1662 1531 1687 me
1557 1649 1744 1687 adiutore
1769 1648 1944 1698 scriptas

287 1731 328 1760 30
345 1715 593 1754 dictitarent.
652 1715 872 1753 Postremo
892 1715 1046 1765 prodiit
1066 1715 1204 1753 nescio
1224 1715 1374 1765 quibus
1390 1714 1535 1753 auibus
1552 1726 1655 1763 opus
1673 1713 1727 1752 M.
1753 1713 1939 1752 Lutheri.

346 1781 483 1819 Autor
502 1780 609 1818 mihi
629 1782 716 1818 tam
736 1780 903 1830 ignotus
923 1782 985 1819 est
1005 1793 1129 1831 quam
1154 1780 1225 1830 qui
1252 1779 1442 1818 omnium
1463 1780 1761 1829 ignotissimus,
1785 1779 1943 1817 librum

346 1836 533 1884 nondum
558 1845 737 1895 perlegi:
777 1848 817 1884 et
843 1847 985 1885 tamen
1013 1845 1135 1884 initio
1165 1858 1307 1884 meum
1336 1858 1424 1884 esse
1454 1844 1710 1893 dictitabant,
1735 1857 1830 1883 cum
1856 1844 1943 1883 illic

347 1925 421 1950 nec
440 1924 549 1950 vnus
569 1911 754 1961 apiculus
775 1911 829 1949 sit
849 1924 981 1949 meus.

400 1977 565 2015 Horum
604 1989 699 2014 cum
736 1976 845 2014 nihil
889 1976 1022 2014 adhuc
1055 1976 1264 2026 procedat,
1293 1976 1382 2025 ipsa
1419 1988 1462 2013 re
1501 1975 1739 2014 reuincente
1777 1975 1944 2014 menda-

287 2057 325 2087 35
346 2042 469 2091 cium,
492 2041 644 2091 dialogi
664 2041 880 2080 cuiusdam
900 2041 1179 2091 suspicionem
1203 2040 1311 2079 mihi
1332 2041 1567 2079 moliuntur
1586 2041 1829 2091 impingere.
1886 2041 1943 2088 Is,

346 2110 389 2146 vt
428 2121 478 2145 ex
514 2109 759 2157 argumento
797 2107 898 2146 satis
932 2109 1105 2156 constat,
1134 2107 1312 2157 scriptus
1351 2109 1413 2146 est
1452 2107 1497 2145 in
1537 2108 1678 2146 odium
1717 2108 1806 2146 diui
1845 2107 1946 2146 Iulii

346 2173 564 2212 Pontificis
584 2186 695 2212 max.
715 2172 956 2212 schismatis
981 2175 1177 2223 tempore,
1200 2172 1271 2211 sed
1297 2186 1321 2211 a
1347 2186 1429 2223 quo
1448 2173 1685 2212 incertum:
1715 2175 1811 2212 ante
1830 2173 1946 2223 quin-

346 2252 424 2288 que
458 2251 589 2276 annos
618 2238 835 2287 degustaui
854 2238 993 2277 verius
1022 2251 1144 2289 quam
1178 2238 1272 2288 legi.
1330 2238 1433 2277 Post
1464 2238 1623 2288 repperi
1652 2239 1697 2277 in
1724 2239 1946 2278 Germania

389 2357 420 2387 8.
446 2355 485 2386 R.
508 2355 548 2387 D.
566 2354 603 2386 T.
621 2357 673 2385 E:
699 2356 732 2386 te
748 2357 791 2386 H.
960 2365 991 2394 9.
1017 2355 1050 2386 S.
1069 2355 1111 2386 D.
1131 2355 1172 2386 N.
1192 2357 1244 2386 E:
1268 2355 1430 2395 pontifici
1449 2358 1490 2386 H.

1670 2365 1718 2394 14.
1744 2357 1876 2396 passim
1891 2358 1920 2386 F
1936 2367 1943 2385 x

347 2400 481 2439 pascim
499 2401 538 2433 Ε,
675 2408 726 2437 3ο.
754 2399 800 2429 M.
819 2401 868 2429 E:
893 2399 1040 2430 Martini
1058 2402 1101 2431 H.

390 2510 422 2541 8.
445 2510 588 2541 Nouum
604 2508 889 2550 Testamentum]
907 2509 972 2540 See
988 2519 1021 2549 p.
1036 2509 1110 2548 387.

394 2563 441 2585 11.
469 2552 601 2593 Breue]
619 2553 682 2593 Ep.
701 2554 776 2591 864.

390 2598 443 2628 26.
469 2596 596 2637 Nemo]
615 2598 678 2627 See
699 2596 762 2636 Ep.
781 2597 854 2637 863.
873 2606 915 2635 29
931 2606 967 2628 11.

388 2641 440 2672 28.
466 2640 583 2681 autor]
607 2641 658 2671 Cf.
678 2640 756 2671 HE.
772 2651 825 2679 90,
846 2643 882 2678 βξ
896 2641 1014 2679 89-91.

391 2694 442 2722 29.
467 2683 662 2725 Epistolae]
678 2684 783 2722 Eov.;
808 2693 864 2714 see
881 2683 943 2723 Ep.
955 2684 1030 2715 622.
1045 2693 1108 2721 4n.

391 2737 444 2766 3ο.
470 2727 573 2768 opus]
591 2727 655 2758 See
672 2727 736 2766 Ep.
753 2737 830 2767 904.
851 2737 890 2766 19
903 2736 938 2759 n.

391 2780 442 2809 31.
467 2770 624 2811 ignotus]
644 2771 695 2801 Cf.
710 2771 772 2810 Ep.
791 2781 867 2810 939.
885 2771 937 2801 66.

392 2824 443 2853 35.
471 2813 616 2855 dialogi]
635 2814 699 2845 See
716 2814 780 2853 Ep.
797 2823 860 2853 502
877 2813 1009 2846 introd.

391 2867 441 2895 37.
466 2857 686 2898 schismatis]
719 2857 781 2888 See
811 2858 873 2897 Ep.
905 2858 978 2896 236.
1011 2867 1053 2897 43
1074 2867 1110 2888 n.

349 2900 422 2930 The
461 2901 663 2932 schismatic
699 2901 889 2932 Cardinals
926 2901 1011 2932 held
1050 2902 1112 2931 out

350 2943 444 2973 until
459 2944 548 2975 aster
561 2944 688 2975 Julius*
703 2944 811 2975 death
827 2955 834 2982 3
850 2954 907 2975 see
919 2944 1111 2984 Creighton

350 2987 396 3016 iv.
420 2987 534 3026 187—9.
580 2989 625 3019 In
641 2988 766 3027 giving
781 2988 856 3018 this
875 2988 957 3019 date
976 2987 1030 3018 for
1050 2988 1110 3018 the

350 3031 582 3069 composition
600 3031 767 3061 Erasmus
783 3040 897 3061 seems
913 3033 949 3062 to
965 3031 1057 3062 wish
1074 3033 1110 3061 to

1181 2518 1315 2548 convey
1340 2509 1402 2540 the
1427 2508 1512 2539 false
1540 2508 1743 2549 suggestion
1770 2508 1827 2548 (cf.
1855 2508 1944 2549 Epp.

1180 2553 1252 2582 622.
1284 2561 1378 2592 15-7,
1405 2552 1478 2590 636.
1512 2553 1609 2592 14-7)
1637 2552 1718 2583 that
1745 2552 1808 2582 the
1842 2554 1946 2583 Iulius

1179 2606 1251 2627 was
1279 2596 1452 2626 identical
1479 2596 1569 2626 with
1602 2596 1708 2627 Peter
1739 2596 1946 2636 Gringore’s

1180 2639 1460 2679 morality-play,
1501 2639 1656 2670 L’homme
1701 2640 1825 2679 obsum,
1867 2649 1944 2679 pro-

1179 2683 1293 2713 duced
1318 2683 1357 2713 in
1383 2682 1493 2722 Paris,
1525 2683 1606 2714 Feb.
1633 2692 1726 2721 1512,
1757 2683 1797 2713 in
1823 2683 1945 2714 which

1179 2726 1240 2757 the
1268 2726 1405 2757 central
1435 2726 1547 2766 figure
1578 2727 1608 2757 is
1637 2727 1701 2757 the
1736 2726 1840 2766 Pope,
1873 2726 1948 2757 and·

1178 2770 1281 2800 there
1314 2770 1344 2800 is
1379 2770 1487 2801 much
1523 2770 1749 2801 contentious
1781 2769 1945 2809 dialogue

1179 2814 1341 2844 between
1355 2814 1362 2830 ⁴
1375 2813 1506 2853 Peuple
1518 2813 1672 2854 franceis
1683 2815 1691 2831 ’
1706 2812 1778 2844 and
1793 2814 1800 2829 ‘
1812 2813 1944 2853 Peuple

1178 2856 1361 2896 ytalique’
1378 2868 1385 2895 ;
1409 2857 1471 2887 the
1487 2857 1619 2888 former
1635 2857 1788 2897 perhaps
1804 2857 1945 2896 getting

1178 2900 1241 2930 the
1255 2901 1330 2930 best
1341 2900 1380 2930 of
1386 2901 1448 2931 the
1462 2900 1603 2940 dispute
1616 2900 1674 2940 (cf.
1687 2900 1748 2940 Ep.
1762 2901 1836 2940 967.
1853 2900 1942 2939 161).

1178 2943 1242 2975 See
1256 2943 1293 2974 E.
1312 2944 1412 2974 Picot
1425 2945 1464 2975 in
1476 2946 1557 2975 Bun.
1579 2954 1635 2974 soc.
1650 2946 1719 2974 hist.
1736 2946 1813 2980 prot.
1819 2945 1941 2982 franc„

1178 2988 1283 3017 xxxvi
1310 2987 1439 3028 (1887),
1469 2997 1527 3028 pp.
1552 2996 1706 3026 225-323
1734 2987 1806 3018 and
1833 2987 1943 3018 NBG.

1177 3030 1263 3061 xxii.
1285 3040 1390 3069 113,4.
