<?xml version="1.0" encoding="UTF-8"?>
<!DOCTYPE html PUBLIC "-//W3C//DTD XHTML 1.0 Transitional//EN"
    "http://www.w3.org/TR/xhtml1/DTD/xhtml1-transitional.dtd">
<html xmlns="http://www.w3.org/1999/xhtml" xml:lang="en" lang="en">
 <head>
  <title>
</title>
<meta http-equiv="Content-Type" content="text/html;charset=utf-8" />
  <meta name='ocr-system' content='tesseract 3.04.00' />
  <meta name='ocr-capabilities' content='ocr_page ocr_carea ocr_par ocr_line ocrx_word'/>
</head>
<body>
  <div class='ocr_page' id='page_1' title='image "./opusepistolarumd03erasuoft_0198.png"; bbox 0 0 2034 3433; ppageno 0'>
   <div class='ocr_carea' id='block_1_1' title="bbox 308 125 1894 180">
    <p class='ocr_par' dir='ltr' id='par_1_1' title="bbox 308 125 1894 180">
     <span class='ocr_line' id='line_1_1' title="bbox 308 125 1894 180; baseline -0.003 -12"><span class='ocrx_word' id='word_1_1' title='bbox 308 131 383 169; x_wconf 85' lang='lat'>158</span> <span class='ocrx_word' id='word_1_2' title='bbox 767 129 1019 168; x_wconf 82' lang='lat' dir='ltr'><strong>LETTERS</strong></span> <span class='ocrx_word' id='word_1_3' title='bbox 1057 128 1127 166; x_wconf 88' lang='lat' dir='ltr'>OF</span> <span class='ocrx_word' id='word_1_4' title='bbox 1163 127 1430 166; x_wconf 80' lang='lat' dir='ltr'>ERASMUs</span> <span class='ocrx_word' id='word_1_5' title='bbox 1775 125 1894 180; x_wconf 78' lang='lat'>[1517</span> 
     </span>
    </p>
   </div>
   <div class='ocr_carea' id='block_1_2' title="bbox 233 230 1898 2496">
    <p class='ocr_par' dir='ltr' id='par_1_2' title="bbox 304 230 1897 284">
     <span class='ocr_line' id='line_1_2' title="bbox 304 230 1897 284; baseline -0.002 -11"><span class='ocrx_word' id='word_1_6' title='bbox 304 248 452 284; x_wconf 84' lang='lat' dir='ltr'>nempe</span> <span class='ocrx_word' id='word_1_7' title='bbox 481 235 677 282; x_wconf 86' lang='lat' dir='ltr'>humana,</span> <span class='ocrx_word' id='word_1_8' title='bbox 707 233 837 270; x_wconf 84' lang='lat' dir='ltr'>immo</span> <span class='ocrx_word' id='word_1_9' title='bbox 862 231 1001 281; x_wconf 87' lang='lat' dir='ltr'>potius</span> <span class='ocrx_word' id='word_1_10' title='bbox 1028 230 1157 280; x_wconf 81' lang='lat' dir='ltr'>accipi</span> <span class='ocrx_word' id='word_1_11' title='bbox 1182 243 1256 280; x_wconf 89' lang='lat' dir='ltr'>pro</span> <span class='ocrx_word' id='word_1_12' title='bbox 1281 230 1411 269; x_wconf 89' lang='lat' dir='ltr'>altera</span> <span class='ocrx_word' id='word_1_13' title='bbox 1434 243 1559 280; x_wconf 87' lang='lat' dir='ltr'>quam</span> <span class='ocrx_word' id='word_1_14' title='bbox 1583 232 1765 280; x_wconf 89' lang='lat' dir='ltr'>vtraque,</span> <span class='ocrx_word' id='word_1_15' title='bbox 1788 233 1897 281; x_wconf 92' lang='lat' dir='ltr'>quod</span> 
     </span>
    </p>

    <p class='ocr_par' dir='ltr' id='par_1_3' title="bbox 248 295 1898 410">
     <span class='ocr_line' id='line_1_3' title="bbox 303 295 1897 348; baseline -0.003 -9"><span class='ocrx_word' id='word_1_16' title='bbox 303 300 396 338; x_wconf 90' lang='lat' dir='ltr'>vult</span> <span class='ocrx_word' id='word_1_17' title='bbox 409 300 550 347; x_wconf 88' lang='lat' dir='ltr'>Faber,</span> <span class='ocrx_word' id='word_1_18' title='bbox 568 312 715 348; x_wconf 84' lang='lat' dir='ltr'>nempe</span> <span class='ocrx_word' id='word_1_19' title='bbox 736 311 808 346; x_wconf 90' lang='lat' dir='ltr'>pro</span> <span class='ocrx_word' id='word_1_20' title='bbox 825 296 978 343; x_wconf 87' lang='lat' dir='ltr'>diuina,</span> <span class='ocrx_word' id='word_1_21' title='bbox 997 295 1067 333; x_wconf 89' lang='lat' dir='ltr'>sed</span> <span class='ocrx_word' id='word_1_22' title='bbox 1083 308 1186 345; x_wconf 88' lang='lat' dir='ltr'>quae</span> <span class='ocrx_word' id='word_1_23' title='bbox 1201 295 1355 333; x_wconf 89' lang='lat' dir='ltr'>vnierit</span> <span class='ocrx_word' id='word_1_24' title='bbox 1373 295 1452 333; x_wconf 88' lang='lat' dir='ltr'>sibi</span> <span class='ocrx_word' id='word_1_25' title='bbox 1470 295 1709 333; x_wconf 84' lang='lat' dir='ltr'>humanam.</span> <span class='ocrx_word' id='word_1_26' title='bbox 1759 295 1897 335; x_wconf 84' lang='lat' dir='ltr'>Caete-</span> 
     </span>
     <span class='ocr_line' id='line_1_4' title="bbox 248 360 1898 410; baseline -0.003 -6"><span class='ocrx_word' id='word_1_27' title='bbox 248 377 286 399; x_wconf 92' lang='lat'>10</span> <span class='ocrx_word' id='word_1_28' title='bbox 303 378 398 403; x_wconf 89' lang='lat' dir='ltr'>rum</span> <span class='ocrx_word' id='word_1_29' title='bbox 427 366 488 403; x_wconf 89' lang='lat' dir='ltr'>ais</span> <span class='ocrx_word' id='word_1_30' title='bbox 514 363 670 403; x_wconf 75' lang='lat' dir='ltr'>Christi</span> <span class='ocrx_word' id='word_1_31' title='bbox 696 361 906 409; x_wconf 85' lang='lat' dir='ltr'>vocabula,</span> <span class='ocrx_word' id='word_1_32' title='bbox 934 361 1012 399; x_wconf 91' lang='lat' dir='ltr'>hoc</span> <span class='ocrx_word' id='word_1_33' title='bbox 1041 362 1103 398; x_wconf 88' lang='lat' dir='ltr'>est</span> <span class='ocrx_word' id='word_1_34' title='bbox 1126 360 1325 399; x_wconf 89' lang='lat' dir='ltr'>vocabula</span> <span class='ocrx_word' id='word_1_35' title='bbox 1352 360 1633 410; x_wconf 76' lang='lat' dir='ltr'>hypostaseos,</span> <span class='ocrx_word' id='word_1_36' title='bbox 1659 361 1898 410; x_wconf 85' lang='lat' dir='ltr'>frequenter</span> 
     </span>
    </p>

    <p class='ocr_par' dir='ltr' id='par_1_4' title="bbox 302 425 1895 479">
     <span class='ocr_line' id='line_1_5' title="bbox 302 425 1895 479; baseline -0.003 -11"><span class='ocrx_word' id='word_1_37' title='bbox 302 430 432 479; x_wconf 84' lang='lat' dir='ltr'>accipi</span> <span class='ocrx_word' id='word_1_38' title='bbox 456 443 529 479; x_wconf 90' lang='lat' dir='ltr'>pro</span> <span class='ocrx_word' id='word_1_39' title='bbox 550 427 761 466; x_wconf 83' lang='lat' dir='ltr'>vocabulis</span> <span class='ocrx_word' id='word_1_40' title='bbox 787 428 1042 464; x_wconf 87' lang='lat' dir='ltr'>naturarum.</span> <span class='ocrx_word' id='word_1_41' title='bbox 1105 425 1222 473; x_wconf 77' lang='lat' dir='ltr'>Quod</span> <span class='ocrx_word' id='word_1_42' title='bbox 1249 425 1285 464; x_wconf 92' lang='lat' dir='ltr'>si</span> <span class='ocrx_word' id='word_1_43' title='bbox 1309 425 1507 473; x_wconf 82' lang='lat' dir='ltr'>fecissem,</span> <span class='ocrx_word' id='word_1_44' title='bbox 1532 438 1616 463; x_wconf 92' lang='lat' dir='ltr'>non</span> <span class='ocrx_word' id='word_1_45' title='bbox 1644 439 1756 464; x_wconf 86' lang='lat' dir='ltr'>eram</span> <span class='ocrx_word' id='word_1_46' title='bbox 1777 426 1895 465; x_wconf 86' lang='lat' dir='ltr'>valde</span> 
     </span>
    </p>

    <p class='ocr_par' dir='ltr' id='par_1_5' title="bbox 304 490 1895 543">
     <span class='ocr_line' id='line_1_6' title="bbox 304 490 1895 543; baseline -0.002 -10"><span class='ocrx_word' id='word_1_47' title='bbox 304 495 607 543; x_wconf 88' lang='lat' dir='ltr'>obiurgandus:</span> <span class='ocrx_word' id='word_1_48' title='bbox 639 494 678 530; x_wconf 86' lang='lat' dir='ltr'>et</span> <span class='ocrx_word' id='word_1_49' title='bbox 703 494 843 530; x_wconf 85' lang='lat' dir='ltr'>tamen</span> <span class='ocrx_word' id='word_1_50' title='bbox 870 490 1032 529; x_wconf 87' lang='lat' dir='ltr'>declaro</span> <span class='ocrx_word' id='word_1_51' title='bbox 1060 504 1111 528; x_wconf 92' lang='lat' dir='ltr'>ne</span> <span class='ocrx_word' id='word_1_52' title='bbox 1138 490 1179 528; x_wconf 95' lang='lat' dir='ltr'>id</span> <span class='ocrx_word' id='word_1_53' title='bbox 1201 490 1368 539; x_wconf 91' lang='lat' dir='ltr'>quidem</span> <span class='ocrx_word' id='word_1_54' title='bbox 1388 504 1411 528; x_wconf 89' lang='lat' dir='ltr'>a</span> <span class='ocrx_word' id='word_1_55' title='bbox 1431 503 1498 528; x_wconf 88' lang='lat' dir='ltr'>me</span> <span class='ocrx_word' id='word_1_56' title='bbox 1521 490 1677 529; x_wconf 89' lang='lat' dir='ltr'>factum</span> <span class='ocrx_word' id='word_1_57' title='bbox 1702 491 1746 529; x_wconf 90' lang='lat' dir='ltr'>in</span> <span class='ocrx_word' id='word_1_58' title='bbox 1771 504 1895 530; x_wconf 88' lang='lat' dir='ltr'>anno-</span> 
     </span>
    </p>

    <p class='ocr_par' dir='ltr' id='par_1_6' title="bbox 302 555 1895 605">
     <span class='ocr_line' id='line_1_7' title="bbox 302 555 1895 605; baseline -0.002 -8"><span class='ocrx_word' id='word_1_59' title='bbox 302 559 538 597; x_wconf 82' lang='lat' dir='ltr'>tationibus.</span> <span class='ocrx_word' id='word_1_60' title='bbox 596 557 736 595; x_wconf 84' lang='lat' dir='ltr'>Velim</span> <span class='ocrx_word' id='word_1_61' title='bbox 756 556 884 605; x_wconf 90' lang='lat' dir='ltr'>igitur</span> <span class='ocrx_word' id='word_1_62' title='bbox 903 558 950 594; x_wconf 88' lang='lat' dir='ltr'>vt</span> <span class='ocrx_word' id='word_1_63' title='bbox 971 555 1161 594; x_wconf 87' lang='lat' dir='ltr'>libellum</span> <span class='ocrx_word' id='word_1_64' title='bbox 1181 556 1339 605; x_wconf 85' lang='lat' dir='ltr'>relegas</span> <span class='ocrx_word' id='word_1_65' title='bbox 1359 569 1432 605; x_wconf 89' lang='lat' dir='ltr'>per</span> <span class='ocrx_word' id='word_1_66' title='bbox 1453 555 1599 603; x_wconf 90' lang='lat' dir='ltr'>ocium,</span> <span class='ocrx_word' id='word_1_67' title='bbox 1623 555 1770 594; x_wconf 89' lang='lat' dir='ltr'>deinde</span> <span class='ocrx_word' id='word_1_68' title='bbox 1790 569 1895 595; x_wconf 91' lang='lat' dir='ltr'>com-</span> 
     </span>
    </p>

    <p class='ocr_par' dir='ltr' id='par_1_7' title="bbox 245 620 1896 735">
     <span class='ocr_line' id='line_1_8' title="bbox 301 620 1896 670; baseline -0.002 -8"><span class='ocrx_word' id='word_1_69' title='bbox 301 624 513 662; x_wconf 87' lang='lat' dir='ltr'>municato</span> <span class='ocrx_word' id='word_1_70' title='bbox 533 623 704 661; x_wconf 85' lang='lat' dir='ltr'>consilio</span> <span class='ocrx_word' id='word_1_71' title='bbox 724 635 819 660; x_wconf 88' lang='lat' dir='ltr'>cum</span> <span class='ocrx_word' id='word_1_72' title='bbox 840 621 1112 670; x_wconf 83' lang='lat' dir='ltr'>Guolphango</span> <span class='ocrx_word' id='word_1_73' title='bbox 1133 623 1270 658; x_wconf 88' lang='lat' dir='ltr'>mutes</span> <span class='ocrx_word' id='word_1_74' title='bbox 1295 634 1368 670; x_wconf 91' lang='lat' dir='ltr'>pro</span> <span class='ocrx_word' id='word_1_75' title='bbox 1387 623 1460 659; x_wconf 89' lang='lat' dir='ltr'>tuo</span> <span class='ocrx_word' id='word_1_76' title='bbox 1480 620 1526 658; x_wconf 90' lang='lat' dir='ltr'>in</span> <span class='ocrx_word' id='word_1_77' title='bbox 1546 634 1614 658; x_wconf 91' lang='lat' dir='ltr'>me</span> <span class='ocrx_word' id='word_1_78' title='bbox 1636 621 1774 660; x_wconf 91' lang='lat' dir='ltr'>studio</span> <span class='ocrx_word' id='word_1_79' title='bbox 1794 634 1896 670; x_wconf 90' lang='lat' dir='ltr'>quae</span> 
     </span>
     <span class='ocr_line' id='line_1_9' title="bbox 245 689 564 735; baseline 0.003 -11"><span class='ocrx_word' id='word_1_80' title='bbox 245 704 281 735; x_wconf 83' lang='lat'>15</span> <span class='ocrx_word' id='word_1_81' title='bbox 300 689 564 727; x_wconf 86' lang='lat' dir='ltr'>videbuntur.</span> 
     </span>
    </p>

    <p class='ocr_par' dir='ltr' id='par_1_8' title="bbox 297 751 1896 999">
     <span class='ocr_line' id='line_1_10' title="bbox 354 751 1896 803; baseline 0.001 -12"><span class='ocrx_word' id='word_1_82' title='bbox 354 754 416 791; x_wconf 92' lang='lat' dir='ltr'>De</span> <span class='ocrx_word' id='word_1_83' title='bbox 439 751 686 803; x_wconf 81' lang='lat' dir='ltr'>prodigiosis</span> <span class='ocrx_word' id='word_1_84' title='bbox 707 751 1010 790; x_wconf 88' lang='lat' dir='ltr'>Parisiensium</span> <span class='ocrx_word' id='word_1_85' title='bbox 1029 751 1241 790; x_wconf 85' lang='lat' dir='ltr'>vocabulis</span> <span class='ocrx_word' id='word_1_86' title='bbox 1268 763 1354 789; x_wconf 90' lang='lat' dir='ltr'>non</span> <span class='ocrx_word' id='word_1_87' title='bbox 1382 764 1477 789; x_wconf 86' lang='lat' dir='ltr'>sum</span> <span class='ocrx_word' id='word_1_88' title='bbox 1505 751 1663 790; x_wconf 87' lang='lat' dir='ltr'>anxius.</span> <span class='ocrx_word' id='word_1_89' title='bbox 1723 751 1896 792; x_wconf 86' lang='lat' dir='ltr'>Videbis</span> 
     </span>
     <span class='ocr_line' id='line_1_11' title="bbox 300 816 1895 868; baseline 0 -12"><span class='ocrx_word' id='word_1_90' title='bbox 300 832 366 856; x_wconf 91' lang='lat' dir='ltr'>eas</span> <span class='ocrx_word' id='word_1_91' title='bbox 395 818 573 868; x_wconf 85' lang='lat' dir='ltr'>ineptias</span> <span class='ocrx_word' id='word_1_92' title='bbox 608 831 759 867; x_wconf 89' lang='lat' dir='ltr'>magna</span> <span class='ocrx_word' id='word_1_93' title='bbox 793 830 843 855; x_wconf 88' lang='lat' dir='ltr'>ex</span> <span class='ocrx_word' id='word_1_94' title='bbox 874 819 989 866; x_wconf 88' lang='lat' dir='ltr'>parte</span> <span class='ocrx_word' id='word_1_95' title='bbox 1020 816 1196 866; x_wconf 83' lang='lat' dir='ltr'>explodi.</span> <span class='ocrx_word' id='word_1_96' title='bbox 1256 816 1518 866; x_wconf 86' lang='lat' dir='ltr'>Cantabrigia</span> <span class='ocrx_word' id='word_1_97' title='bbox 1551 818 1722 855; x_wconf 87' lang='lat' dir='ltr'>mutata.</span> <span class='ocrx_word' id='word_1_98' title='bbox 1783 816 1895 856; x_wconf 88' lang='lat' dir='ltr'>Haec</span> 
     </span>
     <span class='ocr_line' id='line_1_12' title="bbox 298 881 1893 933; baseline -0.001 -11"><span class='ocrx_word' id='word_1_99' title='bbox 298 884 438 922; x_wconf 89' lang='lat' dir='ltr'>schola</span> <span class='ocrx_word' id='word_1_100' title='bbox 459 884 688 922; x_wconf 87' lang='lat' dir='ltr'>detestatur</span> <span class='ocrx_word' id='word_1_101' title='bbox 707 882 878 933; x_wconf 88' lang='lat' dir='ltr'>frigidas</span> <span class='ocrx_word' id='word_1_102' title='bbox 898 882 994 920; x_wconf 87' lang='lat' dir='ltr'>illas</span> <span class='ocrx_word' id='word_1_103' title='bbox 1013 882 1205 932; x_wconf 78' lang='lat' dir='ltr'>argutias,</span> <span class='ocrx_word' id='word_1_104' title='bbox 1228 895 1332 932; x_wconf 90' lang='lat' dir='ltr'>quae</span> <span class='ocrx_word' id='word_1_105' title='bbox 1358 882 1491 932; x_wconf 89' lang='lat' dir='ltr'>magis</span> <span class='ocrx_word' id='word_1_106' title='bbox 1510 882 1560 920; x_wconf 91' lang='lat' dir='ltr'>ad</span> <span class='ocrx_word' id='word_1_107' title='bbox 1582 881 1716 920; x_wconf 83' lang='lat' dir='ltr'>rixam</span> <span class='ocrx_word' id='word_1_108' title='bbox 1735 882 1893 921; x_wconf 87' lang='lat' dir='ltr'>faciunt</span> 
     </span>
     <span class='ocr_line' id='line_1_13' title="bbox 297 947 1894 999; baseline -0.001 -12"><span class='ocrx_word' id='word_1_109' title='bbox 297 963 422 999; x_wconf 82' lang='lat' dir='ltr'>quam</span> <span class='ocrx_word' id='word_1_110' title='bbox 441 950 492 987; x_wconf 83' lang='lat' dir='ltr'>ad</span> <span class='ocrx_word' id='word_1_111' title='bbox 512 948 717 998; x_wconf 84' lang='lat' dir='ltr'>pietatem.</span> <span class='ocrx_word' id='word_1_112' title='bbox 777 948 831 985; x_wconf 86' lang='lat' dir='ltr'>Et</span> <span class='ocrx_word' id='word_1_113' title='bbox 851 950 991 986; x_wconf 83' lang='lat' dir='ltr'>tamen</span> <span class='ocrx_word' id='word_1_114' title='bbox 1019 961 1104 997; x_wconf 85' lang='lat' dir='ltr'>ego,</span> <span class='ocrx_word' id='word_1_115' title='bbox 1127 947 1237 997; x_wconf 90' lang='lat' dir='ltr'>quod</span> <span class='ocrx_word' id='word_1_116' title='bbox 1261 947 1306 985; x_wconf 88' lang='lat' dir='ltr'>in</span> <span class='ocrx_word' id='word_1_117' title='bbox 1333 960 1399 985; x_wconf 93' lang='lat' dir='ltr'>me</span> <span class='ocrx_word' id='word_1_118' title='bbox 1419 949 1493 996; x_wconf 90' lang='lat' dir='ltr'>est,</span> <span class='ocrx_word' id='word_1_119' title='bbox 1517 947 1680 996; x_wconf 88' lang='lat' dir='ltr'>cupiam</span> <span class='ocrx_word' id='word_1_120' title='bbox 1700 947 1894 986; x_wconf 90' lang='lat' dir='ltr'>omnibus</span> 
     </span>
    </p>

    <p class='ocr_par' dir='ltr' id='par_1_9' title="bbox 241 1013 797 1061">
     <span class='ocr_line' id='line_1_14' title="bbox 241 1013 797 1061; baseline 0 -11"><span class='ocrx_word' id='word_1_121' title='bbox 241 1030 280 1052; x_wconf 58' lang='lat'>20</span> <span class='ocrx_word' id='word_1_122' title='bbox 297 1014 586 1061; x_wconf 83' lang='lat' dir='ltr'>obsecundare,</span> <span class='ocrx_word' id='word_1_123' title='bbox 610 1014 646 1051; x_wconf 90' lang='lat' dir='ltr'>si</span> <span class='ocrx_word' id='word_1_124' title='bbox 666 1013 797 1052; x_wconf 84' lang='lat' dir='ltr'>liceat.</span> 
     </span>
    </p>

    <p class='ocr_par' dir='ltr' id='par_1_10' title="bbox 296 1077 1895 1324">
     <span class='ocr_line' id='line_1_15' title="bbox 352 1077 1893 1127; baseline -0.001 -9"><span class='ocrx_word' id='word_1_125' title='bbox 352 1080 548 1118; x_wconf 84' lang='lat' dir='ltr'>Studium</span> <span class='ocrx_word' id='word_1_126' title='bbox 577 1079 622 1116; x_wconf 91' lang='lat' dir='ltr'>in</span> <span class='ocrx_word' id='word_1_127' title='bbox 653 1091 719 1116; x_wconf 87' lang='lat' dir='ltr'>me</span> <span class='ocrx_word' id='word_1_128' title='bbox 750 1080 871 1116; x_wconf 84' lang='lat' dir='ltr'>tuum</span> <span class='ocrx_word' id='word_1_129' title='bbox 900 1078 1129 1127; x_wconf 83' lang='lat' dir='ltr'>amplector</span> <span class='ocrx_word' id='word_1_130' title='bbox 1155 1079 1194 1115; x_wconf 90' lang='lat' dir='ltr'>et</span> <span class='ocrx_word' id='word_1_131' title='bbox 1217 1090 1393 1126; x_wconf 89' lang='lat' dir='ltr'>agnosco</span> <span class='ocrx_word' id='word_1_132' title='bbox 1416 1077 1499 1115; x_wconf 89' lang='lat' dir='ltr'>iam</span> <span class='ocrx_word' id='word_1_133' title='bbox 1527 1077 1628 1115; x_wconf 90' lang='lat' dir='ltr'>olim</span> <span class='ocrx_word' id='word_1_134' title='bbox 1655 1077 1893 1127; x_wconf 88' lang='lat' dir='ltr'>cognitum:</span> 
     </span>
     <span class='ocr_line' id='line_1_16' title="bbox 296 1142 1891 1193; baseline -0.001 -10"><span class='ocrx_word' id='word_1_135' title='bbox 296 1158 443 1183; x_wconf 83' lang='lat' dir='ltr'>verum</span> <span class='ocrx_word' id='word_1_136' title='bbox 463 1157 513 1183; x_wconf 86' lang='lat' dir='ltr'>ex</span> <span class='ocrx_word' id='word_1_137' title='bbox 532 1144 616 1183; x_wconf 89' lang='lat' dir='ltr'>tuis</span> <span class='ocrx_word' id='word_1_138' title='bbox 635 1143 787 1182; x_wconf 87' lang='lat' dir='ltr'>litteris</span> <span class='ocrx_word' id='word_1_139' title='bbox 805 1143 925 1181; x_wconf 81' lang='lat' dir='ltr'>video</span> <span class='ocrx_word' id='word_1_140' title='bbox 945 1156 1070 1192; x_wconf 88' lang='lat' dir='ltr'>quam</span> <span class='ocrx_word' id='word_1_141' title='bbox 1089 1142 1197 1181; x_wconf 89' lang='grc'><strong>1111111</strong></span> <span class='ocrx_word' id='word_1_142' title='bbox 1220 1142 1327 1180; x_wconf 87' lang='grc'><strong>1111111</strong></span> <span class='ocrx_word' id='word_1_143' title='bbox 1346 1142 1503 1181; x_wconf 88' lang='lat' dir='ltr'>tribuas</span> <span class='ocrx_word' id='word_1_144' title='bbox 1523 1142 1567 1180; x_wconf 89' lang='lat' dir='ltr'>in</span> <span class='ocrx_word' id='word_1_145' title='bbox 1588 1157 1631 1180; x_wconf 91' lang='lat' dir='ltr'>re</span> <span class='ocrx_word' id='word_1_146' title='bbox 1651 1143 1891 1193; x_wconf 85' lang='lat' dir='ltr'>theologica,</span> 
     </span>
     <span class='ocr_line' id='line_1_17' title="bbox 296 1208 1895 1260; baseline 0.001 -14"><span class='ocrx_word' id='word_1_147' title='bbox 296 1210 367 1260; x_wconf 80' lang='lat' dir='ltr'>qui</span> <span class='ocrx_word' id='word_1_148' title='bbox 394 1223 442 1248; x_wconf 89' lang='lat' dir='ltr'>ea</span> <span class='ocrx_word' id='word_1_149' title='bbox 469 1212 531 1248; x_wconf 87' lang='lat' dir='ltr'>tot</span> <span class='ocrx_word' id='word_1_150' title='bbox 556 1209 694 1248; x_wconf 87' lang='lat' dir='ltr'>verbis</span> <span class='ocrx_word' id='word_1_151' title='bbox 722 1209 899 1247; x_wconf 80' lang='lat' dir='ltr'>disseras</span> <span class='ocrx_word' id='word_1_152' title='bbox 927 1208 972 1246; x_wconf 92' lang='lat' dir='ltr'>in</span> <span class='ocrx_word' id='word_1_153' title='bbox 1000 1208 1152 1246; x_wconf 85' lang='lat' dir='ltr'>litteris</span> <span class='ocrx_word' id='word_1_154' title='bbox 1178 1208 1263 1247; x_wconf 82' lang='lat' dir='ltr'>tuis</span> <span class='ocrx_word' id='word_1_155' title='bbox 1287 1221 1388 1258; x_wconf 89' lang='lat' dir='ltr'>quae</span> <span class='ocrx_word' id='word_1_156' title='bbox 1417 1222 1439 1246; x_wconf 92' lang='lat' dir='ltr'>a</span> <span class='ocrx_word' id='word_1_157' title='bbox 1469 1222 1536 1246; x_wconf 91' lang='lat' dir='ltr'>me</span> <span class='ocrx_word' id='word_1_158' title='bbox 1565 1210 1663 1247; x_wconf 90' lang='lat' dir='ltr'>sunt</span> <span class='ocrx_word' id='word_1_159' title='bbox 1693 1208 1895 1258; x_wconf 84' lang='lat' dir='ltr'>explicata</span> 
     </span>
     <span class='ocr_line' id='line_1_18' title="bbox 296 1273 1893 1324; baseline -0.001 -10"><span class='ocrx_word' id='word_1_160' title='bbox 296 1276 341 1314; x_wconf 91' lang='lat' dir='ltr'>in</span> <span class='ocrx_word' id='word_1_161' title='bbox 367 1289 460 1314; x_wconf 90' lang='lat' dir='ltr'>meo</span> <span class='ocrx_word' id='word_1_162' title='bbox 487 1275 639 1313; x_wconf 88' lang='lat' dir='ltr'>libello.</span> <span class='ocrx_word' id='word_1_163' title='bbox 699 1274 893 1313; x_wconf 79' lang='lat' dir='ltr'>Miseram</span> <span class='ocrx_word' id='word_1_164' title='bbox 920 1273 1140 1312; x_wconf 82' lang='lat' dir='ltr'>Schurerio</span> <span class='ocrx_word' id='word_1_165' title='bbox 1166 1273 1376 1323; x_wconf 83' lang='lat' dir='ltr'>exemplar</span> <span class='ocrx_word' id='word_1_166' title='bbox 1396 1273 1620 1324; x_wconf 89' lang='lat' dir='ltr'>Apologiae</span> <span class='ocrx_word' id='word_1_167' title='bbox 1646 1273 1893 1324; x_wconf 89' lang='lat' dir='ltr'>castigatum</span> 
     </span>
    </p>

    <p class='ocr_par' dir='ltr' id='par_1_11' title="bbox 240 1338 1893 1585">
     <span class='ocr_line' id='line_1_19' title="bbox 240 1338 1890 1391; baseline -0.001 -12"><span class='ocrx_word' id='word_1_168' title='bbox 240 1358 277 1390; x_wconf 84' lang='lat'>²5</span> <span class='ocrx_word' id='word_1_169' title='bbox 296 1343 517 1391; x_wconf 76' lang='lat' dir='ltr'>antequam</span> <span class='ocrx_word' id='word_1_170' title='bbox 540 1343 635 1379; x_wconf 85' lang='lat' dir='ltr'>tuae</span> <span class='ocrx_word' id='word_1_171' title='bbox 655 1340 817 1378; x_wconf 88' lang='lat' dir='ltr'>litterae</span> <span class='ocrx_word' id='word_1_172' title='bbox 843 1339 949 1377; x_wconf 90' lang='lat' dir='ltr'>mihi</span> <span class='ocrx_word' id='word_1_173' title='bbox 975 1339 1256 1378; x_wconf 77' lang='lat' dir='ltr'>redderentur.</span> <span class='ocrx_word' id='word_1_174' title='bbox 1314 1340 1375 1377; x_wconf 92' lang='lat' dir='ltr'>De</span> <span class='ocrx_word' id='word_1_175' title='bbox 1394 1339 1597 1388; x_wconf 88' lang='lat' dir='ltr'>Epistolis</span> <span class='ocrx_word' id='word_1_176' title='bbox 1623 1338 1746 1377; x_wconf 89' lang='lat' dir='ltr'>editis</span> <span class='ocrx_word' id='word_1_177' title='bbox 1772 1339 1890 1389; x_wconf 80' lang='lat' dir='ltr'>nihil,</span> 
     </span>
     <span class='ocr_line' id='line_1_20' title="bbox 297 1404 1893 1456; baseline 0 -12"><span class='ocrx_word' id='word_1_178' title='bbox 297 1406 451 1456; x_wconf 86' lang='lat' dir='ltr'>opinor,</span> <span class='ocrx_word' id='word_1_179' title='bbox 485 1407 593 1456; x_wconf 90' lang='lat' dir='ltr'>quod</span> <span class='ocrx_word' id='word_1_180' title='bbox 624 1407 719 1444; x_wconf 88' lang='lat' dir='ltr'>tuae</span> <span class='ocrx_word' id='word_1_181' title='bbox 747 1405 896 1443; x_wconf 84' lang='lat' dir='ltr'>officiat</span> <span class='ocrx_word' id='word_1_182' title='bbox 923 1404 1080 1452; x_wconf 81' lang='lat' dir='ltr'>famae;</span> <span class='ocrx_word' id='word_1_183' title='bbox 1120 1404 1286 1443; x_wconf 88' lang='lat' dir='ltr'>etiamsi</span> <span class='ocrx_word' id='word_1_184' title='bbox 1315 1405 1356 1442; x_wconf 88' lang='lat' dir='ltr'>id</span> <span class='ocrx_word' id='word_1_185' title='bbox 1386 1405 1538 1443; x_wconf 90' lang='lat' dir='ltr'>Petrus</span> <span class='ocrx_word' id='word_1_186' title='bbox 1567 1404 1767 1454; x_wconf 89' lang='lat' dir='ltr'>Aegidius</span> <span class='ocrx_word' id='word_1_187' title='bbox 1795 1405 1893 1444; x_wconf 78' lang='lat' dir='ltr'>fecit</span> 
     </span>
     <span class='ocr_line' id='line_1_21' title="bbox 295 1469 1891 1520; baseline 0 -11"><span class='ocrx_word' id='word_1_188' title='bbox 295 1472 453 1509; x_wconf 88' lang='lat' dir='ltr'>interea</span> <span class='ocrx_word' id='word_1_189' title='bbox 473 1471 573 1509; x_wconf 88' lang='lat' dir='ltr'>dum</span> <span class='ocrx_word' id='word_1_190' title='bbox 593 1485 668 1520; x_wconf 81' lang='lat' dir='ltr'>ego</span> <span class='ocrx_word' id='word_1_191' title='bbox 684 1471 793 1520; x_wconf 88' lang='lat' dir='ltr'>apud</span> <span class='ocrx_word' id='word_1_192' title='bbox 809 1469 972 1519; x_wconf 90' lang='lat' dir='ltr'>Anglos</span> <span class='ocrx_word' id='word_1_193' title='bbox 991 1469 1215 1507; x_wconf 89' lang='lat' dir='ltr'>salutarem</span> <span class='ocrx_word' id='word_1_194' title='bbox 1234 1469 1494 1508; x_wconf 86' lang='lat' dir='ltr'>Moecenates</span> <span class='ocrx_word' id='word_1_195' title='bbox 1514 1483 1638 1508; x_wconf 86' lang='grc'><strong>111605.</strong></span> <span class='ocrx_word' id='word_1_196' title='bbox 1689 1469 1891 1520; x_wconf 86' lang='lat' dir='ltr'>Equidem</span> 
     </span>
     <span class='ocr_line' id='line_1_22' title="bbox 296 1535 1497 1585; baseline -0.002 -11"><span class='ocrx_word' id='word_1_197' title='bbox 296 1536 427 1574; x_wconf 88' lang='lat' dir='ltr'>nolim</span> <span class='ocrx_word' id='word_1_198' title='bbox 447 1536 590 1584; x_wconf 86' lang='lat' dir='ltr'>editas,</span> <span class='ocrx_word' id='word_1_199' title='bbox 614 1536 686 1574; x_wconf 91' lang='lat' dir='ltr'>sed</span> <span class='ocrx_word' id='word_1_200' title='bbox 707 1535 926 1573; x_wconf 87' lang='lat' dir='ltr'>ferendum</span> <span class='ocrx_word' id='word_1_201' title='bbox 946 1535 1051 1585; x_wconf 86' lang='lat' dir='ltr'>quod</span> <span class='ocrx_word' id='word_1_202' title='bbox 1073 1535 1227 1573; x_wconf 81' lang='lat' dir='ltr'>mutari</span> <span class='ocrx_word' id='word_1_203' title='bbox 1247 1548 1330 1572; x_wconf 89' lang='grc'><strong>11011</strong></span> <span class='ocrx_word' id='word_1_204' title='bbox 1350 1536 1497 1584; x_wconf 89' lang='lat' dir='ltr'>potest.</span> 
     </span>
    </p>

    <p class='ocr_par' dir='ltr' id='par_1_12' title="bbox 349 1599 1889 1649">
     <span class='ocr_line' id='line_1_23' title="bbox 349 1599 1889 1649; baseline -0.001 -9"><span class='ocrx_word' id='word_1_205' title='bbox 349 1602 481 1640; x_wconf 90' lang='lat' dir='ltr'>Video</span> <span class='ocrx_word' id='word_1_206' title='bbox 500 1602 542 1639; x_wconf 88' lang='lat' dir='ltr'>te</span> <span class='ocrx_word' id='word_1_207' title='bbox 564 1600 696 1639; x_wconf 86' lang='lat' dir='ltr'>Fabro</span> <span class='ocrx_word' id='word_1_208' title='bbox 715 1600 986 1638; x_wconf 82' lang='lat' dir='ltr'>vehementer</span> <span class='ocrx_word' id='word_1_209' title='bbox 1014 1613 1191 1649; x_wconf 89' lang='lat' dir='ltr'>aequum</span> <span class='ocrx_word' id='word_1_210' title='bbox 1219 1613 1317 1647; x_wconf 85' lang='lat' dir='ltr'>esse,</span> <span class='ocrx_word' id='word_1_211' title='bbox 1341 1600 1411 1649; x_wconf 91' lang='lat' dir='ltr'>qui</span> <span class='ocrx_word' id='word_1_212' title='bbox 1440 1613 1507 1638; x_wconf 91' lang='lat' dir='ltr'>me</span> <span class='ocrx_word' id='word_1_213' title='bbox 1534 1599 1644 1638; x_wconf 81' lang='lat' dir='ltr'>dicas</span> <span class='ocrx_word' id='word_1_214' title='bbox 1669 1599 1889 1639; x_wconf 89' lang='lat' dir='ltr'>indulsisse</span> 
     </span>
    </p>

    <p class='ocr_par' dir='ltr' id='par_1_13' title="bbox 236 1664 1891 1977">
     <span class='ocr_line' id='line_1_24' title="bbox 236 1664 1891 1713; baseline 0.001 -10"><span class='ocrx_word' id='word_1_215' title='bbox 236 1682 278 1713; x_wconf 80' lang='lat'>30</span> <span class='ocrx_word' id='word_1_216' title='bbox 295 1667 381 1705; x_wconf 81' lang='lat' dir='ltr'>bili.</span> <span class='ocrx_word' id='word_1_217' title='bbox 442 1666 637 1704; x_wconf 89' lang='lat' dir='ltr'>Primum</span> <span class='ocrx_word' id='word_1_218' title='bbox 665 1666 806 1704; x_wconf 89' lang='lat' dir='ltr'>fateris</span> <span class='ocrx_word' id='word_1_219' title='bbox 835 1664 901 1702; x_wconf 89' lang='lat' dir='ltr'>illi</span> <span class='ocrx_word' id='word_1_220' title='bbox 928 1664 1087 1703; x_wconf 86' lang='lat' dir='ltr'>nullam</span> <span class='ocrx_word' id='word_1_221' title='bbox 1116 1664 1243 1702; x_wconf 86' lang='lat' dir='ltr'>fuisse</span> <span class='ocrx_word' id='word_1_222' title='bbox 1271 1677 1436 1703; x_wconf 87' lang='lat' dir='ltr'>causam</span> <span class='ocrx_word' id='word_1_223' title='bbox 1465 1665 1698 1703; x_wconf 87' lang='lat' dir='ltr'>incessendi</span> <span class='ocrx_word' id='word_1_224' title='bbox 1725 1666 1820 1713; x_wconf 88' lang='lat' dir='ltr'>mei,</span> <span class='ocrx_word' id='word_1_225' title='bbox 1849 1668 1891 1704; x_wconf 90' lang='lat' dir='ltr'>et</span> 
     </span>
     <span class='ocr_line' id='line_1_25' title="bbox 295 1729 1891 1780; baseline 0 -10"><span class='ocrx_word' id='word_1_226' title='bbox 295 1735 434 1770; x_wconf 80' lang='lat' dir='ltr'>tamen</span> <span class='ocrx_word' id='word_1_227' title='bbox 464 1732 569 1778; x_wconf 83' lang='lat' dir='ltr'>vide,</span> <span class='ocrx_word' id='word_1_228' title='bbox 600 1732 641 1769; x_wconf 90' lang='lat' dir='ltr'>te</span> <span class='ocrx_word' id='word_1_229' title='bbox 670 1744 781 1780; x_wconf 85' lang='lat' dir='ltr'>rogo,</span> <span class='ocrx_word' id='word_1_230' title='bbox 815 1743 939 1780; x_wconf 90' lang='lat' dir='ltr'>quam</span> <span class='ocrx_word' id='word_1_231' title='bbox 969 1729 1107 1768; x_wconf 84' lang='lat' dir='ltr'>odiosa</span> <span class='ocrx_word' id='word_1_232' title='bbox 1137 1729 1182 1767; x_wconf 87' lang='lat' dir='ltr'>in</span> <span class='ocrx_word' id='word_1_233' title='bbox 1214 1742 1281 1767; x_wconf 90' lang='lat' dir='ltr'>me</span> <span class='ocrx_word' id='word_1_234' title='bbox 1311 1729 1435 1767; x_wconf 91' lang='lat' dir='ltr'>toties</span> <span class='ocrx_word' id='word_1_235' title='bbox 1465 1730 1681 1780; x_wconf 84' lang='lat' dir='ltr'>impingat.</span> <span class='ocrx_word' id='word_1_236' title='bbox 1743 1731 1891 1770; x_wconf 84' lang='lat' dir='ltr'>Confer</span> 
     </span>
     <span class='ocr_line' id='line_1_26' title="bbox 296 1794 1890 1846; baseline 0 -11"><span class='ocrx_word' id='word_1_237' title='bbox 296 1811 405 1835; x_wconf 91' lang='lat' dir='ltr'>nunc</span> <span class='ocrx_word' id='word_1_238' title='bbox 432 1798 586 1846; x_wconf 87' lang='lat' dir='ltr'>quanto</span> <span class='ocrx_word' id='word_1_239' title='bbox 617 1796 846 1834; x_wconf 87' lang='lat' dir='ltr'>modestius</span> <span class='ocrx_word' id='word_1_240' title='bbox 877 1808 949 1844; x_wconf 92' lang='lat' dir='ltr'>ego</span> <span class='ocrx_word' id='word_1_241' title='bbox 974 1794 1085 1833; x_wconf 89' lang='lat' dir='ltr'>lesus</span> <span class='ocrx_word' id='word_1_242' title='bbox 1114 1795 1399 1845; x_wconf 87' lang='lat' dir='ltr'>responderim</span> <span class='ocrx_word' id='word_1_243' title='bbox 1419 1808 1543 1845; x_wconf 86' lang='lat' dir='ltr'>quam</span> <span class='ocrx_word' id='word_1_244' title='bbox 1567 1795 1638 1833; x_wconf 91' lang='lat' dir='ltr'>ille</span> <span class='ocrx_word' id='word_1_245' title='bbox 1667 1810 1751 1834; x_wconf 90' lang='lat' dir='ltr'>non</span> <span class='ocrx_word' id='word_1_246' title='bbox 1780 1797 1890 1835; x_wconf 84' lang='lat' dir='ltr'>lesus</span> 
     </span>
     <span class='ocr_line' id='line_1_27' title="bbox 295 1860 1889 1912; baseline 0.001 -13"><span class='ocrx_word' id='word_1_247' title='bbox 295 1861 545 1912; x_wconf 88' lang='lat' dir='ltr'>impetierit:</span> <span class='ocrx_word' id='word_1_248' title='bbox 577 1861 658 1900; x_wconf 88' lang='lat' dir='ltr'>nisi</span> <span class='ocrx_word' id='word_1_249' title='bbox 673 1862 799 1899; x_wconf 87' lang='lat' dir='ltr'>bilem</span> <span class='ocrx_word' id='word_1_250' title='bbox 812 1873 933 1899; x_wconf 89' lang='lat' dir='ltr'>vocas</span> <span class='ocrx_word' id='word_1_251' title='bbox 947 1860 1119 1898; x_wconf 89' lang='lat' dir='ltr'>omnino</span> <span class='ocrx_word' id='word_1_252' title='bbox 1132 1860 1388 1910; x_wconf 87' lang='lat' dir='ltr'>respondere.</span> <span class='ocrx_word' id='word_1_253' title='bbox 1439 1861 1551 1899; x_wconf 91' lang='lat' dir='ltr'>Amo</span> <span class='ocrx_word' id='word_1_254' title='bbox 1567 1861 1750 1899; x_wconf 86' lang='lat' dir='ltr'>Fabrum</span> <span class='ocrx_word' id='word_1_255' title='bbox 1765 1863 1806 1900; x_wconf 90' lang='lat' dir='ltr'>et</span> <span class='ocrx_word' id='word_1_256' title='bbox 1822 1862 1889 1901; x_wconf 88' lang='lat' dir='ltr'>odi</span> 
     </span>
     <span class='ocr_line' id='line_1_28' title="bbox 295 1925 1888 1977; baseline 0.001 -13"><span class='ocrx_word' id='word_1_257' title='bbox 295 1940 431 1965; x_wconf 86' lang='lat' dir='ltr'>meam</span> <span class='ocrx_word' id='word_1_258' title='bbox 452 1926 713 1977; x_wconf 86' lang='lat' dir='ltr'>Apologiam,</span> <span class='ocrx_word' id='word_1_259' title='bbox 743 1927 826 1965; x_wconf 91' lang='lat' dir='ltr'>imo</span> <span class='ocrx_word' id='word_1_260' title='bbox 855 1926 1145 1964; x_wconf 88' lang='lat' dir='ltr'>necessitatem</span> <span class='ocrx_word' id='word_1_261' title='bbox 1171 1939 1273 1975; x_wconf 88' lang='lat' dir='ltr'>quae</span> <span class='ocrx_word' id='word_1_262' title='bbox 1301 1925 1381 1964; x_wconf 91' lang='lat' dir='ltr'>huc</span> <span class='ocrx_word' id='word_1_263' title='bbox 1410 1926 1557 1975; x_wconf 86' lang='lat' dir='ltr'>adegit.</span> <span class='ocrx_word' id='word_1_264' title='bbox 1615 1926 1773 1965; x_wconf 90' lang='lat' dir='ltr'>Verum</span> <span class='ocrx_word' id='word_1_265' title='bbox 1801 1927 1888 1977; x_wconf 90' lang='lat' dir='ltr'>ipse</span> 
     </span>
    </p>

    <p class='ocr_par' dir='ltr' id='par_1_14' title="bbox 234 1990 1887 2302">
     <span class='ocr_line' id='line_1_29' title="bbox 234 1990 1887 2042; baseline 0.001 -12"><span class='ocrx_word' id='word_1_266' title='bbox 234 2006 273 2037; x_wconf 80' lang='lat'>35</span> <span class='ocrx_word' id='word_1_267' title='bbox 294 2006 440 2042; x_wconf 88' lang='lat' dir='ltr'>parum</span> <span class='ocrx_word' id='word_1_268' title='bbox 461 1992 671 2031; x_wconf 86' lang='lat' dir='ltr'>consuluit</span> <span class='ocrx_word' id='word_1_269' title='bbox 692 1991 878 2042; x_wconf 91' lang='lat' dir='ltr'>opinioni</span> <span class='ocrx_word' id='word_1_270' title='bbox 903 1990 1103 2040; x_wconf 87' lang='lat' dir='ltr'>candoris,</span> <span class='ocrx_word' id='word_1_271' title='bbox 1125 2005 1206 2040; x_wconf 92' lang='lat' dir='ltr'>quo</span> <span class='ocrx_word' id='word_1_272' title='bbox 1225 1990 1422 2029; x_wconf 85' lang='lat' dir='ltr'>hactenus</span> <span class='ocrx_word' id='word_1_273' title='bbox 1447 1990 1663 2041; x_wconf 85' lang='lat' dir='ltr'>praecipue</span> <span class='ocrx_word' id='word_1_274' title='bbox 1685 1991 1763 2031; x_wconf 85' lang='lat' dir='ltr'>fuit</span> <span class='ocrx_word' id='word_1_275' title='bbox 1783 2005 1887 2031; x_wconf 91' lang='lat' dir='ltr'>com-</span> 
     </span>
     <span class='ocr_line' id='line_1_30' title="bbox 294 2056 1886 2107; baseline 0.001 -12"><span class='ocrx_word' id='word_1_276' title='bbox 294 2058 523 2097; x_wconf 85' lang='lat' dir='ltr'>mendatus.</span> <span class='ocrx_word' id='word_1_277' title='bbox 583 2057 766 2095; x_wconf 87' lang='lat' dir='ltr'>Proinde</span> <span class='ocrx_word' id='word_1_278' title='bbox 791 2070 877 2095; x_wconf 92' lang='lat' dir='ltr'>non</span> <span class='ocrx_word' id='word_1_279' title='bbox 895 2056 1035 2096; x_wconf 90' lang='lat' dir='ltr'>visum</span> <span class='ocrx_word' id='word_1_280' title='bbox 1061 2056 1189 2094; x_wconf 88' lang='lat' dir='ltr'>estin</span> <span class='ocrx_word' id='word_1_281' title='bbox 1215 2069 1261 2094; x_wconf 85' lang='lat' dir='ltr'>ea</span> <span class='ocrx_word' id='word_1_282' title='bbox 1286 2069 1329 2094; x_wconf 90' lang='lat' dir='ltr'>re</span> <span class='ocrx_word' id='word_1_283' title='bbox 1355 2056 1540 2094; x_wconf 88' lang='lat' dir='ltr'>multum</span> <span class='ocrx_word' id='word_1_284' title='bbox 1560 2069 1703 2106; x_wconf 87' lang='lat' dir='ltr'>operae</span> <span class='ocrx_word' id='word_1_285' title='bbox 1722 2071 1886 2107; x_wconf 89' lang='lat' dir='ltr'>ponere.</span> 
     </span>
     <span class='ocr_line' id='line_1_31' title="bbox 294 2121 1886 2173; baseline 0.001 -13"><span class='ocrx_word' id='word_1_286' title='bbox 294 2123 387 2161; x_wconf 92' lang='lat' dir='ltr'>Non</span> <span class='ocrx_word' id='word_1_287' title='bbox 417 2123 531 2160; x_wconf 88' lang='lat' dir='ltr'>enim</span> <span class='ocrx_word' id='word_1_288' title='bbox 560 2123 721 2172; x_wconf 90' lang='lat' dir='ltr'>suscepi</span> <span class='ocrx_word' id='word_1_289' title='bbox 750 2122 1048 2172; x_wconf 88' lang='lat' dir='ltr'>disputandum</span> <span class='ocrx_word' id='word_1_290' title='bbox 1067 2123 1160 2160; x_wconf 87' lang='lat' dir='ltr'>vtra</span> <span class='ocrx_word' id='word_1_291' title='bbox 1187 2121 1309 2160; x_wconf 93' lang='lat' dir='ltr'>lectio</span> <span class='ocrx_word' id='word_1_292' title='bbox 1338 2121 1392 2159; x_wconf 91' lang='lat' dir='ltr'>sit</span> <span class='ocrx_word' id='word_1_293' title='bbox 1421 2121 1579 2170; x_wconf 87' lang='lat' dir='ltr'>melior,</span> <span class='ocrx_word' id='word_1_294' title='bbox 1603 2124 1674 2160; x_wconf 89' lang='lat' dir='ltr'>aut</span> <span class='ocrx_word' id='word_1_295' title='bbox 1693 2122 1886 2173; x_wconf 89' lang='lat' dir='ltr'>quicquid</span> 
     </span>
     <span class='ocr_line' id='line_1_32' title="bbox 293 2186 1885 2237; baseline 0.001 -12"><span class='ocrx_word' id='word_1_296' title='bbox 293 2187 343 2225; x_wconf 87' lang='lat' dir='ltr'>ad</span> <span class='ocrx_word' id='word_1_297' title='bbox 373 2188 529 2227; x_wconf 86' lang='lat' dir='ltr'>Christi</span> <span class='ocrx_word' id='word_1_298' title='bbox 557 2187 801 2237; x_wconf 86' lang='lat' dir='ltr'>hypostasin</span> <span class='ocrx_word' id='word_1_299' title='bbox 835 2187 996 2225; x_wconf 85' lang='lat' dir='ltr'>attinet.</span> <span class='ocrx_word' id='word_1_300' title='bbox 1056 2187 1236 2225; x_wconf 84' lang='lat' dir='ltr'>Tantum</span> <span class='ocrx_word' id='word_1_301' title='bbox 1266 2186 1425 2237; x_wconf 91' lang='lat' dir='ltr'>depello</span> <span class='ocrx_word' id='word_1_302' title='bbox 1454 2187 1611 2225; x_wconf 79' lang='lat' dir='ltr'>crimen</span> <span class='ocrx_word' id='word_1_303' title='bbox 1644 2187 1885 2237; x_wconf 89' lang='lat' dir='ltr'>impietatis,</span> 
     </span>
     <span class='ocr_line' id='line_1_33' title="bbox 292 2252 1886 2302; baseline 0.001 -12"><span class='ocrx_word' id='word_1_304' title='bbox 292 2253 486 2301; x_wconf 87' lang='lat' dir='ltr'>insaniae,</span> <span class='ocrx_word' id='word_1_305' title='bbox 520 2253 736 2299; x_wconf 84' lang='lat' dir='ltr'>stulticiae,</span> <span class='ocrx_word' id='word_1_306' title='bbox 766 2252 1035 2300; x_wconf 89' lang='lat' dir='ltr'>delirationis,</span> <span class='ocrx_word' id='word_1_307' title='bbox 1070 2265 1172 2302; x_wconf 85' lang='lat' dir='ltr'>quae</span> <span class='ocrx_word' id='word_1_308' title='bbox 1198 2252 1271 2291; x_wconf 89' lang='lat' dir='ltr'>ille</span> <span class='ocrx_word' id='word_1_309' title='bbox 1299 2253 1387 2290; x_wconf 91' lang='lat' dir='ltr'>tota</span> <span class='ocrx_word' id='word_1_310' title='bbox 1414 2252 1693 2302; x_wconf 87' lang='lat' dir='ltr'>disputatione</span> <span class='ocrx_word' id='word_1_311' title='bbox 1722 2252 1886 2292; x_wconf 86' lang='lat' dir='ltr'>odiosis-</span> 
     </span>
    </p>

    <p class='ocr_par' dir='ltr' id='par_1_15' title="bbox 233 2317 1879 2433">
     <span class='ocr_line' id='line_1_34' title="bbox 233 2317 1879 2368; baseline 0 -12"><span class='ocrx_word' id='word_1_312' title='bbox 233 2330 275 2362; x_wconf 82' lang='lat'>40</span> <span class='ocrx_word' id='word_1_313' title='bbox 292 2318 395 2356; x_wconf 90' lang='lat' dir='ltr'>sime</span> <span class='ocrx_word' id='word_1_314' title='bbox 423 2318 631 2368; x_wconf 89' lang='lat' dir='ltr'>impingit,</span> <span class='ocrx_word' id='word_1_315' title='bbox 653 2319 753 2357; x_wconf 88' lang='lat' dir='ltr'>adeo</span> <span class='ocrx_word' id='word_1_316' title='bbox 772 2320 818 2357; x_wconf 88' lang='lat' dir='ltr'>vt</span> <span class='ocrx_word' id='word_1_317' title='bbox 840 2318 1044 2356; x_wconf 86' lang='lat' dir='ltr'>mirentur</span> <span class='ocrx_word' id='word_1_318' title='bbox 1067 2318 1194 2356; x_wconf 89' lang='lat' dir='ltr'>etiam</span> <span class='ocrx_word' id='word_1_319' title='bbox 1221 2318 1252 2356; x_wconf 89' lang='lat' dir='ltr'>ii</span> <span class='ocrx_word' id='word_1_320' title='bbox 1271 2318 1343 2368; x_wconf 92' lang='lat' dir='ltr'>qui</span> <span class='ocrx_word' id='word_1_321' title='bbox 1363 2317 1496 2356; x_wconf 87' lang='lat' dir='ltr'>Fabro</span> <span class='ocrx_word' id='word_1_322' title='bbox 1521 2317 1702 2356; x_wconf 81' lang='lat' dir='ltr'>maxime</span> <span class='ocrx_word' id='word_1_323' title='bbox 1725 2318 1879 2357; x_wconf 85' lang='lat' dir='ltr'>fauent.</span> 
     </span>
     <span class='ocr_line' id='line_1_35' title="bbox 293 2382 1764 2433; baseline -0.001 -12"><span class='ocrx_word' id='word_1_324' title='bbox 293 2383 405 2421; x_wconf 87' lang='lat' dir='ltr'>Bene</span> <span class='ocrx_word' id='word_1_325' title='bbox 424 2383 527 2431; x_wconf 84' lang='lat' dir='ltr'>vale,</span> <span class='ocrx_word' id='word_1_326' title='bbox 553 2383 791 2422; x_wconf 87' lang='lat' dir='ltr'>doctissime</span> <span class='ocrx_word' id='word_1_327' title='bbox 811 2384 927 2432; x_wconf 88' lang='lat' dir='ltr'>Bere,</span> <span class='ocrx_word' id='word_1_328' title='bbox 951 2396 1107 2433; x_wconf 89' lang='lat' dir='ltr'>nosque</span> <span class='ocrx_word' id='word_1_329' title='bbox 1127 2383 1248 2421; x_wconf 88' lang='lat' dir='ltr'>solito</span> <span class='ocrx_word' id='word_1_330' title='bbox 1267 2382 1406 2421; x_wconf 89' lang='lat' dir='ltr'>studio</span> <span class='ocrx_word' id='word_1_331' title='bbox 1425 2383 1616 2433; x_wconf 87' lang='lat' dir='ltr'>prosequi</span> <span class='ocrx_word' id='word_1_332' title='bbox 1633 2395 1764 2433; x_wconf 89' lang='lat' dir='ltr'>perge.</span> 
     </span>
    </p>

    <p class='ocr_par' dir='ltr' id='par_1_16' title="bbox 345 2448 1214 2496">
     <span class='ocr_line' id='line_1_36' title="bbox 345 2448 1214 2496; baseline 0.002 -10"><span class='ocrx_word' id='word_1_333' title='bbox 345 2448 521 2486; x_wconf 89' lang='lat' dir='ltr'>Louanii</span> <span class='ocrx_word' id='word_1_334' title='bbox 541 2448 680 2487; x_wconf 89' lang='lat' dir='ltr'>Natali</span> <span class='ocrx_word' id='word_1_335' title='bbox 701 2448 877 2487; x_wconf 89' lang='lat' dir='ltr'>Nicolai.</span> <span class='ocrx_word' id='word_1_336' title='bbox 933 2450 1015 2487; x_wconf 90' lang='lat' dir='ltr'>An.</span> <span class='ocrx_word' id='word_1_337' title='bbox 1039 2461 1128 2486; x_wconf 84' lang='lat' dir='ltr'>M.D.</span> <span class='ocrx_word' id='word_1_338' title='bbox 1154 2459 1214 2496; x_wconf 88' lang='lat'>17.</span> 
     </span>
    </p>
   </div>
   <div class='ocr_carea' id='block_1_3' title="bbox 292 2540 1880 2756">
    <p class='ocr_par' dir='ltr' id='par_1_17' title="bbox 292 2540 1878 2624">
     <span class='ocr_line' id='line_1_37' title="bbox 340 2540 1878 2580; baseline 0.001 -11"><span class='ocrx_word' id='word_1_339' title='bbox 340 2550 387 2571; x_wconf 89' lang='lat'>10.</span> <span class='ocrx_word' id='word_1_340' title='bbox 414 2541 466 2570; x_wconf 83' lang='lat' dir='ltr'>ais</span> <span class='ocrx_word' id='word_1_341' title='bbox 481 2542 602 2580; x_wconf 78' lang='lat' dir='ltr'>scripsi,</span> <span class='ocrx_word' id='word_1_342' title='bbox 621 2542 657 2577; x_wconf 86' lang='lat' dir='ltr'>cf.</span> <span class='ocrx_word' id='word_1_343' title='bbox 676 2543 735 2578; x_wconf 80' lang='lat' dir='ltr'>Ep.</span> <span class='ocrx_word' id='word_1_344' title='bbox 756 2550 826 2580; x_wconf 86' lang='lat'>731.</span> <span class='ocrx_word' id='word_1_345' title='bbox 846 2542 885 2575; x_wconf 87' lang='lat'>6;</span> <span class='ocrx_word' id='word_1_346' title='bbox 908 2540 963 2570; x_wconf 82' lang='lat' dir='ltr'>aio</span> <span class='ocrx_word' id='word_1_347' title='bbox 980 2542 1051 2570; x_wconf 82' lang='lat' dir='ltr'>MS.</span> <span class='ocrx_word' id='word_1_348' title='bbox 1240 2542 1288 2572; x_wconf 88' lang='lat'>16.</span> <span class='ocrx_word' id='word_1_349' title='bbox 1313 2540 1573 2571; x_wconf 86' lang='lat' dir='ltr'>Parisiensium</span> <span class='ocrx_word' id='word_1_350' title='bbox 1589 2543 1652 2578; x_wconf 86' lang='lat' dir='ltr'>LB,</span> <span class='ocrx_word' id='word_1_351' title='bbox 1673 2542 1708 2577; x_wconf 69' lang='lat' dir='ltr'>(ff.</span> <span class='ocrx_word' id='word_1_352' title='bbox 1726 2543 1786 2578; x_wconf 69' lang='grc' dir='ltr'>ΕΡ.</span> <span class='ocrx_word' id='word_1_353' title='bbox 1808 2550 1878 2580; x_wconf 87' lang='lat'>731.</span> 
     </span>
     <span class='ocr_line' id='line_1_38' title="bbox 292 2584 1294 2624; baseline 0.001 -11"><span class='ocrx_word' id='word_1_354' title='bbox 292 2594 333 2622; x_wconf 79' lang='lat'>23</span> <span class='ocrx_word' id='word_1_355' title='bbox 350 2596 356 2614; x_wconf 88' lang='lat'>:</span> <span class='ocrx_word' id='word_1_356' title='bbox 382 2584 609 2614; x_wconf 88' lang='lat' dir='ltr'>Pariensium</span> <span class='ocrx_word' id='word_1_357' title='bbox 626 2587 695 2615; x_wconf 80' lang='lat' dir='ltr'>MS.</span> <span class='ocrx_word' id='word_1_358' title='bbox 836 2594 885 2622; x_wconf 88' lang='lat'>19.</span> <span class='ocrx_word' id='word_1_359' title='bbox 911 2594 973 2624; x_wconf 87' lang='lat' dir='ltr'>ego</span> <span class='ocrx_word' id='word_1_360' title='bbox 988 2586 1101 2620; x_wconf 75' lang='lat' dir='ltr'>scripsi</span> <span class='ocrx_word' id='word_1_361' title='bbox 1116 2595 1121 2615; x_wconf 91' lang='lat'>:</span> <span class='ocrx_word' id='word_1_362' title='bbox 1147 2593 1209 2623; x_wconf 83' lang='lat' dir='ltr'>ago</span> <span class='ocrx_word' id='word_1_363' title='bbox 1224 2586 1294 2614; x_wconf 82' lang='lat' dir='ltr'>MS.</span> 
     </span>
    </p>

    <p class='ocr_par' dir='ltr' id='par_1_18' title="bbox 338 2670 1880 2712">
     <span class='ocr_line' id='line_1_39' title="bbox 338 2670 1880 2712; baseline 0.001 -9"><span class='ocrx_word' id='word_1_364' title='bbox 338 2683 387 2703; x_wconf 89' lang='lat'>10.</span> <span class='ocrx_word' id='word_1_365' title='bbox 413 2671 660 2712; x_wconf 84' lang='lat' dir='ltr'>hypostaseos]</span> <span class='ocrx_word' id='word_1_366' title='bbox 681 2671 733 2704; x_wconf 82' lang='lat' dir='ltr'>Cf.</span> <span class='ocrx_word' id='word_1_367' title='bbox 752 2672 816 2711; x_wconf 88' lang='lat' dir='ltr'>Ep.</span> <span class='ocrx_word' id='word_1_368' title='bbox 836 2681 907 2710; x_wconf 85' lang='lat'>731.</span> <span class='ocrx_word' id='word_1_369' title='bbox 927 2681 976 2710; x_wconf 87' lang='lat'>19.</span> <span class='ocrx_word' id='word_1_370' title='bbox 1164 2680 1216 2709; x_wconf 85' lang='lat'>25.</span> <span class='ocrx_word' id='word_1_371' title='bbox 1243 2670 1430 2710; x_wconf 87' lang='lat' dir='ltr'>Epistolis]</span> <span class='ocrx_word' id='word_1_372' title='bbox 1457 2670 1507 2703; x_wconf 51' lang='grc' dir='ltr'>Οἱ.</span> <span class='ocrx_word' id='word_1_373' title='bbox 1569 2672 1682 2703; x_wconf 85' lang='lat' dir='ltr'>There</span> <span class='ocrx_word' id='word_1_374' title='bbox 1716 2683 1788 2704; x_wconf 87' lang='lat' dir='ltr'>was</span> <span class='ocrx_word' id='word_1_375' title='bbox 1819 2683 1880 2704; x_wconf 89' lang='lat' dir='ltr'>no-</span> 
     </span>
    </p>

    <p class='ocr_par' dir='ltr' id='par_1_19' title="bbox 339 2714 1879 2756">
     <span class='ocr_line' id='line_1_40' title="bbox 339 2714 1879 2756; baseline 0.002 -11"><span class='ocrx_word' id='word_1_376' title='bbox 339 2726 387 2753; x_wconf 86' lang='lat'>14.</span> <span class='ocrx_word' id='word_1_377' title='bbox 413 2715 664 2756; x_wconf 77' lang='lat' dir='ltr'>Guolphango]</span> <span class='ocrx_word' id='word_1_378' title='bbox 685 2716 821 2754; x_wconf 82' lang='lat' dir='ltr'>Capito.</span> <span class='ocrx_word' id='word_1_379' title='bbox 1119 2714 1226 2753; x_wconf 76' lang='lat' dir='ltr'>thing</span> <span class='ocrx_word' id='word_1_380' title='bbox 1241 2715 1280 2744; x_wconf 90' lang='lat' dir='ltr'>in</span> <span class='ocrx_word' id='word_1_381' title='bbox 1296 2714 1383 2754; x_wconf 91' lang='lat' dir='ltr'>Epp.</span> <span class='ocrx_word' id='word_1_382' title='bbox 1397 2715 1461 2753; x_wconf 86' lang='lat'>488</span> <span class='ocrx_word' id='word_1_383' title='bbox 1476 2715 1547 2745; x_wconf 83' lang='lat' dir='ltr'>and</span> <span class='ocrx_word' id='word_1_384' title='bbox 1563 2726 1626 2755; x_wconf 90' lang='lat'>507</span> <span class='ocrx_word' id='word_1_385' title='bbox 1639 2717 1676 2746; x_wconf 91' lang='lat' dir='ltr'>to</span> <span class='ocrx_word' id='word_1_386' title='bbox 1691 2717 1781 2748; x_wconf 87' lang='lat' dir='ltr'>need</span> <span class='ocrx_word' id='word_1_387' title='bbox 1798 2717 1879 2747; x_wconf 90' lang='lat' dir='ltr'>sub-</span> 
     </span>
    </p>
   </div>
   <div class='ocr_carea' id='block_1_4' title="bbox 291 2757 1878 3017">
    <p class='ocr_par' dir='ltr' id='par_1_20' title="bbox 291 2757 1878 3017">
     <span class='ocr_line' id='line_1_41' title="bbox 339 2757 1877 2800; baseline 0.003 -13"><span class='ocrx_word' id='word_1_388' title='bbox 339 2769 387 2797; x_wconf 87' lang='lat'>17.</span> <span class='ocrx_word' id='word_1_389' title='bbox 415 2760 646 2798; x_wconf 79' lang='lat' dir='ltr'>Cantabrigia</span> <span class='ocrx_word' id='word_1_390' title='bbox 669 2757 827 2798; x_wconf 87' lang='lat' dir='ltr'>mutata]</span> <span class='ocrx_word' id='word_1_391' title='bbox 854 2758 959 2789; x_wconf 88' lang='lat' dir='ltr'>From</span> <span class='ocrx_word' id='word_1_392' title='bbox 989 2757 1051 2789; x_wconf 82' lang='lat' dir='ltr'>the</span> <span class='ocrx_word' id='word_1_393' title='bbox 1120 2758 1271 2796; x_wconf 82' lang='lat' dir='ltr'>sequent</span> <span class='ocrx_word' id='word_1_394' title='bbox 1296 2759 1516 2789; x_wconf 85' lang='lat' dir='ltr'>correction:</span> <span class='ocrx_word' id='word_1_395' title='bbox 1546 2759 1610 2790; x_wconf 85' lang='lat' dir='ltr'>but</span> <span class='ocrx_word' id='word_1_396' title='bbox 1634 2769 1690 2790; x_wconf 82' lang='lat' dir='ltr'>see</span> <span class='ocrx_word' id='word_1_397' title='bbox 1714 2761 1779 2800; x_wconf 90' lang='lat' dir='ltr'>Ep.</span> <span class='ocrx_word' id='word_1_398' title='bbox 1804 2761 1877 2799; x_wconf 88' lang='lat'>463.</span> 
     </span>
     <span class='ocr_line' id='line_1_42' title="bbox 291 2801 1207 2842; baseline 0.001 -11"><span class='ocrx_word' id='word_1_399' title='bbox 291 2804 430 2841; x_wconf 72' lang='lat' dir='ltr'>temper</span> <span class='ocrx_word' id='word_1_400' title='bbox 444 2803 570 2833; x_wconf 83' lang='lat' dir='ltr'>shown</span> <span class='ocrx_word' id='word_1_401' title='bbox 588 2804 626 2832; x_wconf 90' lang='lat' dir='ltr'>in</span> <span class='ocrx_word' id='word_1_402' title='bbox 638 2803 701 2842; x_wconf 91' lang='lat' dir='ltr'>Ep.</span> <span class='ocrx_word' id='word_1_403' title='bbox 714 2804 788 2841; x_wconf 85' lang='lat'>456.</span> <span class='ocrx_word' id='word_1_404' title='bbox 802 2803 822 2832; x_wconf 89' lang='lat'><em>8</em></span> <span class='ocrx_word' id='word_1_405' title='bbox 833 2811 904 2840; x_wconf 89' lang='lat' dir='ltr'>seq.</span> <span class='ocrx_word' id='word_1_406' title='bbox 950 2802 1051 2832; x_wconf 86' lang='lat' dir='ltr'>Eras-</span> <span class='ocrx_word' id='word_1_407' title='bbox 1119 2801 1207 2838; x_wconf 89' lang='lat'>61,2.</span> 
     </span>
     <span class='ocr_line' id='line_1_43' title="bbox 293 2844 1878 2887; baseline 0.002 -12"><span class='ocrx_word' id='word_1_408' title='bbox 293 2855 371 2875; x_wconf 84' lang='lat' dir='ltr'>mus</span> <span class='ocrx_word' id='word_1_409' title='bbox 387 2846 569 2876; x_wconf 82' lang='lat' dir='ltr'>doubtless</span> <span class='ocrx_word' id='word_1_410' title='bbox 581 2846 775 2876; x_wconf 79' lang='lat' dir='ltr'>attributed</span> <span class='ocrx_word' id='word_1_411' title='bbox 791 2846 852 2876; x_wconf 87' lang='lat' dir='ltr'>the</span> <span class='ocrx_word' id='word_1_412' title='bbox 867 2845 1000 2885; x_wconf 86' lang='lat' dir='ltr'>change</span> <span class='ocrx_word' id='word_1_413' title='bbox 1015 2847 1052 2876; x_wconf 87' lang='grc'>10</span> <span class='ocrx_word' id='word_1_414' title='bbox 1165 2846 1218 2874; x_wconf 86' lang='lat'>26.</span> <span class='ocrx_word' id='word_1_415' title='bbox 1244 2844 1433 2886; x_wconf 85' lang='lat' dir='ltr'>Aegidius]</span> <span class='ocrx_word' id='word_1_416' title='bbox 1460 2846 1532 2876; x_wconf 84' lang='lat' dir='ltr'>But</span> <span class='ocrx_word' id='word_1_417' title='bbox 1556 2845 1599 2877; x_wconf 90' lang='lat' dir='ltr'>cf.</span> <span class='ocrx_word' id='word_1_418' title='bbox 1625 2847 1690 2887; x_wconf 89' lang='lat' dir='ltr'>Ep.</span> <span class='ocrx_word' id='word_1_419' title='bbox 1716 2848 1781 2886; x_wconf 87' lang='lat'>546</span> <span class='ocrx_word' id='word_1_420' title='bbox 1807 2847 1878 2878; x_wconf 85' lang='lat' dir='ltr'>and</span> 
     </span>
     <span class='ocr_line' id='line_1_44' title="bbox 291 2888 1374 2928; baseline 0.001 -10"><span class='ocrx_word' id='word_1_421' title='bbox 291 2889 351 2918; x_wconf 76' lang='lat' dir='ltr'>the</span> <span class='ocrx_word' id='word_1_422' title='bbox 369 2889 466 2928; x_wconf 84' lang='lat' dir='ltr'>Lady</span> <span class='ocrx_word' id='word_1_423' title='bbox 487 2890 693 2928; x_wconf 83' lang='lat' dir='ltr'>Margaret’s</span> <span class='ocrx_word' id='word_1_424' title='bbox 714 2899 793 2919; x_wconf 89' lang='lat' dir='ltr'>new</span> <span class='ocrx_word' id='word_1_425' title='bbox 817 2888 1027 2920; x_wconf 84' lang='lat' dir='ltr'>foundation</span> <span class='ocrx_word' id='word_1_426' title='bbox 1045 2900 1053 2927; x_wconf 86' lang='lat'><em>3</em></span> <span class='ocrx_word' id='word_1_427' title='bbox 1121 2888 1189 2918; x_wconf 83' lang='lat' dir='ltr'>vol.</span> <span class='ocrx_word' id='word_1_428' title='bbox 1208 2889 1232 2926; x_wconf 81' lang='lat' dir='ltr'>i,</span> <span class='ocrx_word' id='word_1_429' title='bbox 1251 2897 1284 2927; x_wconf 89' lang='lat' dir='ltr'>p.</span> <span class='ocrx_word' id='word_1_430' title='bbox 1300 2897 1374 2927; x_wconf 88' lang='lat'>594.</span> 
     </span>
     <span class='ocr_line' id='line_1_45' title="bbox 291 2931 1874 2973; baseline 0.001 -11"><span class='ocrx_word' id='word_1_431' title='bbox 291 2932 333 2962; x_wconf 87' lang='lat' dir='ltr'>cf.</span> <span class='ocrx_word' id='word_1_432' title='bbox 356 2932 443 2971; x_wconf 86' lang='lat' dir='ltr'>Epp.</span> <span class='ocrx_word' id='word_1_433' title='bbox 461 2942 535 2971; x_wconf 78' lang='lat'>432.</span> <span class='ocrx_word' id='word_1_434' title='bbox 552 2943 571 2962; x_wconf 84' lang='lat'><strong>2</strong></span> <span class='ocrx_word' id='word_1_435' title='bbox 588 2943 621 2962; x_wconf 93' lang='lat' dir='ltr'>n.</span> <span class='ocrx_word' id='word_1_436' title='bbox 640 2932 711 2963; x_wconf 87' lang='lat' dir='ltr'>and</span> <span class='ocrx_word' id='word_1_437' title='bbox 726 2942 800 2971; x_wconf 87' lang='lat'>457.</span> <span class='ocrx_word' id='word_1_438' title='bbox 817 2941 858 2970; x_wconf 86' lang='lat'>55</span> <span class='ocrx_word' id='word_1_439' title='bbox 875 2941 947 2971; x_wconf 86' lang='lat' dir='ltr'>seq.</span> <span class='ocrx_word' id='word_1_440' title='bbox 1164 2931 1216 2962; x_wconf 86' lang='lat'>28.</span> <span class='ocrx_word' id='word_1_441' title='bbox 1242 2931 1448 2972; x_wconf 85' lang='lat' dir='ltr'>ferendum]</span> <span class='ocrx_word' id='word_1_442' title='bbox 1473 2932 1525 2963; x_wconf 80' lang='lat' dir='ltr'>Cf.</span> <span class='ocrx_word' id='word_1_443' title='bbox 1547 2933 1632 2964; x_wconf 89' lang='lat' dir='ltr'>Hor.</span> <span class='ocrx_word' id='word_1_444' title='bbox 1661 2936 1688 2964; x_wconf 76' lang='grc' dir='ltr'>Ο.</span> <span class='ocrx_word' id='word_1_445' title='bbox 1709 2943 1736 2964; x_wconf 92' lang='lat'>1.</span> <span class='ocrx_word' id='word_1_446' title='bbox 1753 2943 1804 2972; x_wconf 85' lang='lat'>24.</span> <span class='ocrx_word' id='word_1_447' title='bbox 1826 2943 1874 2973; x_wconf 89' lang='lat'>19,</span> 
     </span>
     <span class='ocr_line' id='line_1_46' title="bbox 335 2975 1172 3017; baseline 0.001 -13"><span class='ocrx_word' id='word_1_448' title='bbox 335 2985 385 3012; x_wconf 85' lang='lat'>24.</span> <span class='ocrx_word' id='word_1_449' title='bbox 410 2976 614 3017; x_wconf 87' lang='lat' dir='ltr'>Schurerio]</span> <span class='ocrx_word' id='word_1_450' title='bbox 634 2976 685 3007; x_wconf 88' lang='lat' dir='ltr'>Cf.</span> <span class='ocrx_word' id='word_1_451' title='bbox 703 2975 766 3015; x_wconf 89' lang='lat' dir='ltr'>Ep.</span> <span class='ocrx_word' id='word_1_452' title='bbox 783 2977 856 3015; x_wconf 86' lang='lat'>693.</span> <span class='ocrx_word' id='word_1_453' title='bbox 1121 2983 1172 3005; x_wconf 86' lang='lat'>20.</span> 
     </span>
    </p>
   </div>
  </div>
 </body>
</html>
