2034 3433
100 141 200 199 599]
549 142 704 182 FROM
733 142 916 183 LUCAS
944 141 1236 182 PALIURUS
1655 142 1681 180 9

98 249 198 288 Alia
215 249 294 288 hoc
312 251 496 299 tempore
514 247 643 286 facere
665 261 749 286 non
769 259 946 297 possum.
1005 245 1119 294 Vale,
1141 245 1332 284 omnium
1354 258 1455 295 quos
1472 246 1540 285 vel
1558 246 1681 298 tellus
1701 263 1738 295 15

97 314 175 353 alit
193 314 442 362 doctissime,
463 315 503 352 et
522 326 588 351 me
608 326 709 351 ama.

153 381 351 430 Basileoe,
374 380 531 419 decima
548 379 674 418 tercia
693 378 802 417 Iulii.
823 380 959 417 Anno.
982 389 1024 416 Μ.
1041 390 1079 416 D.
1095 390 1200 417 xvn.

255 447 370 485 Tuus
389 444 520 483 Lucas
538 443 746 491 Paliurus,
765 443 817 483 V.
839 443 873 482 I.
894 443 1044 491 doctor,
1067 442 1261 493 Episcopi
1281 442 1475 481 Basiliefi.
1500 441 1677 482 Cancell.

322 578 474 620 ⁵⁴1600.
535 579 665 620 FROM
700 578 959 620 WOLFGANG
990 577 1242 620 FABRICIUS
1272 576 1453 620 CAPITO.

146 659 331 695 Deventer
348 658 427 694 MS.
446 669 502 705 91,
520 659 546 693 f.
567 659 620 704 56.
1444 657 1565 694 Basle.

147 717 221 753 LB.
238 717 335 762 App.
358 726 432 760 ¹47·
1368 725 1407 761 15
1426 716 1516 761 July
1536 725 1634 761 1517.

305 807 459 839 GVOLP.
491 807 732 837 FABRICIVS
762 806 922 838 CAPITO
952 806 1131 836 ERASMO
1161 807 1232 838 ΒΟ.
1261 807 1343 838 SVO
1374 807 1406 840 S.
1433 807 1475 838 D.

154 888 334 926 TANDEM
361 887 403 926 id
432 901 527 927 sum
554 888 762 926 assecutus
790 899 886 924 cum
913 887 1124 925 stomacho
1149 887 1431 937 respondendo
1459 886 1679 935 maledicis,

99 956 147 993 vt
177 952 284 1003 apud
315 966 381 991 me
411 966 533 992 nemo
563 952 640 990 tibi
669 951 778 990 diem
809 950 929 999 dicat,
963 952 1240 991 eruditissime
1274 953 1453 1000 Erasme,
1488 953 1683 1001 notetque

102 1031 236 1066 nemo,
267 1017 350 1057 nisi
379 1016 564 1056 fortassis
593 1017 749 1066 stupidi
778 1015 947 1065 quidam
978 1015 1088 1066 iique
1119 1016 1239 1066 pauci
1265 1017 1444 1066 adeoque
1474 1016 1600 1055 alieni
1632 1017 1682 1055 ab

102 1084 216 1122 omni
230 1096 352 1121 sensu
366 1081 649 1120 humanitatis.
710 1082 821 1131 Quos
842 1082 1044 1120 nimirum
1065 1094 1200 1119 osores
1215 1081 1364 1120 habere
1383 1082 1683 1120 manifestarios

102 1161 228 1197 quam
259 1147 406 1186 dubios
437 1147 590 1185 amicos
623 1147 779 1196 optimo
808 1148 964 1197 cuique,
997 1147 1032 1185 si
1060 1159 1144 1184 non
1172 1160 1272 1195 erro,
1303 1146 1490 1196 expedit;
1530 1149 1571 1185 et
1599 1148 1682 1185 iam
1702 1160 1719 1192 5

101 1213 259 1251 dudum
291 1213 423 1251 sentio
454 1211 645 1262 equidem
674 1212 782 1250 mihi
807 1226 954 1263 parum
979 1212 1195 1262 propicios,
1222 1211 1351 1250 etiam
1377 1212 1413 1251 si
1444 1212 1548 1250 nihil
1575 1225 1680 1259 sum,

101 1277 261 1316 futuros
290 1279 433 1327 vtique
461 1278 595 1316 multo
624 1277 858 1328 iniquiores,
890 1278 926 1316 si
954 1278 1116 1328 quando
1150 1290 1199 1315 ex
1229 1290 1370 1316 eorum
1400 1276 1607 1326 ergastulo
1638 1276 1684 1314 in

100 1342 242 1381 album
263 1345 395 1391 tuum,
416 1344 494 1382 hoc
519 1345 580 1382 est
606 1357 655 1381 ex
678 1343 934 1393 ignorantiae
962 1342 1143 1381 tenebris
1167 1342 1212 1380 in
1238 1342 1390 1381 claram
1414 1342 1537 1381 istam
1556 1343 1688 1381 erudi-

100 1408 226 1448 tionis
245 1409 391 1458 lucem,
413 1408 575 1448 felicius
599 1409 824 1448 tenderem.
880 1409 1013 1459 Atqui
1037 1408 1217 1447 vinculis
1241 1408 1483 1447 arctioribus
1500 1407 1685 1448 inscitiae

99 1476 224 1523 atque
252 1475 530 1514 adamantinis
557 1476 710 1524 teneor,
740 1487 843 1524 quae
875 1487 951 1513 nec
980 1473 1068 1524 ipsa
1097 1473 1277 1513 Vulcani
1311 1474 1536 1523 quamlibet
1568 1476 1686 1513 acuta
1707 1488 1746 1510 10

100 1540 266 1589 securis,
287 1541 310 1590 ἡ
334 1541 418 1580 τοὺς
442 1541 568 1581 λίθους
592 1542 662 1591 μιᾷ
685 1542 816 1592 πληγῇ
842 1541 1078 1590 διατεμοῦσα,
1101 1539 1292 1579 dirimere
1318 1541 1453 1589 potest
1467 1554 1477 1588 ;
1505 1541 1685 1580 veterem

98 1605 276 1645 saliuam
312 1606 569 1657 inditamque
606 1604 871 1658 ba<r>bariem
914 1620 988 1645 ceu
1024 1607 1230 1644 recentem
1269 1619 1354 1645 non
1395 1619 1564 1656 possum
1601 1620 1687 1644 non

101 1671 264 1721 spirare.
324 1672 416 1711 Imo
445 1686 499 1711 ne
528 1673 573 1711 in
603 1685 770 1710 omnem
794 1671 926 1711 vitam
952 1672 1118 1722 quidem
1144 1672 1193 1710 de
1215 1685 1403 1711 successu
1427 1671 1686 1721 eloquentiae

102 1737 208 1775 mihi
240 1738 386 1777 timere
418 1737 583 1787 habent,
621 1751 667 1776 eo
705 1738 813 1788 quod
851 1740 1012 1788 partem
1049 1738 1241 1788 aliquam,
1278 1739 1445 1777 tametsi
1481 1738 1681 1788 exiguam,

101 1802 396 1842 familiaritatis
425 1816 568 1842 eorum
589 1803 722 1842 veluti
747 1803 932 1853 precium
957 1803 1146 1853 ignauiae
1171 1803 1306 1842 adhuc
1331 1803 1442 1852 fer03
1481 1817 1606 1853 quam
1633 1816 1686 1841 ne
1707 1815 1745 1847 15

101 1868 311 1907 demerear
328 1869 559 1919 periculum
579 1870 650 1918 est,
673 1868 745 1919 qui
767 1882 915 1918 pueros
941 1869 989 1907 ad
1010 1869 1173 1918 frugem
1196 1869 1409 1908 meliorem
1428 1869 1572 1917 excito,
1595 1881 1687 1907 con—

102 1935 262 1972 stanter
281 1934 508 1972 admonens
527 1933 778 1984 adigensque
793 1936 840 1972 vt
858 1933 1069 1972 Erasmica
1083 1947 1245 1984 semper
1264 1934 1469 1983 euoluant,
1488 1934 1684 1982 ediscant,

101 1998 268 2049 solaque
299 1999 527 2045 imitentur,
563 2013 640 2049 que
678 1999 764 2038 sola
800 2012 1007 2038 summam
1044 2012 1139 2038 cum
1175 1999 1375 2049 sapientia
1411 2000 1687 2050 eloquentiam

102 2063 277 2103 aemulis
305 2065 482 2103 assiduis
506 2065 731 2114 relinqunt.

156 2129 225 2167 Ad
255 2128 493 2179 epistolium
524 2130 641 2178 prius
679 2130 941 2180 respondebo.
1012 2130 1297 2169 Calumniator
1327 2131 1411 2168 iam
1444 2129 1550 2178 silet,
1581 2129 1687 2168 mihi
1708 2140 1747 2162 20

104 2206 229 2243 quam
248 2193 326 2231 tibi
344 2194 490 2233 multis
509 2194 644 2232 modis
663 2195 921 2233 commotior.
976 2195 1238 2244 Nugamenta
1257 2197 1399 2233 nostra
1416 2195 1462 2232 in
1481 2194 1687 2233 Hebream

102 2258 291 2308 linguam
311 2259 394 2297 iam
413 2272 524 2297 nunc
542 2259 735 2297 exscribit
750 2272 851 2307 puer
865 2273 973 2298 vnus
987 2272 1037 2298 ex
1056 2260 1181 2297 meis:
1201 2272 1303 2309 quae
1318 2260 1483 2309 quidem
1499 2259 1689 2297 secundis

102 2323 252 2362 abhinc
268 2323 468 2362 nundinis
483 2323 600 2362 edere
613 2321 851 2375 co<n>stitui,
870 2324 1034 2374 quando
1048 2324 1123 2362 hac
1142 2326 1294 2362 aestate
1312 2324 1452 2374 praela
1465 2323 1689 2362 Frobennii

104 2388 423 2439 chrysostomus
441 2389 569 2427 ferme
588 2391 766 2438 occupat,
788 2389 975 2439 mihique
993 2388 1145 2428 vanida
1170 2389 1368 2438 quaedam
1393 2388 1604 2439 negociola
1621 2389 1688 2428 vel

103 2453 244 2503 potius
271 2454 568 2504 impedimenta
594 2467 675 2503 quo
700 2453 841 2491 minus
863 2454 914 2492 ad
940 2453 1184 2492 vmbilicum
1213 2453 1488 2503 perducerem,
1509 2454 1684 2503 incauto,
1709 2467 1745 2498 25

105 2520 153 2557 vt
186 2518 248 2566 fit,
277 2519 551 2568 irrepserunt;
593 2518 742 2568 quibus
774 2518 1008 2568 propediem
1041 2518 1236 2557 discussis
1267 2531 1362 2557 cum
1395 2519 1546 2557 litteris
1577 2520 1688 2557 totus

103 2582 221 2621 inibo
247 2583 434 2633 gratiam,
463 2582 573 2622 nihil
600 2583 749 2622 amodo
782 2585 995 2622 curaturus
1026 2585 1119 2633 post
1148 2582 1359 2622 Christum
1391 2586 1431 2622 et
1461 2583 1688 2622 amicorum

151 2684 224 2716 599.
251 2685 300 2716 18.
328 2684 424 2716 Tuus
440 2708 450 2719 .
469 2709 478 2718 .
495 2710 504 2717 .
522 2685 677 2718 Cancell.
695 2696 753 2717 om.
770 2687 813 2716 H.
939 2685 1012 2716 600.
1038 2694 1068 2724 9.
1093 2685 1254 2716 institiae
1269 2688 1340 2716 MS.
1461 2695 1510 2716 11.
1537 2686 1688 2723 διατεμῶν

107 2730 174 2758 MS.
192 2738 198 2759 :
223 2738 297 2760 corr.
314 2731 377 2760 LB.
504 2739 553 2768 13.
578 2738 720 2760 omnem
736 2731 791 2760 LB
806 2740 814 2759 τ
837 2731 927 2759 oiem
944 2731 1011 2759 MS.
1141 2739 1191 2768 14.
1214 2739 1253 2759 eo
1271 2728 1365 2768 quod
1381 2731 1511 2766 scripsi:
1536 2732 1684 2770 eoq3MS.

108 2780 163 2802 20.
187 2771 287 2810 prius
301 2774 430 2809 scripsi:
453 2772 600 2813 propius
614 2775 697 2813 MS„
710 2776 780 2810 post
792 2773 957 2812 proprius
973 2774 1112 2804 deletum.
1245 2783 1296 2803 22.
1323 2772 1478 2803 exbribit
1494 2774 1563 2805 MS.

152 2858 226 2889 600.
254 2868 283 2888 1.
307 2858 481 2900 Tandem]
499 2859 551 2891 Cf.
568 2859 592 2890 l.
609 2869 664 2898 20,
684 2868 718 2891 n.
739 2870 771 2892 2.
931 2859 975 2891 cf.
993 2859 1057 2899 Ep.
1076 2868 1148 2898 595.
1170 2869 1205 2890 11
1221 2869 1259 2892 n.

153 2911 208 2933 20.
233 2901 453 2943 epistolium]
472 2903 665 2942 Evidently
674 2903 713 2933 in
729 2912 867 2933 answer
1054 2902 1313 2937 Calumniator]
1333 2903 1384 2935 Cf.
1402 2904 1465 2943 Ep.
1483 2905 1555 2943 561.
1578 2915 1597 2935 2
1614 2914 1686 2944 seq.

109 2946 147 2976 to
178 2945 239 2984 Ep.
278 2946 367 2984 5⁶13
403 2945 551 2977 written
588 2956 634 2976 on
670 2947 796 2976 return
831 2948 867 2976 to
974 2955 1031 2977 21.
1053 2946 1250 2988 Hebream]
1269 2947 1320 2978 Cf.
1337 2947 1400 2986 Ep.
1419 2949 1494 2986 556.
1513 2948 1556 2978 26
1566 2957 1601 2979 n.

108 2989 283 3028 Antwerp
306 2988 378 3020 and
400 2990 482 3020 sent
503 2989 549 3030 by
568 2990 684 3030 Nepos
707 2989 746 3021 in
771 2989 863 3029 May,
974 2999 1029 3029 24.
1053 2989 1339 3031 chrysostomus]
1357 2990 1409 3022 cf.
1424 2991 1486 3031 Ep.
1504 3000 1578 3031 575.
1596 2991 1640 3030 36
1649 3000 1684 3022 n.
