2034 3433
193 525 232 557 55

193 840 234 871 60

203 2151 242 2182 80

254 148 330 186 118
714 146 966 186 LETTERS
1005 146 1073 185 OF
1111 146 1376 186 ERASMUS
1717 144 1754 198 [1
1766 155 1787 193 5
1798 154 1840 194 17

250 267 383 293 vnum
399 267 408 301 ;
438 254 518 292 iste
538 253 810 291 debacchatur
825 252 868 289 in
884 253 946 289 tot
962 250 1145 300 integros
1163 263 1208 288 ac
1228 251 1434 298 spectatos
1448 249 1535 287 vita
1553 250 1594 287 et
1613 250 1844 289 eruditione

250 319 373 358 viros.
435 319 609 357 Nullum
628 318 807 356 officium
834 317 994 365 poterat
1020 316 1109 353 suis
1127 314 1293 353 Iudaeis
1312 319 1521 364 praestare
1539 314 1699 363 gratius
1721 328 1845 365 quam

251 386 297 422 vt
328 384 544 434 perfugam
578 382 782 421 simulans
811 394 899 419 rem
929 380 1212 418 Christianam
1245 379 1435 418 hostibus
1464 379 1680 429 proderet;
1720 380 1846 419 homo

251 450 301 488 ad
326 452 458 488 cetera
477 447 593 497 lapis,
616 449 781 485 tantum
800 446 851 484 ad
878 444 1218 484 calumniandum
1240 445 1492 495 ingeniosus.
1554 444 1672 493 Quod
1693 445 1847 483 sacrifi-

252 514 363 552 cium
392 514 555 563 poterat
578 513 751 551 Satanae
781 511 873 549 fieri
897 511 1104 560 acceptius
1129 523 1255 560 quam
1280 510 1390 549 inter
1413 522 1558 548 omnes
1588 509 1846 549 Christianos

250 578 489 617 istiusmodi
508 577 773 616 dissidiorum
793 576 871 614 iaci
890 576 1082 614 semina?

305 643 426 682 Vnde
460 643 634 681 Satanas
672 642 806 680 dictus
845 641 1085 680 Hebraeis?
1128 641 1332 679 nimirum
1366 641 1418 679 ab
1451 640 1717 679 aduersando.
1776 641 1848 679 An

252 721 336 746 non
356 707 470 746 illius
489 707 600 746 vices
619 706 724 757 gerit
745 707 817 757 qui
836 706 955 745 claris
974 706 1077 745 viris
1098 706 1309 757 publicam
1330 706 1556 744 vtilitatem
1582 706 1849 745 molientibus

252 772 460 823 nephariis
483 772 618 810 modis
644 772 780 810 obstat
806 774 847 810 et
870 772 1083 822 obstrepit,
1106 775 1147 811 et
1173 771 1270 810 huic
1291 771 1365 810 vni
1385 771 1443 809 rei
1465 783 1508 809 se
1528 772 1675 809 natum
1696 773 1849 821 putat?

254 839 371 877 Vnde
388 837 555 876 Graecis
571 837 758 876 diabolus
774 837 908 876 dictus
923 839 1011 877 est?
1040 851 1126 876 non
1141 851 1165 876 a
1179 836 1442 883 foenerando,
1461 849 1545 875 non
1561 836 1612 874 ab
1631 836 1849 884 adulterio⁷

253 917 336 942 non
364 916 387 942 a
415 903 537 951 furto,
564 916 650 941 non
678 903 729 941 ab
758 903 838 941 alio
866 903 981 952 vitio,
1010 903 1080 941 sed
1109 916 1133 942 a
1162 902 1454 941 calumniando
1483 901 1618 940 dictus
1648 903 1721 940 est.
1780 903 1850 941 An

252 982 337 1007 non
366 968 491 1007 huius
520 968 730 1018 apostolus
759 970 820 1007 est
850 969 921 1018 qui
949 970 1083 1007 totam
1108 968 1241 1007 vitam
1270 967 1368 1006 huic
1394 967 1532 1005 studio
1558 966 1777 1015 dedicauit,
1805 969 1851 1006 vt

252 1034 360 1084 apud
393 1033 631 1083 imperitam
661 1033 826 1084 plebem
864 1034 1118 1083 optimorum
1156 1033 1342 1072 virorum
1381 1033 1552 1071 nomina
1591 1032 1769 1071 infamet
1806 1046 1852 1071 ac

251 1099 474 1138 traducat?
503 1098 553 1136 ad
574 1112 661 1137 rem
681 1099 871 1137 omnium
890 1098 1253 1138 sceleratissimam
1273 1098 1489 1148 religionis
1508 1097 1684 1136 abutens
1703 1097 1852 1137 titulo:

218 1175 234 1206 5.
254 1178 355 1215 quae
376 1177 461 1202 non
481 1164 665 1202 cuiusuis
685 1164 908 1208 daemonis
933 1164 1003 1203 sed
1031 1164 1231 1214 insignite
1256 1163 1417 1202 versuti
1442 1162 1674 1212 cuiuspiam
1698 1163 1851 1202 techna

253 1232 327 1268 est.
389 1229 476 1268 Scit
501 1242 544 1267 se
569 1229 700 1268 doctis
729 1242 775 1267 ac
798 1229 919 1268 bonis
944 1229 1048 1268 viris
1071 1230 1230 1280 placere
1260 1242 1345 1267 non
1374 1241 1503 1278 posse,
1535 1241 1608 1267 nec
1636 1228 1703 1267 his
1733 1228 1853 1268 facile

254 1295 426 1344 imponi.
486 1295 626 1345 Atque
656 1308 702 1333 ea
734 1295 865 1345 gratia
895 1295 1004 1345 apud
1035 1296 1245 1334 indoctam
1280 1295 1445 1345 plebem
1479 1294 1710 1344 quiritatur,
1743 1294 1854 1333 inter

256 1359 521 1398 mulierculas
558 1360 865 1410 superstitiosas
903 1364 954 1409 et,
986 1363 1033 1400 vt
1071 1361 1230 1400 Paulus
1268 1360 1415 1411 inquit,
1451 1362 1640 1399 oneratas
1678 1360 1854 1410 peccatis

254 1425 411 1475 gannit,
447 1427 488 1464 et
518 1425 699 1475 pessimo
729 1426 878 1464 semini
908 1428 1061 1465 terram
1090 1429 1226 1477 captat
1255 1426 1450 1465 habilem.
1511 1425 1592 1464 His
1621 1426 1854 1476 magnificis

199 1500 214 1510 ··
256 1490 393 1529 titulis
425 1490 606 1529 offundit
641 1491 789 1536 fumos
820 1491 887 1530 his
920 1491 1204 1530 defensionem
1238 1491 1497 1530 Christianae
1531 1490 1756 1540 religionis,
1787 1491 1854 1530 his

255 1556 441 1595 haereses
462 1558 502 1594 et
522 1557 972 1595 excommunicationes
997 1558 1168 1596 occinit:
1198 1557 1270 1607 qui
1294 1557 1510 1596 crassiores
1533 1558 1631 1594 sunt
1657 1570 1784 1606 quam
1808 1559 1852 1595 vt

256 1621 593 1659 animaduertant
612 1623 886 1671 grassatorem
906 1622 1054 1672 lupum
1075 1623 1151 1661 sub
1172 1622 1299 1661 ouilla
1317 1622 1425 1672 pelle
1443 1621 1658 1660 latentem.

313 1687 346 1725 O
366 1687 613 1725 sceleratum
633 1700 820 1737 granum,
844 1689 884 1725 et
902 1687 965 1725 illi
984 1688 1316 1726 dissimillimum
1337 1686 1447 1736 quod
1468 1686 1616 1725 cadens
1635 1686 1680 1725 in
1701 1689 1854 1725 terram

258 1754 299 1790 et
338 1753 552 1790 mortuum
590 1751 698 1790 vitae
736 1752 937 1802 pabulum
973 1753 1115 1791 attulit
1132 1755 1139 1792 Σ
1199 1753 1291 1791 Hoc
1326 1765 1502 1802 granum
1537 1752 1692 1790 diaboli
1725 1764 1854 1790 manu

202 1823 217 1832 “
257 1817 414 1855 iactum
444 1818 517 1865 est,
550 1817 703 1856 aconiti
730 1820 832 1867 puto
861 1820 932 1856 aut
966 1818 1002 1856 si
1031 1818 1130 1868 quid
1164 1819 1324 1857 aconito
1353 1817 1617 1868 pestilentius
1634 1832 1643 1865 ;
1672 1817 1781 1867 quod
1811 1818 1855 1856 ni

258 1884 303 1921 in
334 1884 520 1931 tempore
557 1882 839 1932 prospicietur,
876 1883 1220 1922 nocentissimum
1258 1882 1526 1921 dissidiorum
1564 1895 1772 1920 venenum
1810 1882 1855 1920 in

259 1947 589 1986 Christianorum
608 1948 778 1986 inuehet
795 1948 1066 1987 concordiam.
1128 1948 1234 1997 Quid
1251 1947 1364 1986 enim
1384 1947 1575 1985 futurum
1591 1949 1653 1986 est
1672 1948 1852 1994 tandem,

258 2013 294 2052 si
324 2013 485 2051 sinetur
516 2013 589 2051 ille
623 2013 878 2063 sycophanta
911 2013 969 2052 sic
996 2014 1041 2051 in
1070 2026 1215 2052 omnes
1243 2012 1309 2051 sui
1342 2012 1567 2051 dissimiles
1596 2012 1647 2050 ad
1676 2012 1856 2051 eundem

260 2078 496 2117 debacchari
529 2079 733 2117 modum?
773 2080 815 2116 et
851 2079 1157 2129 impurissimae
1195 2078 1355 2116 belluae
1394 2078 1505 2116 docti
1542 2077 1624 2115 viri
1660 2079 1859 2127 cogentur

259 2143 378 2182 libris
408 2144 665 2194 respondere,
701 2144 773 2195 qui
800 2144 1001 2195 indignus
1030 2146 1093 2183 est
1121 2144 1192 2195 qui
1222 2143 1463 2182 nominetur
1492 2142 1604 2181 inter
1633 2142 1859 2182 homines?

260 2209 388 2247 Crede
422 2208 539 2257 mihi,
575 2209 782 2248 Bilibalde
813 2210 1062 2258 doctissime,
1099 2210 1224 2248 latius
1258 2210 1446 2259 spectant
1479 2208 1578 2246 haec
1612 2221 1704 2247 orsa
1734 2220 1858 2258 quam

260 2274 430 2313 fortasse
460 2274 610 2324 vulgus
644 2275 867 2314 hominum
895 2275 1107 2325 intelligit.
1166 2275 1374 2314 Videmus
1402 2287 1453 2312 ex
1483 2275 1686 2323 quantula
1714 2273 1859 2313 fauilla

261 2341 464 2389 quantum
484 2339 706 2390 aliquoties
724 2342 919 2379 nascatur
937 2340 1188 2379 incendium.
1249 2340 1432 2379 Proinde
1452 2339 1633 2377 demiror
1647 2339 1860 2388 episcopos

262 2404 329 2442 hic
360 2418 443 2443 non
471 2404 709 2454 aduigilare,
740 2407 787 2443 vt
815 2405 941 2444 istam
964 2406 1142 2456 hydram
1171 2406 1215 2444 in
1244 2407 1434 2455 tempore
1463 2406 1647 2452 exurant,
1681 2405 1722 2441 et
1749 2403 1859 2442 malo

230 2486 239 2492 ·
262 2482 469 2508 venenum
515 2470 662 2508 victori
707 2468 940 2522 (inferenti)
986 2473 1026 2509 et
1073 2484 1143 2520 per
1193 2470 1331 2508 omnia
1367 2470 1590 2520 peruagato
1628 2470 1853 2507 occurrant.

262 2535 468 2573 Scelestus
494 2534 567 2573 ille
589 2534 814 2574 maledicus
833 2535 946 2574 vinci
970 2549 1054 2574 non
1077 2537 1237 2585 potest;
1266 2535 1337 2585 qui
1360 2536 1474 2573 totus
1498 2547 1548 2572 ex
1570 2533 1858 2572 maledicentia

262 2600 464 2638 conflatus
483 2602 555 2648 est,
571 2602 612 2638 et
627 2600 750 2639 habet
769 2602 831 2639 tot
847 2602 1060 2651 ἀλάστορας
1079 2601 1150 2650 qui
1170 2601 1326 2639 defesso
1347 2601 1570 2649 suggerant
1589 2612 1721 2638 nouas
1733 2599 1854 2638 vires.

317 2665 524 2704 Conuiciis
555 2666 684 2715 igitur
720 2666 791 2704 ille
825 2679 1041 2717 nunquam
1072 2667 1275 2705 vincetur.
1335 2664 1457 2702 Hanc
1494 2664 1657 2703 vnicam
1691 2664 1859 2703 laudem

315 2767 366 2803 64.
386 2769 458 2798 LB:
484 2767 645 2798 traducet
664 2770 697 2798 Ρ.
767 2769 819 2807 65.
848 2768 1043 2807 insigniter
1062 2767 1109 2804 0²,
1126 2770 1178 2798 sed
1194 2769 1230 2804 cf.
1250 2769 1309 2803 Ep.
1329 2775 1403 2805 703.
1420 2776 1472 2805 30.
1559 2776 1610 2806 75.
1636 2767 1723 2806 quid
1740 2770 1767 2798 P
1782 2769 1835 2798 LB
1853 2779 1859 2797 ι

264 2809 359 2848 quod
377 2810 422 2841 0².
583 2821 632 2850 77.
659 2813 686 2841 P
698 2813 752 2841 LB
768 2823 775 2842 :
800 2811 943 2842 inuehit
961 2811 1007 2843 0².

307 2920 361 2950 68.
387 2919 534 2961 Paulus]
559 2931 578 2950 2
594 2921 684 2951 Tim.
702 2930 733 2959 3.
753 2921 785 2952 6.
1097 2923 1133 2951 to
1149 2919 1371 2950 Pfefferkorn
1393 2921 1432 2950 in
1454 2920 1542 2959 Epp.
1560 2929 1678 2958 700-1,
1695 2929 1758 2959 703
1772 2920 1856 2951 also.

309 2972 360 3000 72.
387 2963 528 3003 lupum]
553 2963 605 2995 Cf.
625 2964 726 2994 Matt.
744 2973 773 3002 7.
796 2973 844 3002 15.
1183 2962 1328 3003 cadens]
1353 2963 1449 2994 John
1470 2973 1519 2995 12.
1537 2974 1589 3002 24.

309 3015 360 3044 73.
384 3007 549 3047 granum]
579 3006 666 3037 This
689 3006 799 3045 figure
825 3008 856 3037 is
882 3006 1025 3047 applied
1140 3007 1192 3037 82.
1218 3006 1362 3047 fauilla]
1387 3007 1439 3038 Cf.
1458 3007 1580 3038 James
1597 3017 1627 3046 3.
1646 3016 1676 3046 5.
