2034 3433
280 159 360 198 340
741 156 993 197 LETTERS
1034 154 1103 194 OF
1141 154 1406 194 ERASMUS
1745 152 1872 207 [1518

281 264 511 303 Dominum
524 262 780 309 Veriensem‚
793 260 920 299 maris
937 258 1192 310 praefectum
1209 260 1250 297 et
1264 258 1411 297 ducem
1426 257 1599 306 itineris,
1615 258 1885 309 applicuisse..

282 330 395 367 Bene
414 328 515 367 vale.
1066 362 1068 365 .

335 395 543 435 Salutabis
560 407 652 432 meo
675 392 845 431 nomine
865 392 1042 430 Beatum
1062 390 1322 437 Rhenanum‚
1346 389 1527 429 amicum
1553 390 1847 430 charissimum
1863 405 1877 438 ;

279 461 425 512 quidni
445 459 747 506 charissimum,
769 457 985 508 presertim
1009 456 1082 507 qui
1103 455 1183 494 tibi
1206 458 1293 494 tam
1320 456 1479 503 charus,
1501 455 1569 495 cui
1591 444 1666 507 ego
1690 455 1877 506 optimus⁴

222 543 262 567 20
279 529 319 565 et
339 524 631 574 integerrimus
650 537 743 563 sum
763 523 954 573 Pylades.
1012 521 1249 570 Anuerpiae
1266 521 1466 571 postridie
1486 520 1792 560 Penthecostes.

331 590 497 628 Eximio
533 589 725 639 theologo
762 588 1033 638 omniumque
1081 586 1318 626 litterarum
1357 586 1661 626 callentissimo
1700 585 1873 625 domino

280 657 452 695 Erasmo
501 655 788 702 Roterodamo,
840 655 880 692 et
925 653 1032 704 patri
1083 654 1125 691 et
1175 652 1429 702 praeceptori
1479 651 1874 691 obseruandissimo..

1633 717 1692 756 To
1719 717 1877 757 Basell.

728 817 825 858 847.
885 813 950 855 To
982 814 1133 855 PETER
1164 815 1432 856 BARBIRIUS.

325 902 513 938 Deventer
530 901 605 937 MS.
625 911 682 946 91,
701 901 726 936 f.
749 911 802 945 17.
1632 898 1752 934 Basle.

324 960 400 997 LB.
417 960 513 1006 App.
533 963 612 1004 284.
1554 967 1595 1002 31
1618 956 1706 1002 May
1729 959 1830 1002 1518.

324 1036 425 1078 [This
442 1036 514 1067 and
528 1036 591 1076 Ep.
608 1035 673 1075 848
688 1045 747 1066 are
763 1033 887 1074 copied
904 1033 951 1072 by
967 1043 987 1063 a
1004 1042 1083 1063 new
1100 1031 1210 1072 hand,
1225 1031 1265 1072 E,
1280 1031 1467 1072 evidently
1484 1042 1649 1063 someone
1666 1032 1823 1073 engaged
1840 1034 1874 1064 at

279 1080 392 1112 Basle.
442 1081 509 1111 For
525 1090 620 1110 some
635 1088 759 1109 reason
776 1079 821 1108 he
837 1077 901 1108 did
918 1078 982 1107 not
999 1078 1078 1116 stay
1094 1076 1176 1115 long
1192 1076 1231 1106 in
1245 1076 1423 1107 Erasmus'
1437 1076 1581 1116 service,
1597 1076 1659 1107 the
1673 1076 1760 1116 only
1771 1076 1876 1107 other

279 1125 376 1155 work
400 1125 447 1163 by
464 1124 540 1154 him
566 1125 604 1154 in
628 1122 690 1154 the
715 1122 788 1153 MS.
806 1123 912 1160 being
935 1120 1184 1151 numerations
1206 1120 1245 1151 of
1264 1129 1360 1151 some
1385 1120 1423 1151 of
1443 1120 1506 1150 the
1530 1120 1648 1151 leaves
1671 1120 1744 1161 (see
1764 1120 1830 1151 vol.
1849 1120 1874 1158 i,

278 1178 334 1208 pp.
355 1169 483 1207 605765.
533 1168 607 1198 The
624 1167 705 1197 date
722 1168 752 1197 is
769 1163 1105 1204 unquestionable]

734 1247 937 1278 ERASMVS
969 1246 1187 1277 BARBIRIO
1218 1246 1300 1276 SVO
1331 1246 1364 1277 S.
1385 1246 1423 1276 P.

332 1321 427 1360 Ipso
474 1319 741 1359 Ascensionis
787 1318 852 1356 die
900 1316 1107 1356 Basileam
1146 1315 1327 1366 perueni,
1360 1315 1508 1355 itinere
1555 1316 1657 1355 satis
1703 1316 1875 1366 difficili,

276 1387 520 1436 praesertim
553 1386 603 1424 ob
645 1386 816 1423 aestum.
879 1382 994 1433 Opus
1031 1381 1141 1420 Noui
1175 1381 1433 1420 Testamenti
1474 1382 1558 1420 iam
1598 1381 1642 1420 in
1680 1381 1877 1421 manibus

278 1454 340 1490 est
378 1452 689 1501 excuditurque.
748 1449 827 1488 Sed
866 1449 1077 1498 grassatur
1114 1447 1182 1486 hic
1219 1460 1292 1498 per
1328 1447 1571 1486 vniuersam
1608 1447 1875 1487 Germaniam

256 1509 259 1513 ’
279 1530 388 1555 noua
413 1517 589 1568 quedam
615 1515 754 1566 pestis,
777 1527 881 1565 quae
906 1514 1026 1561 tussi,
1049 1513 1190 1551 dolore
1218 1512 1374 1563 capitis,
1398 1512 1651 1554 torminibus
1669 1513 1876 1552 viscerum

241 1608 259 1641 5
279 1582 483 1632 plurimos
520 1581 702 1631 corripit,
736 1580 891 1618 multos
933 1578 1090 1626 occidit,
1138 1578 1210 1617 sed
1246 1578 1387 1628 plures
1424 1577 1633 1628 relinquit.
1705 1578 1766 1616 Ea
1808 1591 1880 1617 me

279 1661 442 1698 quoque
474 1650 566 1697 post
607 1646 814 1685 decimum
858 1644 969 1683 diem
1002 1643 1212 1694 corripuit,
1241 1646 1283 1682 et
1320 1644 1405 1683 iam
1442 1643 1530 1682 dies
1568 1644 1729 1694 aliquot
1764 1644 1873 1683 male

278 1712 431 1763 affligit.
493 1713 614 1751 Intra
633 1714 719 1750 tres
736 1723 899 1749 menses
917 1710 1016 1748 hinc
1043 1723 1110 1748 me
1129 1709 1434 1760 explicuissem‚
1459 1709 1495 1748 si
1515 1709 1709 1749 valetudo
1729 1709 1877 1749 fuisset

279 1791 483 1829 prospera.
541 1779 603 1816 Eo
629 1778 883 1816 deduxeram
907 1789 1035 1825 opus;
1071 1776 1141 1814 sed
1164 1775 1262 1814 fatis
1285 1776 1526 1814 cedendum·
1589 1775 1633 1814 Si
1657 1775 1873 1816 Moecenas

251 1833 255 1837 .
280 1857 397 1883 meus
417 1843 601 1893 optimus
615 1843 726 1882 valet
738 1844 866 1893 tuque
880 1841 1004 1890 vales,
1023 1842 1088 1880 est
1109 1854 1217 1892 quur
1235 1840 1405 1879 mollius
1423 1841 1554 1880 feram
1567 1854 1703 1880 meam
1719 1841 1879 1881 infoeli-

223 1935 261 1957 10
281 1910 460 1949 citatem.
521 1909 635 1947 Bene
655 1908 758 1948 vale.
819 1907 984 1946 Basilee
1002 1907 1201 1956 postridie
1220 1906 1440 1945 Trinitatis
1464 1907 1591 1945 Anno
1611 1920 1699 1945 M.D.
1722 1909 1783 1946 18.

333 1976 486 2026 Scripsi
506 1975 752 2026 iampridem
779 1976 820 2012 et
848 1973 928 2012 tibi
956 1975 996 2011 et
1026 1972 1195 2011 domino
1225 1972 1481 2012 cancellario
1500 1986 1521 2011 e
1550 1972 1746 2020 Louanio,
1768 1974 1877 2023 quod

280 2044 325 2081 tu
344 2042 402 2081 ita
420 2041 608 2081 iusseras.
669 2039 853 2079 Guidoni
873 2041 969 2090 opto
989 2039 1131 2078 omnia
1148 2039 1297 2078 fausta.

764 2172 859 2212 848.
921 2171 985 2211 To
1017 2169 1209 2210 THOMAs
1240 2169 1387 2210 MoRE.

327 2275 516 2311 Deventer
533 2273 609 2308 MS.
630 2283 684 2318 91,
705 2273 732 2308 f.
754 2282 808 2317 17.
1605 2271 1727 2308 Basle.

326 2334 401 2369 LB.
420 2334 515 2379 App.
537 2334 615 2379 285.
1503 2339 1544 2374 31
1565 2329 1654 2376 May
1675 2329 1829 2377 (1518).

777 2389 983 2419 ERASMVS
1013 2388 1139 2419 MORO
1171 2388 1252 2419 SVO
1283 2389 1316 2419 S.
1337 2388 1380 2419 D.

334 2451 430 2489 Ipso
453 2450 519 2489 die
537 2448 809 2489 Ascensionis
835 2447 1044 2487 Basileam
1072 2447 1355 2498 peruenimus‚
1375 2447 1525 2486 itinere
1545 2446 1596 2486 ob
1620 2449 1756 2486 estum
1776 2447 1881 2487 satis

282 2516 450 2563 difficili,
504 2516 574 2555 sed
635 2517 775 2553 tamen
824 2514 1065 2552 incolumes.
1138 2513 1218 2552 Sed
1265 2515 1474 2562 grassatur
1520 2525 1593 2563 per
1639 2513 1878 2554 vniuersam

542 2619 618 2650 847.
648 2627 675 2648 1.
701 2620 776 2647 LB:
800 2617 925 2648 itineri
943 2620 1009 2647 MS.
1152 2616 1227 2647 848.
1259 2625 1284 2646 1.
1311 2618 1385 2646 LB:
1410 2616 1534 2648 itineri
1551 2620 1621 2650 MS.

281 2715 411 2745 wishes
423 2713 572 2744 charles
585 2723 656 2744 was
672 2712 823 2751 sending
839 2710 1044 2742 Ferdinand
1158 2710 1232 2741 846.
1261 2711 1311 2743 16.
1336 2711 1563 2754 Veriensem]
1581 2712 1771 2753 Adolphus
1789 2723 1797 2751 ;
1818 2722 1878 2746 see
1925 2719 1928 2722 ⁴

282 2762 318 2789 to
334 2758 396 2789 the
413 2757 647 2797 Burgundian
664 2757 863 2796 provinces,
876 2755 914 2785 in
931 2764 1044 2785 aecor·
1114 2753 1175 2793 Ep.
1194 2763 1236 2792 93
1253 2753 1385 2786 introd.

283 2803 393 2832 [lance
405 2801 495 2832 with
506 2811 526 2831 a
538 2801 692 2840 promise
705 2801 742 2830 to
752 2799 814 2830 the
825 2797 1046 2830 Netherland
1157 2806 1209 2828 20.
1236 2797 1403 2839 Pylades]
1421 2798 1472 2831 Of.
1489 2799 1552 2840 Ep.
1569 2801 1645 2839 849.
1665 2810 1714 2837 1ο,
1724 2810 1751 2831 1.

283 2846 444 2882 Estntes3
468 2854 524 2875 see
552 2845 589 2875 E.
618 2844 846 2882 Armstrong,
873 2845 997 2873 Chccrles
1012 2851 1043 2879 V,
1158 2841 1232 2871 847.
1256 2851 1284 2871 1.
1308 2842 1554 2884 Ascensionis]
1575 2852 1614 2882 13
1632 2843 1721 2884 May.

284 2890 306 2921 i.
318 2898 411 2926 20-1,
425 2897 519 2926 30-2.
552 2887 759 2918 Ferdinand
770 2886 834 2917 left
844 2885 1047 2916 Santander
1157 2893 1187 2922 5.
1210 2893 1267 2915 me
1283 2885 1441 2927 quoque]
1458 2886 1510 2917 Cf.
1528 2887 1591 2927 Ep.
1610 2888 1684 2926 844.
1700 2897 1763 2927 293
1776 2897 1810 2918 n.

285 2943 311 2963 c.
332 2942 371 2961 22
390 2932 481 2971 May,
503 2932 574 2962 and
597 2931 688 2961 after
711 2930 881 2969 touching
901 2929 1049 2961 Ireland
1160 2928 1191 2959 8.
1217 2928 1416 2970 Moecenas]
1434 2930 1482 2961 Le
1498 2930 1668 2970 Sauvage.

285 2975 415 3006 lauded
432 2975 470 3005 in
489 2973 657 3005 Flanders
669 2984 715 3006 on
731 2983 770 3013 15
783 2974 876 3004 June
889 2973 1049 3013 (Brewer
1164 2981 1212 3002 11.
1239 2971 1387 3013 Scripsi]
1406 2973 1494 3012 Epp.
1516 2983 1623 3012 793,4.

287 3020 324 3050 ii.
344 3018 438 3057 4188,
455 3019 564 3058 4236).
1163 3025 1211 3046 12.
1236 3015 1411 3057 Guidoni]
1424 3017 1602 3048 Morillon.
