2034 3433
305 119 385 158 236

768 121 1018 160 LETTERS
1057 121 1126 160 OF
1164 121 1428 160 ERASMUS

1772 117 1895 172 [1518

304 224 413 263 nihil
439 226 489 263 ad
513 229 553 264 te
574 239 733 276 quoque
762 226 951 275 pertinet.
1005 226 1084 264 Sed
1112 227 1188 264 hec
1217 227 1304 265 ioco
1334 227 1443 265 dicta
1468 228 1622 275 putato,
1646 226 1768 264 modo
1789 226 1895 264 mihi

247 301 287 322 20
304 290 411 328 serio
444 291 644 340 probrum
682 290 760 329 hoc
798 290 918 328 liceat
954 290 1141 340 effugere.

1210 291 1374 329 Inuitor
1406 291 1475 329 hic
1513 291 1698 340 Vndique
1731 304 1755 329 a
1787 304 1894 329 sum-

303 355 485 393 matibus
513 354 628 403 viris,
660 355 861 404 Episcopo
891 355 1152 403 Traiectensi,
1185 355 1413 403 Leodiensi‚
1447 354 1788 404 Maguntinensi3
1825 356 1894 394 sed

304 419 410 458 nihil
430 433 569 458 moror
588 420 723 458 lentas
742 433 844 469 spes.

305 550 481 599 deponet
510 550 618 599 apud
651 550 889 589 mensarios.

905 420 969 458 Ex
996 420 1202 470 Hispania
1228 421 1351 470 paulo
1380 421 1531 458 certius
1557 432 1718 468 sperare
1738 419 1893 458 iubeor.

358 485 419 523 Ne
437 498 602 523 vereare
627 485 823 523 iuuenem
848 485 960 523 hunc
987 499 1154 524 onerare
1174 486 1358 535 pecunia.

946 551 1066 601 Equo
1098 551 1315 589 commodo
1351 552 1413 589 est
1445 549 1553 588 mihi
1591 561 1705 598 opuS,
1742 549 1813 587 sed
1851 552 1896 588 tu

1418 485 1462 523 Is
1482 497 1532 522 ex
1553 484 1723 523 consilio
1745 483 1897 523 Sixtini

247 628 283 658 25
303 614 410 653 soles
436 615 481 653 in
508 629 550 653 re
577 616 757 665 equestri
784 629 935 665 parum
961 629 1048 654 esse
1073 616 1199 664 felix3
1238 616 1381 654 adiuta
1408 617 1548 653 tamen
1575 614 1610 652 si
1639 614 1738 663 quid
1767 616 1894 665 potes.

303 679 510 718 Chiliades
533 681 742 719 absolutae
772 683 872 720 sunt
898 681 1049 730 denuo,
1074 682 1262 732 proximo
1291 683 1476 720 mercatu
1503 680 1725 730 proditure.

302 744 393 782 vale
419 758 514 783 cum
545 745 788 784 dulcissima
817 746 989 797 coniuge
1018 746 1242 797 liberisque
1271 745 1536 785 charissimis.

1784 680 1899 718 Bene

1596 744 1736 782 Velim
1766 744 1897 783 nolim

302 809 487 849 edendus
507 812 570 848 est
589 824 698 849 vnus
716 813 840 861 atque
865 811 971 850 alter
993 811 1098 850 liber
1123 812 1404 862 Epistolarum
1427 822 1613 849 mearum
1633 823 1642 857 3
1672 809 1842 858 proinde
1862 809 1898 848 si

303 875 402 925 quid
429 875 572 924 habes,
590 875 689 915 huic
719 877 943 917 committe.

246 955 285 985 30
303 943 607 981 commutanda.

1004 877 1097 916 Non
1126 878 1247 916 edam
1276 877 1359 915 nisi
1382 875 1649 915 commutatis
1673 888 1752 924 que
1776 877 1898 913 erunt

667 942 850 981 Rursum
876 943 978 991 vale,
1003 941 1248 995 Moecena<s)
1266 941 1560 981 vetustissime.

780 1098 874 1137 784.
935 1096 1001 1138 To
1032 1097 1176 1150 <JOHN
1208 1096 1413 1152 F1SHER>.

351 1184 539 1221 Deventer
558 1185 634 1221 MS.
653 1197 710 1232 91,
729 1188 753 1221 f.
773 1198 818 1232 30
835 1191 885 1222 v0.

352 1242 422 1277 LB.
442 1244 539 1288 App.
559 1246 637 1289 306.

1539 1186 1767 1235 <Louvain.>

1458 1247 1514 1293 <0.
1533 1257 1549 1292 5
1573 1246 1703 1282 March
1725 1245 1850 1292 1518.)

348 1325 415 1366 [As
431 1326 522 1356 with
539 1326 603 1365 Ep.
621 1327 696 1366 653,
716 1326 838 1357 which
854 1327 885 1358 is
901 1327 1005 1358 twice
1023 1327 1182 1358 referred
1198 1330 1233 1360 to
1249 1328 1334 1359 here
1349 1329 1403 1370 (11.
1420 1339 1451 1368 9,
1471 1330 1541 1370 40),
1562 1328 1704 1359 Leclerc
1719 1329 1751 1358 is
1768 1326 1899 1367 clearly

304 1369 402 1409 right
425 1369 464 1399 in
490 1369 698 1409 addressing
720 1370 796 1402 this
820 1371 926 1402 letter
949 1373 984 1402 to
1009 1371 1157 1402 Fisher:
1180 1373 1261 1403 who
1286 1383 1358 1404 was
1378 1373 1495 1413 likely
1517 1375 1552 1403 to
1574 1373 1666 1402 wish
1687 1375 1725 1403 to
1743 1372 1846 1402 write
1862 1372 1900 1402 to

306 1412 483 1443 Reuchlin
500 1412 539 1453 (1.
559 1414 625 1454 11),
646 1414 718 1444 and
735 1424 806 1445 was
822 1414 1021 1446 interested
1038 1416 1078 1446 in
1095 1416 1158 1446 the
1173 1417 1368 1457 genealogy
1384 1416 1421 1447 of
1435 1417 1559 1448 Christ
1576 1416 1615 1456 (l.
1635 1415 1725 1457 47).]

359 1498 397 1537 S.
419 1498 482 1547 P„
505 1500 728 1537 reuerende
755 1499 893 1538 Pater.

949 1500 1122 1539 Adorno
1148 1513 1291 1540 rursus
1315 1501 1742 1550 profectionem,‚licet
1761 1499 1899 1538 animo

304 1563 564 1612 reclamante,
589 1564 758 1603 Nouum
784 1565 1098 1604 Testamentum
1122 1567 1259 1605 denuo
1288 1566 1545 1617 recognitum
1571 1567 1782 1616 aliquanto
1807 1567 1899 1603 tum

301 1630 563 1668 emendatius
595 1632 686 1668 tum
720 1631 967 1679 locupletius
995 1631 1194 1671 editurus.

1265 1632 1407 1681 Neque
1435 1633 1548 1670 enim
1577 1645 1644 1670 me
1672 1631 1782 1681 fugit
1810 1642 1899 1668 rem

301 1695 479 1744 pessime
506 1697 727 1734 tractatum
756 1696 818 1743 iri,
848 1696 932 1735 nisi
957 1709 1125 1746 presens
1150 1697 1295 1735 adsim.
1358 1698 1437 1735 Oro
1466 1699 1582 1736 tuam
1610 1698 1810 1747 pietatem
1838 1697 1896 1742 vt,

266 1780 283 1809 5
303 1760 338 1797 si
371 1760 468 1809 quid
502 1762 563 1799 est
597 1760 714 1798 cuius
747 1774 815 1799 me
847 1761 1004 1800 iudicas
1039 1763 1359 1811 admonendum,
1392 1763 1544 1801 litteris
1573 1763 1657 1802 tuis
1686 1775 1759 1812 per
1786 1762 1899 1799 hunc

303 1824 550 1873 admoneas3
592 1839 715 1875 quem
753 1826 902 1876 partim
935 1827 1061 1865 huius
1093 1827 1151 1866 rei
1179 1828 1310 1877 gratia
1338 1828 1445 1876 misi,
1479 1828 1569 1867 sine
1597 1841 1714 1866 mora
1743 1827 1795 1865 ad
1823 1839 1899 1864 nos

304 1891 551 1930 rediturum.

611 1891 752 1940 Quoad
781 1906 804 1931 a
831 1892 952 1931 nobis
980 1893 1153 1942 prestari
1181 1892 1330 1943 potuit,
1359 1894 1673 1932 emendauimus
1692 1906 1770 1944 que
1789 1892 1899 1930 vide-

304 1956 458 1994 bantur
491 1957 771 1995 emendanda:
815 1971 1053 2008 quanquam
1089 1971 1315 2008 nunquam,
1357 1960 1513 2009 opinor,
1549 1971 1816 2009 assequemur
1852 1961 1899 1998 vt

305 2021 664 2060 Praedicatoribus
693 2022 889 2061 omnibus
917 2023 1150 2073 probemur.

1212 2025 1257 2063 Si
1282 2024 1365 2062 iam
1394 2038 1492 2063 vsus
1517 2037 1560 2063 es
1589 2038 1692 2075 quae
1720 2036 1796 2074 per
1829 2035 1899 2062 vn-

248 2106 286 2127 10
304 2088 471 2126 oculum
501 2087 678 2126 Petrum
707 2088 910 2136 misimus,
937 2090 1138 2128 remittito
1165 2103 1239 2139 per
1268 2090 1379 2128 hune
1408 2090 1615 2128 famulum
1642 2102 1794 2128 meum.
1855 2088 1899 2126 Si

304 2153 402 2203 quid
424 2153 630 2192 videbitur
648 2153 822 2192 scribere
842 2154 1083 2202 Reuehlino,
1107 2155 1255 2194 curabo
1275 2158 1321 2194 vt
1344 2155 1407 2193 illi
1431 2156 1633 2194 reddatur.

1693 2153 1897 2203 Quoniam

303 2219 381 2256 iter
399 2218 690 2269 longissimum
709 2233 803 2257 sum
824 2219 1086 2270 ingressurus
1105 2220 1218 2269 (nam
1237 2223 1308 2259 aut
1327 2221 1501 2259 Venetia
1526 2223 1588 2260 est
1606 2220 1803 2268 adeunda,
1827 2221 1899 2257 aut

304 2286 411 2323 certe
437 2283 624 2333 Basilea),
655 2297 757 2334 opus
783 2287 844 2323 est
867 2299 971 2336 equo
999 2287 1091 2324 tum
1121 2286 1336 2325 commodo
1363 2288 1457 2325 tum
1485 2287 1668 2336 patiente
1695 2285 1893 2324 laborum.

348 2409 419 2440 783.
445 2410 497 2440 26.
531 2411 608 2440 LB:
641 2412 799 2440 marcatu
831 2413 900 2442 MS.

303 2456 373 2484 LE:
399 2452 673 2483 emendabimus
695 2456 764 2483 MS.

350 2552 422 2583 783.
446 2562 499 2583 21.
523 2552 760 2592 Traiectensi]
780 2552 841 2591 Ep.
864 2553 934 2591 728.

392 2595 602 2636 Leodiensi]
619 2596 681 2635 Ep.
698 2597 770 2634 746.

392 2638 679 2679 Maguntinensi]
695 2640 759 2679 Ep.
777 2640 851 2670 661.

349 2691 401 2713 22.
428 2683 619 2723 Hispania]
639 2683 691 2714 Cf.
710 2683 773 2722 Ep.
790 2683 863 2722 582.
882 2693 903 2722 9
916 2693 952 2714 n.

350 2728 402 2756 26.
430 2726 626 2766 Chiliades]
662 2727 736 2757 The
762 2730 891 2765 Adayz'a
917 2727 955 2757 of
980 2726 1065 2757 Nov.

310 2771 434 2809 1517-8
451 2781 458 2800 :
481 2780 539 2801 see
554 2768 659 2800 BEr2.

350 2822 401 2850 27.
427 2813 594 2854 coniuge]
607 2814 708 2844 Alice
725 2814 875 2853 (†1521),
893 2813 1070 2853 daughter

307 2856 344 2886 of
354 2856 410 2886 Sir
421 2856 548 2897 Henry
560 2857 672 2887 Kebel
688 2867 695 2895 ;
710 2857 928 2897 Mountjoy's
938 2857 1068 2888 second

307 2900 389 2929 wife
413 2900 485 2930 and
507 2901 649 2931 mother
672 2900 710 2931 of
734 2900 791 2931 his
818 2910 881 2932 son
909 2901 1066 2932 Chai-les.

308 2943 361 2982 By
377 2943 436 2973 his
452 2944 529 2974 first
547 2944 630 2974 wife
643 2944 721 2984 (Ep.
737 2953 808 2982 105.
828 2944 910 2984 311.)
926 2944 1068 2975 Mount-

305 2986 366 3025 joy
397 2986 468 3016 had
499 2990 569 3017 two
602 2987 804 3026 daughters.
862 2988 925 3018 See
957 2988 1066 3018 DNB.

1050 2420 1102 2450 27.
1129 2412 1306 2451 coniugali
1337 2411 1510 2451 librisque
1539 2413 1606 2442 MS.

948 2455 977 2484 8.
1003 2464 1190 2494 nunquam
1215 2458 1261 2486 bis
1284 2458 1319 2485 in
1341 2457 1422 2492 MS„
1441 2457 1476 2485 in
1493 2457 1560 2491 fine
1582 2459 1608 2485 et
1629 2457 1720 2485 initio
1743 2464 1896 2485 versuum.

1765 2410 1839 2442 784.
1864 2420 1894 2449 7.

1178 2553 1231 2583 28.
1255 2551 1516 2592 Epistolarum]
1548 2552 1632 2583 This
1656 2554 1799 2591 request
1821 2561 1898 2592 per-

1135 2596 1225 2636 haps
1256 2596 1434 2635 produced
1464 2596 1529 2627 the
1567 2596 1666 2635 early
1702 2597 1827 2627 letters
1860 2597 1897 2626 to

1136 2639 1325 2679 Mountjoy
1346 2639 1466 2669 which
1486 2649 1616 2679 appear
1639 2641 1678 2669 in
1698 2639 1745 2679 E;
1773 2649 1810 2670 as
1833 2639 1896 2678 Ep.

1136 2683 1198 2721 785
1213 2682 1315 2713 those
1331 2684 1368 2713 to
1384 2683 1492 2713 More.
1539 2683 1606 2713 For
1622 2683 1726 2713 other
1737 2692 1897 2723 prepara-

1134 2727 1230 2757 tions
1256 2725 1310 2756 for
1336 2736 1417 2756 new
1442 2727 1602 2757 volumes
1633 2727 1672 2757 of
1698 2726 1824 2758 letters
1851 2726 1895 2757 ef.

1134 2769 1223 2809 Epp·
1239 2770 1314 2809 634,
1334 2771 1410 2808 656,
1425 2771 1500 2809 660,
1518 2771 1591 2809 767·

1179 2813 1196 2842 7
1200 2814 1251 2843 84.
1265 2823 1296 2852 9.
1316 2813 1642 2854 Praedicatoribus]
1656 2813 1707 2844 Cf.
1719 2813 1807 2853 Epp.
1820 2822 1892 2852 597.

1134 2857 1185 2895 56,
1205 2857 1278 2887 628.
1302 2866 1350 2896 15,
1370 2857 1441 2887 and
1459 2858 1535 2888 HE.
1555 2866 1607 2896 51.
1629 2860 1644 2894 ξ
1665 2867 1692 2896 7.

1220 2909 1303 2930 vsus
1320 2900 1372 2942 es]
1391 2900 1441 2931 Cf.
1463 2901 1527 2940 Ep.
1544 2902 1619 2939 653.
1638 2910 1733 2931 20-2.

1181 2953 1230 2974 11.
1257 2944 1411 2974 seribere
1449 2944 1664 2985 Reuehlino]
1711 2944 1762 2975 Cf.
1803 2942 1891 2983 Epp.

1135 2996 1207 3026 432.
1230 2996 1344 3027 12-17⁷
1364 2997 1436 3026 457.
1457 2997 1550 3024 1—24.
