2034 3433
354 177 434 216 592
822 176 1074 216 LETTERS
1113 177 1183 216 OF
1220 176 1486 216 ERASMUS
1828 176 1952 231 [1519

352 292 496 318 meum
515 292 602 317 esse
625 278 953 328 suspicabamur,
977 292 1073 317 cum
1098 281 1214 318 tanta
1236 280 1291 318 sit
1314 279 1513 319 orationis
1532 279 1844 330 dissimilitudo,
1866 281 1952 320 imo

276 364 335 397 155
353 357 449 383 cum
477 345 645 383 tantum
673 343 808 382 absim
837 343 890 382 ab
918 343 1033 382 illius
1065 343 1202 382 diuini
1232 345 1445 384 Praesulis
1475 345 1717 384 eruditione.
1775 345 1861 384 Nec
1889 346 1954 386 de-

353 409 523 448 fuerunt
543 410 616 459 qui
643 408 750 447 Mori
775 408 977 458 Vtopiam
1003 408 1111 447 mihi
1138 410 1440 449 asscriberent:
1469 410 1570 449 adeo
1601 409 1797 461 quicquid
1815 411 1953 461 prodit

352 488 523 522 nouum,
545 474 675 513 velim
694 474 837 521 nolim,
860 487 1004 512 meum
1024 476 1099 513 est.

406 540 569 579 Prodiit
611 541 708 578 ante
745 553 909 578 menses
947 540 1118 590 aliquot,
1158 542 1201 578 et
1238 540 1394 590 prodiit
1431 541 1553 580 malis
1590 542 1749 589 auibus,
1784 539 1954 580 libellus

351 605 523 655 quidam
551 605 762 654 ridiculus,
795 618 920 655 quem
948 605 993 643 in
1025 605 1248 644 schismate
1280 606 1470 655 proximo
1503 607 1708 657 scriptum
1736 619 1825 645 0550
1853 605 1956 645 satis

276 677 334 710 160
351 669 487 720 arguit
510 670 650 720 ipsum
676 672 998 720 argumentum3
1029 670 1100 709 sed
1119 683 1142 709 a
1162 684 1244 721 quo
1272 671 1482 710 incertum
1508 673 1582 720 est,
1603 671 1687 710 nisi
1716 671 1824 722 quod
1847 671 1956 710 liber

349 735 504 774 indicat
541 749 650 785 eum,
691 736 878 787 quisquis
915 735 1006 783 fuit,
1049 736 1204 775 fauisse
1242 736 1385 775 Gallis.
1463 736 1650 787 Suspicio
1688 751 1761 787 per
1798 736 1956 776 multos

350 801 601 851 obambulat,
623 802 864 852 praesertim
886 802 996 851 apud
1025 801 1284 850 Germanos3
1312 815 1412 841 nam
1438 803 1547 853 apud
1571 802 1647 841 1105
1666 803 1793 842 variis
1819 802 1955 841 titulis

349 867 527 905 habetur
563 867 801 918 descriptus.
863 867 989 906 Hunc
1022 867 1150 917 igitur
1183 881 1278 906 cum
1313 869 1411 906 ante
1444 868 1680 917 complures
1716 881 1850 907 annos
1885 867 1955 906 1110

350 933 645 983 comperissem
668 933 811 972 haberi
836 933 995 980 furtim,
1023 946 1068 971 ac
1096 933 1289 972 libellum
1313 933 1752 984 degustassem—nam
1771 934 1956 984 percurri

273 1006 331 1048 165
350 998 489 1037 verius
521 1011 646 1048 quam
674 998 895 1049 perlegi—,
918 998 1045 1036 multi
1065 1000 1192 1036 testes
1219 1000 1318 1038 sunt
1340 1000 1595 1049 quantopere
1616 999 1697 1038 sim
1727 1001 1950 1046 execratus

349 1066 588 1114 quantoque
615 1064 752 1103 studio
781 1063 939 1114 egerim
965 1066 1012 1102 vt
1037 1064 1216 1103 aeternis
1240 1064 1424 1103 tenebris
1449 1065 1688 1104 abderetur:
1717 1065 1761 1103 id
1783 1065 1890 1115 quod
1910 1064 1954 1104 in

350 1129 443 1168 aliis
474 1143 634 1180 quoque
668 1130 823 1168 libellis
856 1142 880 1168 a
912 1142 980 1168 me
1013 1129 1172 1168 factum
1205 1129 1333 1169 multi
1371 1130 1626 1169 fatebuntur.
1687 1131 1883 1169 Testatur
1912 1132 1954 1168 et

349 1195 524 1245 epistola
543 1195 743 1245 quaedam
765 1209 854 1234 mea
868 1195 919 1233 ad
935 1195 1139 1233 Ioannem
1154 1195 1412 1244 Caesareum,
1431 1209 1557 1246 quam
1575 1196 1745 1246 quidam
1760 1195 1954 1236 Coloniae

348 1259 496 1299 furtim
529 1260 778 1310 descriptam
811 1260 1073 1310 euulgarunt.
1129 1260 1185 1300 Et
1217 1261 1339 1300 audio
1370 1261 1572 1312 quosdam
1602 1261 1728 1300 isthic
1760 1273 1848 1300 esse
1882 1261 1954 1312 qui

270 1344 331 1377 170
348 1325 475 1365 huius
507 1340 671 1376 quoque
704 1326 837 1365 libelli
870 1326 1148 1375 suspicionem
1179 1326 1287 1364 mihi
1320 1328 1526 1365 conantur
1556 1326 1814 1377 impingere:
1853 1326 1954 1365 adeo

349 1392 461 1430 nihil
489 1391 745 1430 intentatum
775 1391 1018 1442 relinquunt
1046 1391 1118 1430 isti
1149 1391 1222 1442 qui
1254 1391 1396 1430 dolent
1424 1391 1685 1430 reflorescere
1714 1392 1878 1441 linguas
1906 1404 1953 1430 ac

349 1457 523 1495 meliora
551 1457 700 1495 studia.
761 1457 1010 1507 Impingunt
1038 1458 1177 1495 autem
1209 1470 1293 1495 non
1321 1457 1403 1495 alio
1429 1457 1525 1495 freti
1554 1459 1799 1507 argumento
1826 1469 1952 1507 quam

349 1521 465 1570 stili;
505 1522 577 1572 qui
606 1524 748 1560 tamen
779 1522 863 1560 mei
896 1535 983 1560 non
1018 1522 1245 1561 admodum
1276 1522 1427 1561 similis
1459 1524 1532 1570 est,
1570 1522 1653 1561 nisi
1690 1536 1808 1561 meus
1845 1521 1953 1561 mihi

348 1600 495 1637 parum
529 1589 591 1625 est
621 1588 821 1638 cognitus.
880 1587 1126 1636 Quanquam
1165 1588 1266 1637 quid
1302 1588 1459 1626 mirum
1496 1588 1597 1627 adeo
1636 1587 1742 1626 foret
1779 1588 1816 1627 si
1851 1588 1950 1638 quid

269 1651 436 1702 175illi0
456 1653 529 1691 aut
547 1652 649 1691 alibi
668 1666 764 1692 cum
787 1666 881 1691 mea
906 1652 1047 1702 phrasi
1074 1654 1347 1703 congrueret?
1375 1666 1472 1692 cum
1498 1667 1620 1692 nemo
1646 1653 1775 1692 ferme
1800 1653 1951 1692 scribat

348 1717 461 1757 hisce
489 1718 748 1768 temporibus
777 1717 848 1768 qui
874 1730 960 1756 non
987 1717 1143 1767 aliquid
1171 1718 1255 1757 mei
1284 1718 1372 1756 stili
1401 1718 1579 1766 referat3
1609 1719 1823 1768 propterea
1841 1718 1951 1769 quod

350 1796 465 1821 meae
501 1783 810 1822 lucubrationes
846 1782 1035 1821 omnium
1073 1796 1179 1832 pene
1216 1783 1409 1822 manibus
1447 1785 1645 1831 terantur,
1683 1783 1784 1822 adeo
1822 1785 1870 1822 vt
1906 1783 1951 1822 in

349 1849 499 1887 horum
540 1848 665 1887 etiam
698 1848 817 1887 libris
850 1848 922 1899 qui
955 1848 1140 1887 scribunt
1177 1849 1399 1888 aduersum
1436 1862 1515 1897 me,
1554 1862 1639 1887 non
1677 1861 1768 1887 raro
1806 1848 1951 1888 stilum

350 1927 492 1952 meum
511 1926 741 1963 agnoscam,
769 1927 916 1964 meque
936 1913 1042 1952 meis
1061 1914 1211 1964 pennis
1230 1913 1421 1964 transfigi
1440 1914 1630 1954 sentiam.

273 1990 332 2020 180
405 1978 582 2018 Nullum
608 1979 742 2018 adhuc
770 1992 874 2030 opus
894 1979 1132 2029 conscripsi,
1154 1992 1288 2029 neque
1312 1979 1619 2029 conscripturus
1647 1993 1753 2028 sum,
1774 1979 1842 2018 cui
1866 1992 1951 2018 non

350 2044 573 2094 praefigam
605 2058 746 2083 meum
776 2058 943 2083 nomen.
1002 2045 1200 2084 Lusimus
1230 2044 1332 2083 olim
1361 2045 1408 2083 in
1442 2044 1583 2093 Moria,
1618 2045 1691 2083 sed
1722 2045 1949 2094 incruente,

349 2109 446 2148 licet
465 2110 639 2148 fortasse
658 2110 753 2160 plus
771 2110 872 2149 satis
891 2110 1028 2149 libere.
1088 2110 1305 2149 Caeterum
1332 2109 1437 2148 illud
1461 2123 1622 2160 semper
1648 2111 1750 2160 caui,
1771 2124 1824 2149 ne
1851 2109 1950 2160 quid

350 2188 373 2214 a
402 2188 470 2214 me
497 2175 822 2225 proficisceretur
851 2176 959 2225 quod
987 2175 1056 2214 vel
1085 2175 1363 2214 obscoenitate
1389 2175 1556 2214 vitiaret
1582 2176 1859 2225 iuuentutem,
1884 2175 1950 2214 vel

350 2241 490 2291 aliquo
509 2244 628 2292 pacto
648 2242 824 2280 officeret
846 2241 1009 2291 pietati,
1028 2241 1096 2281 vel
1122 2241 1370 2280 seditionem
1397 2243 1470 2281 aut
1495 2241 1722 2280 factionem
1747 2242 1947 2292 gigneret,

271 2317 330 2357 185
350 2307 418 2346 vel
436 2307 565 2346 vllius
584 2307 718 2346 famae
739 2308 884 2346 notam
903 2309 1038 2346 atram
1053 2306 1255 2346 allineret.
1315 2306 1520 2357 Quicquid
1535 2307 1738 2346 hactenus
1754 2307 1950 2346 sudatum

351 2374 422 2421 est,
465 2372 661 2411 iuuandis
698 2373 886 2411 honestis
924 2372 1086 2421 studiis,
1126 2372 1415 2423 prouehendae
1455 2370 1652 2421 religioni
1690 2371 1949 2411 Christianae

396 2508 466 2539 154.
495 2499 567 2530 imo
583 2522 589 2530 .
613 2522 621 2530 .
639 2522 646 2529 .
671 2508 743 2538 155.
763 2499 968 2529 eruditione
984 2500 1060 2528 add.
1075 2500 1113 2529 F.
1224 2498 1295 2537 163.
1323 2496 1434 2528 Hunc
1450 2498 1504 2527 H:
1528 2496 1587 2527 hic
1604 2499 1642 2527 E.
1733 2496 1793 2528 hic
1809 2499 1883 2528 add.
1902 2499 1945 2528 Η.

352 2553 424 2582 177.
451 2543 616 2574 omnium
631 2552 724 2582 pene
739 2545 769 2573 E
785 2554 792 2573 :
823 2542 1021 2573 multorum
1036 2544 1074 2573 F.
1211 2542 1282 2581 185.
1309 2541 1474 2572 alliniret
1489 2543 1532 2571 H.

394 2661 466 2692 155.
490 2652 610 2683 diuini
638 2651 832 2692 Praesulis]
864 2652 938 2682 The
965 2652 1050 2681 tone
1079 2651 1117 2681 of
1183 2649 1263 2691 (Ep.
1280 2651 1355 2689 961.
1374 2659 1414 2688 37
1432 2649 1498 2689 n.).

348 2696 424 2727 this
437 2695 601 2726 addition
616 2697 722 2726 about
735 2696 861 2726 Fisher
876 2696 915 2725 in
932 2694 959 2725 F
971 2695 1000 2725 is
1014 2695 1113 2734 quite
1229 2694 1299 2733 163.
1330 2692 1543 2734 descriptus]
1580 2692 1646 2724 For
1680 2692 1777 2725 MSS.
1813 2692 1853 2723 of
1883 2692 1946 2724 the

347 2739 518 2770 different
530 2739 621 2770 from
634 2740 715 2770 that
727 2739 766 2770 of
772 2739 835 2770 the
845 2748 987 2779 passage
998 2738 1114 2769 added
1180 2738 1288 2768 Iulius
1302 2746 1360 2767 500
1377 2737 1441 2776 Ep.
1461 2745 1525 2775 502
1540 2735 1673 2767 introd.
1924 2737 1927 2739 ’

346 2784 383 2814 to
403 2783 466 2822 Ep.
484 2792 559 2822 237.
580 2784 685 2822 14-16
700 2783 739 2813 in
756 2783 803 2814 H.
1226 2781 1301 2812 166.
1323 2780 1528 2820 abderetur]
1555 2780 1605 2811 Cf.
1624 2780 1690 2819 Ep.
1705 2780 1781 2818 636.
1803 2779 1898 2810 26-8.

392 2827 462 2865 158.
487 2826 647 2867 libellus]
664 2826 738 2856 The
751 2828 855 2857 Iulius
868 2828 1008 2856 exclusus
1025 2837 1033 2856 ε
1056 2834 1114 2855 500
1226 2824 1298 2855 168.
1322 2823 1489 2865 epistola]
1504 2824 1569 2863 Ep.
1587 2824 1661 2855 622.

347 2869 434 2909 Epp.
453 2879 518 2909 502
534 2870 679 2909 introd„
698 2870 772 2909 961.
793 2879 834 2908 34
851 2879 923 2908 seq.
1226 2868 1296 2898 181.
1325 2867 1495 2898 Lusimus
1509 2866 1611 2908 olim]
1629 2866 1681 2898 cf.
1698 2866 1762 2906 Ep.
1782 2867 1858 2897 622.
1875 2876 1927 2897 21.

392 2914 463 2944 161.
487 2914 617 2944 fauisse
641 2913 769 2954 Gallis]
793 2913 868 2944 The
892 2911 1029 2943 French
1053 2921 1112 2942 are
1226 2911 1297 2950 185.
1318 2910 1498 2952 allineret]
1510 2910 1564 2942 Cf.
1579 2910 1667 2942 Hor.
1677 2910 1879 2949 A.P.446,7.
1909 2910 1948 2941 It

347 2955 551 2996 frequently
566 2956 776 2988 mentioned
792 2957 832 2987 in
843 2956 904 2987 the
915 2958 1033 2994 Iulius,
1048 2955 1112 2986 but
1178 2955 1210 2985 is
1233 2954 1435 2985 noticeable
1455 2955 1537 2985 that
1559 2954 1600 2985 in
1623 2954 1659 2985 H
1680 2953 1744 2984 the
1765 2953 1779 2983 i
1800 2954 1893 2984 form
1913 2953 1945 2984 is

345 3000 435 3029 with
448 3000 544 3030 little
557 3001 683 3039 praise.
719 2999 995 3040 Moreprobably
1008 2999 1110 3029 Eras-
1178 2997 1415 3028 introduced:
1445 2997 1567 3028 which
1598 2997 1629 3028 is
1659 2996 1754 3028 cited
1788 2997 1827 3027 in
1857 2999 1943 3028 Thes.

345 3051 425 3074 mus
451 3043 522 3074 had
546 3044 586 3074 in
612 3044 670 3075 his
692 3044 796 3075 mind
822 3045 976 3074 L’homme
999 3042 1113 3073 obstiwe'
1178 3044 1269 3080 Βίης.
1281 3043 1349 3073 Lat.
1361 3041 1454 3073 from
1467 3040 1650 3072 Palladius
1661 3040 1733 3072 and
1743 3039 1846 3072 Mart.
1857 3038 1941 3079 Cap.
