2034 3433
172 164 267 219 698]
1244 148 1245 153 ἵ
1688 172 1763 209 123

781 223 876 266 698.
936 222 1000 263 To
1030 222 1168 263 JOHN.

217 309 404 346 Deventer
420 311 497 347 MS.
516 322 572 358 91,
593 312 616 347 f.
635 313 690 348 66.
1445 312 1623 348 Louvain.

216 368 289 404 LB.
309 369 403 416 App.
426 380 501 415 199.
1348 381 1368 405 2
1387 371 1597 407 November
1617 380 1716 417 1517.

212 449 248 490 [1
264 458 323 481 am
340 450 416 481 still
433 450 564 482 unable
580 452 616 482 to
632 450 788 490 identify
802 451 877 482 this
889 451 985 482 John
1003 452 1040 481 to
1052 451 1172 482 whom
1188 451 1249 481 the
1262 453 1471 482 Enchirz'dion
1487 461 1559 482 was
1577 451 1762 482 dedicated

171 491 250 533 (Ep.
271 494 358 533 164).
407 494 463 525 He
480 504 553 525 was
570 494 721 534 perhaps
740 494 897 525 resident
913 496 950 525 at
967 495 1106 531 Mainz;
1131 494 1175 526 cf.
1192 495 1254 534 Ep.
1275 504 1348 533 709.
1370 494 1443 536 25.]

606 582 812 612 ERASMVS
837 582 884 614 M.
913 582 1075 612 IOANNI
1106 581 1189 611 SVO
1220 582 1254 612 S.
1280 582 1322 612 D.

220 660 338 700 Rooo
354 663 395 700 te
408 664 454 701 vt
470 663 545 701 has
562 662 722 702 litteras
743 675 859 701 cures
879 662 1206 712 Nurembergam
1222 662 1484 712 perferendas
1498 661 1626 701 simul
1640 664 1762 712 atque

165 725 383 776 contigerit
403 728 468 766 cui
488 728 724 766 committas
743 745 751 776 ;
781 729 821 766 et
841 741 894 766 ne
912 728 1022 767 sinas
1042 727 1270 766 amicitiam
1290 729 1476 766 nostram
1506 740 1758 767 euanescere.

165 790 305 830 Audio
330 793 372 830 te
397 794 535 831 totum
564 793 802 832 inauratum
830 807 854 831 a
876 793 1096 843 Principe;
1127 794 1376 842 quapropter
1401 806 1653 843 magnopere
1675 805 1760 843 gra-

164 855 287 894 tulor.
346 858 425 896 Sed
442 871 585 897 vereor
613 872 666 897 ne
695 859 921 909 podagram
940 859 1160 896 contrahas
1180 859 1241 895 tot
1263 857 1453 896 millibus
1474 858 1760 897 numerandis.

164 919 433 972 Enxeiridion
453 923 605 973 vbique
627 923 789 974 legitur,
813 927 854 962 et
878 923 1033 962 multos
1056 923 1249 961 homines
1274 924 1346 961 aut
1372 922 1501 961 bonos
1527 923 1665 962 reddit
1688 925 1760 962 aut
1780 939 1796 971 5

163 989 270 1025 certe
297 988 505 1028 meliores.
562 989 656 1027 Non
685 991 747 1027 est
776 988 1137 1036 committendum,
1167 988 1322 1038 optime
1352 988 1542 1037 Ioannes,
1564 990 1610 1027 vt
1638 989 1760 1027 nobis

163 1051 323 1091 duobus
350 1053 451 1092 solis
479 1054 532 1092 sit
562 1054 868 1103 infrugiferum,
900 1054 950 1091 ab
979 1053 1107 1091 altero
1144 1053 1363 1102 scriptum,
1393 1053 1513 1092 alteri
1541 1054 1755 1103 scriptum.

163 1115 289 1156 Hunc
307 1118 513 1158 famulum
532 1132 674 1158 meum
697 1120 952 1158 Germanum
978 1118 1040 1156 fac
1065 1118 1271 1156 Germane
1296 1120 1458 1157 tractes.
1519 1118 1633 1157 Bene
1651 1119 1755 1167 vale,

161 1181 391 1222 amicorum
411 1185 577 1234 optime.
637 1184 743 1223 Cum
762 1184 925 1223 veneris
945 1183 1189 1231 Louanium,
1209 1184 1451 1222 tractaberis
1469 1183 1514 1222 in
1533 1184 1758 1235 pedagogio

162 1259 277 1286 more
295 1248 564 1300 pedagogiali.
625 1249 801 1288 Louanii
821 1249 1018 1299 postridie
1038 1248 1229 1287 omnium
1250 1248 1444 1287 diuorum
1464 1261 1552 1288 M.D.
1584 1259 1640 1298 17.
1781 1266 1818 1288 10

588 1382 686 1422 699.
747 1381 810 1421 To
842 1380 1012 1421 GILLEs
1043 1379 1326 1420 BUSLEIDEN.

207 1469 390 1504 Deventer
408 1469 485 1505 MS.
503 1480 560 1515 91,
579 1470 604 1505 f.
625 1472 668 1506 82
687 1474 736 1506 v0.
1405 1468 1629 1517 (Louvain.)

206 1526 278 1562 LB.
296 1527 392 1572 App.
413 1538 494 1572 232.
1327 1526 1562 1573 <November
1583 1528 1707 1575 1517.>

203 1607 252 1648 [A
276 1609 413 1647 precise
439 1609 521 1641 date
549 1610 580 1640 is
606 1611 670 1641 not
696 1609 861 1650 possible.
910 1609 1134 1648 Subsequent
1161 1610 1197 1639 to
1222 1609 1286 1648 Ep.
1311 1609 1385 1648 691,
1412 1618 1448 1640 as
1471 1609 1668 1640 Busleiden
1692 1611 1756 1640 has

158 1660 242 1682 now
258 1652 420 1683 received
437 1652 537 1684 Matt.
554 1653 705 1693 Adrian,
723 1653 795 1684 and
811 1652 986 1693 probably
1001 1653 1098 1693 prior
1121 1653 1158 1684 to
1175 1653 1238 1692 Ep.
1257 1661 1330 1692 731.
1377 1652 1445 1684 For
1468 1653 1530 1684 the
1552 1652 1757 1685 difficulties

157 1694 305 1726 alluded
321 1697 357 1726 to
373 1697 458 1727 here
473 1707 530 1727 see
548 1697 611 1737 Ep.
630 1698 693 1736 691
712 1696 863 1738 introd.]

206 1782 510 1814 ORNATISSIMO
541 1784 650 1814 VIRO
682 1784 725 1816 D.
749 1783 941 1815 AEGIDIO
972 1782 1198 1823 BVSL1D10‚
1233 1783 1440 1813 PATRONO
1473 1784 1526 1813 ET
1558 1783 1702 1815 AMICO

762 1853 857 1883 MEO
889 1852 1147 1884 SINGVLARI.

210 1927 249 1966 S.
270 1927 315 1968 P.
350 1927 433 1966 Pro
454 1928 643 1967 Hebraeo
662 1929 844 1978 benigne
864 1928 1112 1979 comiterque
1132 1929 1297 1977 accepto
1317 1940 1482 1977 agerem
1498 1927 1575 1966 tibi
1590 1928 1753 1977 gratias,

157 1992 417 2031 ornatissime
437 1993 637 2043 Buslidie‚
658 1994 702 2032 ni
722 1994 855 2044 magis
868 1993 1015 2032 liberet
1028 1992 1228 2044 gratulari
1248 1992 1338 2040 tibi,
1356 1993 1422 2031 cui
1434 1993 1543 2032 vltro
1563 1993 1756 2043 obtigerit

155 2056 226 2095 ille
245 2057 355 2097 votis
374 2059 571 2098 omnibus
588 2060 845 2109 exoptandus
875 2058 924 2097 ad
953 2058 1030 2097 hoc
1059 2057 1244 2108 negocii;
1275 2058 1383 2108 quod
1403 2058 1514 2097 haud
1535 2058 1659 2097 dubie
1680 2060 1755 2098 toti

154 2123 272 2173 genti
291 2124 557 2163 Buslidianae
583 2125 739 2164 famam
765 2137 809 2163 ac
839 2124 963 2163 decus
988 2123 1119 2174 pariet
1138 2136 1357 2173 nunquam
1378 2123 1751 2171 intermoriturum⁷

154 2189 344 2238 quodque
362 2189 500 2227 studia
518 2190 658 2228 omnia
676 2190 804 2229 variis
817 2190 953 2228 modis
966 2189 1145 2239 collapsa
1159 2189 1360 2228 restituet.
1422 2189 1567 2239 Neque
1581 2189 1754 2228 deerunt
1774 2204 1790 2235 5

154 2254 200 2292 in
220 2254 388 2292 caeteris
406 2255 634 2304 gymnasiis
664 2255 735 2305 qui
763 2255 1089 2305 pulcherrimum
1113 2254 1190 2292 hoc
1213 2254 1456 2293 institutum
1475 2255 1750 2293 aemulentur.

155 2319 290 2368 Quare
322 2321 364 2358 te
397 2332 497 2369 rogo
534 2333 609 2370 per
647 2320 794 2370 optimi
832 2321 974 2359 fratris
1012 2320 1255 2358 memoriam
1293 2333 1447 2369 perque
1486 2332 1753 2358 communem

154 2384 338 2424 nominis
366 2385 600 2423 Buslidiani
627 2385 802 2436 gloriam
831 2398 982 2436 perque
1010 2384 1221 2434 publicam
1250 2384 1441 2422 omnium
1474 2384 1754 2423 studiosorum

154 2450 390 2498 vtilitatem,
414 2463 466 2488 ne
493 2450 649 2501 patiare
668 2454 710 2490 te
729 2452 779 2490 ab
799 2465 847 2490 eo
867 2450 976 2501 quod
997 2451 1190 2499 coeptum
1210 2451 1272 2488 est
1292 2449 1450 2488 abduci.
1511 2450 1621 2489 Sunt
1639 2451 1753 2489 enim

152 2515 339 2554 fortassis
368 2517 441 2566 qui
468 2517 547 2566 ipsi
575 2530 649 2556 suo
676 2517 784 2555 bono
812 2516 1040 2563 inuideant,
1063 2515 1293 2564 malintque
1322 2514 1425 2553 alios
1455 2528 1477 2552 a
1508 2514 1752 2554 melioribus
1774 2527 1812 2549 10

153 2580 304 2620 studiis
322 2583 507 2620 auertere
527 2595 652 2632 quam
671 2583 751 2633 ipsi
770 2583 926 2621 discere
945 2581 1130 2620 meliora.
1188 2580 1293 2619 Mihi
1311 2593 1408 2619 sane
1423 2580 1491 2619 hic
1507 2594 1582 2619 nec
1599 2582 1752 2620 seritur

154 2659 227 2685 nec
248 2648 421 2685 metitur
443 2661 452 2685 ε
481 2648 567 2686 sola
587 2661 654 2686 me
673 2648 830 2698 publici
849 2647 1056 2686 commodi
1082 2647 1186 2685 ratio
1213 2648 1365 2684 mouet.
1426 2646 1543 2685 Nihil
1562 2659 1748 2696 vnquam

510 2756 585 2789 698.
611 2765 641 2795 5.
666 2755 903 2795 Enxeiridion
920 2758 1048 2793 scripsi:
1072 2754 1297 2785 Enxeridion
1315 2757 1386 2786 MS.

196 2842 271 2874 698.
300 2851 327 2873 1.
352 2842 417 2873 has
432 2842 588 2882 litteras]
607 2843 670 2882 Ep.
688 2843 763 2882 694.
981 2841 1134 2883 perhaps
1156 2840 1368 2880 B1·a><ilogus
1384 2840 1512 2871 should
1529 2841 1571 2871 be
1590 2841 1692 2873 read.

195 2897 225 2924 4.
252 2884 429 2924 millibus]
445 2895 486 2916 sc.
501 2895 681 2924 passuum.
1024 2886 1054 2916 8.
1081 2883 1285 2924 famulum]
1311 2884 1470 2923 Perhaps
1487 2883 1598 2914 Hand
1612 2884 1655 2922 B,
1667 2885 1750 2916 who

194 2938 225 2968 5.
253 2928 509 2969 Euxeiridion]
541 2928 608 2959 For
638 2929 713 2960 this
743 2930 835 2960 form
867 2930 911 2960 cf.
981 2938 1094 2959 seems
1109 2931 1146 2959 to
1163 2928 1253 2958 have
1274 2927 1339 2958 left
1360 2927 1530 2957 Erasmus
1546 2927 1655 2958 about
1674 2928 1749 2958 this

151 2973 311 3012 monaxi,
329 2974 368 3002 in
390 2981 410 3002 a
431 2972 537 3003 letter
552 2972 590 3003 of
609 2971 749 3004 Gilbert
765 2973 910 3008 Cousin‚
981 2973 1079 3011 time,
1098 2972 1161 3002 the
1185 2971 1289 3002 latest
1313 2971 1437 3001 letters
1458 2970 1583 3010 copied
1601 2971 1653 3043 by
1670 2971 1749 3002 him

150 3015 256 3047 Basle
268 3016 339 3047 MS.
350 3015 424 3046 KA.
435 3016 471 3047 C.
488 3024 553 3046 1.2.
567 3025 641 3053 140.
667 3016 712 3046 In
725 3016 789 3056 Ep.
803 3025 856 3055 35.
869 3017 912 3046 86
982 3016 1088 3055 being
1104 3015 1193 3055 Epp.
1211 3016 1285 3053 683,
1291 3025 1320 3052 4.
