2034 3433
186 132 235 168 68
244 142 259 168 1
276 129 281 174 Ι
667 133 819 172 FROM
860 134 1045 173 PETER
1083 134 1282 174 GILLEs
1692 139 1767 177 103

183 234 326 274 nullus
351 238 486 275 certus
511 236 678 275 interim
699 238 874 276 occurrit
893 239 1077 277 nuntius.
1138 240 1199 278 De
1219 240 1534 279 adolescentulis
1554 241 1767 281 beatorum

179 303 400 349 parentum
429 314 656 340 memorem
685 315 836 341 mones.
898 304 957 342 De
986 305 1146 342 medico
1171 317 1290 354 agam
1315 305 1422 354 quod
1452 305 1593 354 iubes3
1622 320 1767 345 verum

181 378 264 404 non
293 366 576 417 conquiescam
595 367 697 417 quin
728 381 846 406 aures
875 369 963 407 eius
982 369 1188 408 vellicabo.
1247 370 1512 409 Tunstallum
1538 373 1767 421 aegrotasse
1785 389 1801 419 5

179 431 300 469 vnice
320 431 460 470 doleo:
488 431 558 470 vbi
587 444 753 470 sensero
782 433 886 471 mihi
914 433 1067 484 aliquid
1097 447 1183 472 esse
1202 434 1365 482 virium,
1388 435 1526 474 isthuc
1551 436 1761 475 aduolabo.

181 495 240 533 De
261 495 388 535 Clauo
412 509 496 534 non
521 509 690 546 prorsus
716 497 903 547 displicet·
923 499 1029 548 quod
1055 498 1224 546 scribis;
1254 512 1399 538 verum
1425 514 1536 539 nunc
1555 502 1765 551 vtcunque

177 561 455 600 conualescere
475 561 640 612 incipio.
686 564 778 612 Ago
797 562 875 601 tibi
894 563 1056 612 gratias,
1079 564 1138 602 mi
1158 565 1326 603 Erasme
1343 581 1351 613 ;
1380 567 1420 604 et
1433 565 1595 605 vtinam
1616 567 1765 605 referre

177 638 340 675 possem
355 627 464 676 quod
485 640 649 677 operam
670 630 785 666 tuam
807 630 893 667 tam
917 628 1127 667 liberalem
1154 630 1259 667 mihi
1279 630 1510 680 polliceris!
1550 631 1765 670 Vnoculus

175 690 321 730 faustis
346 693 492 731 auibus
519 707 613 732 cum
638 693 808 744 picturis
835 695 985 733 nostris
1005 694 1201 744 Angliam
1227 696 1372 746 petiit;
1402 697 1436 734 si
1461 696 1600 735 Morus
1619 697 1765 737 Caletii
1785 713 1821 734 10

175 757 247 804 est,
271 756 354 796 iam
383 757 505 796 habet
532 759 761 808 spectacula
790 761 942 797 nostra.
998 760 1060 797 Tu
1090 772 1185 797 cura
1206 772 1329 809 quam
1358 761 1513 811 optime
1533 761 1679 810 valeas,
1704 764 1763 802 mi

173 820 360 860 Erasme.

225 887 458 938 Antuerpia
481 900 541 937 27.
566 889 828 939 Septembris,
851 890 977 927 Anno
1003 899 1114 937 1517.

545 1041 640 1080 682.
701 1038 764 1080 To
795 1038 990 1079 GERARD
1022 1038 1384 1081 GELDENHALER.

218 1129 404 1165 Deventer
423 1130 498 1165 Ms.
517 1141 574 1175 91,
594 1130 617 1164 f.
638 1139 691 1174 59.
1432 1131 1607 1169 Louvain.

217 1187 285 1224 LB.
304 1188 400 1234 App.
423 1199 499 1234 191.
1341 1199 1356 1233 5
1378 1188 1539 1227 October
1559 1191 1710 1238 (1517).

471 1269 556 1310 [For
570 1268 632 1299 the
649 1267 732 1298 date
749 1277 805 1298 see
823 1268 909 1307 Epp.
926 1267 991 1306 603
1007 1267 1142 1299 inti-od.
1162 1269 1234 1299 and
1252 1279 1324 1308 727.
1347 1280 1360 1299 1
1382 1270 1432 1310 n.]

583 1354 788 1385 ERASMVS
818 1354 847 1384 N
851 1353 1085 1384 OVIOMAGO
1117 1353 1199 1384 SVO
1230 1355 1263 1385 S.
1292 1356 1333 1385 D.

218 1435 506 1475 CLARISSIMVM
526 1435 764 1485 Principem
784 1437 871 1472 tam
891 1448 1093 1484 propenso
1114 1435 1157 1474 in
1183 1449 1258 1474 nos
1285 1450 1372 1475 esse
1397 1438 1537 1476 animo
1557 1440 1754 1479 maiorem

162 1500 208 1538 in
228 1500 401 1539 modum
420 1500 575 1551 gaudeo
594 1515 602 1548 3
630 1500 698 1538 vel
718 1500 769 1538 cb
789 1500 829 1537 id
852 1501 989 1549 ipsum
1008 1500 1117 1549 quod
1137 1500 1254 1540 iuuat
1275 1502 1475 1540 redamari
1493 1503 1544 1541 ab
1564 1517 1611 1543 eo
1631 1519 1754 1555 quem

162 1578 254 1604 amo
273 1566 520 1604 effusissime
545 1566 801 1615 suspicioque
820 1564 948 1603 vnice.
1008 1566 1111 1604 Sum
1135 1567 1249 1605 totus
1273 1580 1383 1605 nunc
1409 1568 1452 1606 in
1479 1568 1597 1607 Nouo
1617 1570 1753 1610 Testa-

161 1633 314 1679 mento,
346 1632 455 1681 quod
483 1645 550 1669 me
579 1631 876 1681 propemodum
905 1644 988 1669 non
1017 1631 1154 1669 solum
1184 1629 1477 1684 exo[s]culauit
1512 1635 1581 1672 sed
1611 1637 1752 1674 exani-

161 1696 304 1735 mauit.
364 1697 504 1735 Nolim
523 1696 652 1746 igitur
670 1698 763 1734 ante
790 1709 952 1734 menses
977 1696 1133 1746 aliquot
1153 1700 1328 1736 accersat
1349 1698 1543 1737 dominus
1569 1713 1751 1740 reueren-
1770 1714 1787 1746 5

159 1761 366 1811 dissimus,
384 1763 512 1801 donec
532 1762 608 1800 hoc
627 1775 802 1811 pensum
822 1761 1048 1800 absoluerO.
1101 1762 1223 1800 Mitto
1240 1763 1360 1802 Pacis
1376 1763 1686 1812 Querimoniam
1706 1767 1750 1805 in

158 1827 412 1866 membranis
427 1827 695 1876 descriptam:
725 1825 850 1864 nihili
870 1839 1034 1875 munus,
1055 1826 1089 1864 si
1105 1827 1322 1877 dignitatis
1342 1830 1558 1868 estimetur
1577 1831 1664 1869 eius
1684 1833 1749 1870 cui

157 1892 344 1931 mittitur
361 1906 370 1940 ;
399 1905 544 1931 verum
562 1893 603 1930 et
624 1891 740 1929 illius
759 1891 997 1930 humanitas
1012 1891 1118 1930 mihi
1134 1893 1232 1930 nota
1243 1895 1318 1941 est,
1338 1907 1470 1943 neque
1484 1896 1557 1932 tua
1571 1895 1746 1935 defuerit

157 1957 470 1996 commendatio.
504 1957 617 1995 Bene
628 1956 728 2004 vale,
744 1956 981 1995 doctissime
991 1958 1111 2008 atque
1121 1958 1231 1996 idem
1243 1958 1543 1998 humanissime
1556 1961 1744 2002 Gerarde.

211 2021 380 2072 Raptim
401 2022 576 2061 Louanii
598 2035 618 2070 3
642 2021 748 2060 Non.
773 2021 976 2060 Octobris.
1768 2039 1805 2060 10

579 2170 727 2210 6⁶⁹683.
789 2169 919 2211 FROM
949 2169 1144 2212 THoMAs
1176 2172 1325 2213 Mons.

166 2277 170 2279 Δ
202 2277 388 2312 Deventer
404 2276 483 2311 MS.
503 2285 558 2320 91,
578 2276 601 2310 f.
620 2276 699 2310 206.
1442 2278 1575 2314 Calais.

202 2335 274 2371 LB.
291 2335 387 2380 App.
410 2345 487 2380 193.
1322 2344 1340 2378 7
1361 2336 1522 2372 October
1540 2339 1693 2385 (1517).

497 2426 536 2454 T.
563 2424 714 2454 MORVS
745 2422 991 2453 DESIDERIO
1020 2423 1200 2455 ERASMO
1229 2426 1262 2456 S.
1288 2427 1326 2457 P.
1353 2427 1395 2458 D.

205 2509 416 2548 Pssmvm
434 2509 603 2548 tandem
623 2510 774 2548 Petrus
788 2510 927 2557 cocles,
945 2509 1114 2547 Erasme
1126 2507 1376 2557 charissime,
1393 2510 1509 2547 tuam
1522 2510 1740 2560 Egidiique

152 2574 284 2613 nostri
307 2574 377 2612 diu
403 2575 604 2623 expetitas
633 2574 810 2624 effigies;
840 2588 941 2624 quae
961 2587 1084 2623 quam
1110 2574 1295 2622 impense
1321 2586 1387 2611 me
1416 2573 1630 2623 delectent,
1653 2589 1740 2624 pro-

151 2638 300 2677 cliuius
327 2639 460 2677 cuiuis
488 2642 550 2677 est
578 2653 599 2677 e
627 2653 701 2678 suo
730 2652 853 2677 sensu
883 2638 1075 2688 consequi
1102 2651 1226 2687 quam
1256 2637 1428 2677 dicendo
1456 2639 1571 2677 mihi.
1630 2641 1736 2679 Nam

151 2703 243 2753 quis
262 2703 330 2742 vel
346 2704 521 2753 explicet
536 2705 672 2743 verbis
688 2705 754 2743 vel
773 2704 1020 2754 cogitatione
1039 2717 1122 2742 non
1141 2703 1301 2750 sentiat,
1320 2717 1497 2753 quorum
1517 2705 1736 2744 hominum

149 2768 215 2807 vel
235 2770 346 2807 creta
363 2768 485 2806 modo
504 2769 571 2807 vel
591 2769 765 2808 carbone
784 2769 927 2807 vultus
952 2768 1186 2808 adumbrati
1205 2781 1346 2817 capere
1365 2768 1490 2807 etiam
1509 2770 1735 2819 quemlibet
1754 2787 1771 2818 5

148 2834 338 2883 poterant
356 2832 426 2883 qui
454 2846 538 2871 non
565 2834 616 2872 ad
646 2847 809 2872 omnem
841 2834 1074 2872 litterarum
1094 2833 1343 2882 virtutisque
1371 2847 1540 2872 sensum
1569 2848 1734 2884 prorsus

191 2969 265 3001 ⁴581.
285 2981 317 3008 4.
334 2968 488 3009 medico]
501 2968 667 3008 Afinius;
690 2971 733 3001 cf.
753 2971 816 3009 Ep.
835 2970 910 3008 638.
934 2969 970 2998 18
987 2980 1021 3000 n.
1164 2979 1192 3007 7.
1218 2967 1343 3008 Clauo]
1362 2969 1413 2999 Cf.
1433 2969 1496 3009 ΕΡ.
1513 2970 1586 3009 650.
1610 2980 1650 3001 10
1666 2980 1700 3000 n.
