2034 3433
238 1176 275 1197 10

256 1826 273 1845 k)

298 138 378 176 298
766 135 1017 174 LETTERS
1056 136 1126 173 OF
1165 135 1431 175 ERASMUS
1768 135 1807 189 [1
1817 148 1863 185 51
1873 138 1896 172 S

298 239 449 271 reached
475 239 642 269 Erasmus
667 238 796 277 &Lond.
821 238 868 268 xi.
891 246 940 276 15,
968 236 1036 267 LB.
1057 246 1148 276 327).
1193 237 1268 268 The
1286 237 1408 268 Nimes
1425 239 1497 269 Ms.
1514 248 1587 277 215,
1609 239 1633 270 f.
1654 240 1714 278 164
1731 240 1894 270 cont-ains

298 294 317 314 a
345 283 488 323 portion
517 282 555 313 of
578 292 597 312 a
625 281 733 312 letter
759 283 794 311 to
825 280 968 311 Grolier
994 280 1085 310 from
1112 280 1207 310 John
1237 280 1279 311 de
1313 281 1409 321 Pius,
1439 283 1611 321 probably
1637 283 1675 312 of
1695 283 1757 313 the
1781 283 1895 314 Milan

298 325 452 367 period]

298 424 502 455 ERASMVS
533 422 866 453 ROTERODAMVS
897 423 1202 454 ORNATISSIMO
1235 423 1342 453 VIRO
1376 424 1416 454 1).
1451 424 1612 453 IOANNI
1651 423 1899 454 GROLIERIO

545 492 640 530 SVO,
673 491 794 520 APVD
825 491 1046 521 INSVBRES
1078 492 1330 527 QVAESTORI
1363 492 1515 532 REGIO,
1548 493 1581 521 S.
1606 493 1648 521 l).

350 574 448 617 Euo,
471 571 659 617 Grolieri,
679 571 744 609 vir
763 571 1002 619 clarissime,
1020 575 1066 610 vt
1086 572 1313 611 illustrium
1332 574 1473 623 tuique
1490 574 1693 612 similium
1708 573 1895 611 virorum

295 637 539 685 amiciciam,
560 637 594 674 si
615 637 680 675 vel
711 637 907 675 offeratur
930 637 1039 675 vltro
1058 638 1123 675 vel
1149 637 1257 676 bona
1276 638 1472 688 quapiam
1500 639 1666 678 fortuna
1685 638 1893 688 obtigerit,

294 702 531 741 auidissime
559 701 668 740 soleo
695 701 901 751 amplecti,
924 704 1068 752 vtpote
1096 716 1185 741 rem
1214 703 1404 741 omnium
1432 717 1526 742 meo
1556 703 1725 753 quidem
1754 704 1898 742 animo

294 769 415 817 longe
459 766 684 805 maximam
720 780 766 805 ac
803 766 1099 815 felicissimam,
1143 769 1270 806 semel
1308 769 1527 818 amplexus
1568 769 1898 818 pertinacissime

294 833 399 871 tueri
425 832 579 882 gaudeo
599 847 607 879 ;
636 832 694 870 ita
722 845 985 882 nequaquam
1012 832 1117 870 mihi
1141 833 1269 872 moris
1291 836 1355 872 est
1373 834 1561 884 ingerere
1580 837 1735 873 memet
1756 834 1893 884 ipsum

293 898 336 935 in
369 897 599 947 cuiuspiam
633 897 969 944 familiaritatem,
1006 899 1158 948 quippe
1193 899 1266 949 qui
1297 899 1354 937 sic
1388 902 1537 937 natura
1567 899 1813 938 abhorream
1843 899 1897 937 ab

294 963 408 1001 omni
437 975 585 1012 genere
614 962 864 1010 ambitionis,
887 966 933 1001 vt
958 976 1033 1001 nec
1060 964 1164 1002 illud
1192 964 1352 1002 ambire
1377 965 1606 1003 sustineam
1631 965 1738 1014 quod
1762 977 1893 1002 vnum

293 1029 337 1066 in
374 1028 497 1067 rebus
536 1028 732 1066 humanis
773 1028 1042 1067 ambiendum
1080 1029 1282 1077 duxerim,
1325 1030 1461 1080 siquid
1504 1030 1676 1069 omnino
1715 1029 1894 1068 iudicem

293 1094 572 1132 ambiendum.
648 1093 755 1132 Nam
794 1094 859 1132 dic
897 1093 1003 1132 mihi
1040 1108 1112 1144 per
1155 1095 1328 1143 Gratias,
1372 1109 1474 1145 quae
1511 1095 1716 1145 possessio
1758 1097 1895 1145 potest

293 1159 456 1197 homini
499 1159 735 1208 contingere
778 1159 844 1197 vel
886 1159 1097 1198 honestior
1134 1161 1200 1198 vel
1238 1161 1370 1199 tutior
1406 1161 1473 1199 vel
1510 1161 1728 1199 iucundior
1768 1173 1893 1211 quam

294 1237 562 1274 syncerorum
581 1224 785 1275 planeque
803 1226 967 1277 γνησίων
986 1225 1216 1264 amicorum
1229 1227 1249 1264 Ῥ
1293 1226 1383 1264 Alii
1402 1226 1607 1265 fructibus
1626 1226 1890 1276 praediorum

292 1303 514 1339 annuoque
529 1304 655 1329 censu
675 1304 793 1328 suam
813 1291 1059 1329 felicitatem
1078 1292 1315 1331 metiuntur
1331 1307 1340 1330 :
1369 1306 1444 1342 ego
1459 1292 1567 1330 mihi
1587 1292 1761 1342 pulchre
1780 1291 1889 1330 locu-

292 1356 380 1404 ples
400 1358 521 1406 atque
548 1356 637 1406 ipso
667 1356 793 1394 etiam
820 1357 968 1395 Croeso
997 1357 1140 1396 videor
1163 1358 1332 1407 beatior,
1356 1358 1428 1408 qui
1455 1359 1633 1396 diuersis
1652 1356 1894 1407 regionibus

292 1422 379 1459 tam
408 1422 566 1460 multos
591 1422 825 1472 possideam
849 1422 1006 1461 amicos
1034 1426 1075 1461 et
1103 1423 1344 1474 integritate
1370 1426 1575 1474 spectatos
1597 1424 1639 1461 et
1662 1421 1896 1461 eruditione

257 1507 272 1537 5
293 1486 473 1524 celebres
501 1489 542 1526 et
580 1487 781 1536 dignitate
820 1488 1118 1538 praecellentes.
1191 1489 1283 1528 Hos
1317 1489 1514 1539 quamdiu
1549 1489 1686 1537 superi
1722 1486 1892 1538 propitii

293 1551 400 1589 mihi
428 1552 572 1590 volent
600 1552 829 1591 incolumes
857 1567 956 1603 esse,
979 1567 1064 1592 non
1093 1567 1264 1603 possum
1287 1555 1391 1593 mihi
1422 1568 1508 1592 non
1539 1554 1774 1604 opulentus,
1806 1565 1891 1591 non

291 1615 527 1655 fortunatus
565 1618 708 1664 videri,
740 1619 1012 1667 quantumuis
1049 1619 1122 1658 alii
1159 1620 1347 1659 fortunae
1380 1633 1494 1658 meae
1523 1620 1773 1658 tenuitatem
1803 1631 1895 1656 con-

291 1683 493 1720 temnant.

348 1747 463 1794 Quod
484 1748 518 1785 si
539 1760 673 1786 nouus
698 1749 857 1787 amicus
877 1752 1065 1787 veterum
1085 1762 1259 1788 numero
1278 1751 1516 1797 accreuerit,
1540 1751 1693 1789 eximio
1712 1750 1891 1800 quodam

236 1826 249 1846 ε
293 1812 407 1850 lucro
422 1826 510 1851 rem
525 1813 794 1864 fortunasque
809 1828 923 1853 meas
937 1817 1077 1854 auctas
1091 1815 1278 1854 arbitror.
1339 1816 1445 1854 Cum
1462 1815 1691 1854 Guilielmo
1707 1816 1888 1863 Budaeo,

293 1877 461 1927 quicum
480 1878 563 1916 iam
584 1879 685 1917 olim
709 1879 814 1917 mihi
834 1879 1018 1929 vulgaris
1039 1880 1271 1919 intercessit
1289 1881 1487 1928 amicicia,
1510 1894 1642 1930 nuper
1659 1881 1892 1919 arctissimo

293 1941 636 1993 sanctissimoque
651 1945 970 1983 necessitudinis
988 1945 1153 1984 foedere
1167 1958 1262 1984 sum
1278 1946 1496 1996 copulatus
1514 1960 1523 1992 ;
1552 1950 1674 1996 atque
1694 1946 1730 1984 is
1749 1958 1888 1984 secum

292 2008 395 2046 duos
414 2009 702 2048 ornatissimos
726 2011 844 2059 viros,
867 2010 1093 2050 Deloinum
1113 2014 1154 2050 et
1174 2012 1370 2060 Ruzeum,
1394 2012 1439 2050 in
1458 2011 1636 2050 foederis
1655 2011 1891 2050 societatem

294 2074 430 2112 traxit.
489 2074 630 2113 Musas
659 2077 821 2114 omneis
857 2076 982 2115 iratas
1009 2076 1196 2124 habeam,
1228 2078 1273 2114 ni
1300 2078 1434 2127 magis
1462 2077 1569 2115 mihi
1599 2077 1786 2126 placeam
1815 2076 1892 2115 hac

237 2154 271 2184 25
291 2139 523 2177 accessione
561 2152 685 2190 quam
723 2141 759 2179 si
797 2154 863 2179 me
902 2141 990 2180 Rex
1033 2141 1272 2190 Catholicus
1310 2142 1546 2191 episcopatu
1587 2142 1891 2191 locupletasset.

293 2203 425 2253 Atqui
452 2204 528 2243 hoc
553 2205 694 2243 animo
722 2220 817 2245 cum
843 2207 934 2255 sim,
959 2207 1069 2257 quod
1095 2208 1215 2246 vnice
1243 2207 1352 2257 apud
1376 2220 1444 2245 me
1467 2208 1727 2257 concupisco,
1751 2209 1890 2245 tamen

334 2321 401 2342 111.
417 2324 438 2352 7
455 2323 728 2353 gao‘rERADAmvs
743 2327 772 2346 α.
893 2325 1120 2346 ORNATISSIMO
1138 2319 1160 2352 β
1178 2327 1185 2345 :
1208 2325 1413 2346 cnamssmo
1428 2328 1458 2346 α.
1589 2325 1681 2346 APVD
1698 2338 1706 2346 .
1726 2339 1733 2346 .
1754 2339 1762 2346 .
1783 2324 1891 2346 Remo

292 2357 367 2386 add.
384 2357 440 2396 D).
588 2367 612 2389 1.
639 2358 712 2398 Ego
727 2381 735 2389 .
757 2382 765 2389 .
785 2381 793 2389 .
811 2359 1008 2390 clarissime
1024 2363 1046 2396 β
1062 2370 1069 2389 :
1093 2359 1270 2398 Equidem
1287 2370 1316 2391 α.
1428 2360 1553 2398 tuique
1570 2359 1745 2390 similium
1761 2361 1836 2390 add.
1854 2362 1889 2395 β.

292 2408 322 2430 2.
349 2399 445 2430 vltro
463 2404 536 2432 add.
556 2405 588 2437 β.
682 2403 774 2433 bona
790 2403 959 2442 quapiam
976 2407 1019 2440 βε
1044 2403 1136 2433 forte
1152 2414 1181 2433 a.
1291 2414 1322 2441 4.
1347 2402 1451 2442 longe
1468 2406 1542 2433 add.
1561 2407 1594 2439 β.
1698 2412 1727 2441 5.
1753 2402 1890 2441 gaudeo

292 2444 366 2474 add.
384 2447 417 2480 β.
552 2455 778 2484 nequaquam
805 2469 813 2477 .
839 2469 846 2477 .
874 2470 881 2476 .
912 2448 947 2478 6.
970 2447 1181 2477 abhorream
1197 2451 1242 2483 B:
1266 2446 1428 2486 ingerere
1445 2450 1577 2477 memet
1593 2446 1690 2477 haud
1707 2455 1887 2486 quaquam

293 2486 397 2525 soleo,
417 2488 469 2518 sic
484 2490 615 2519 natura
632 2490 829 2521 abhorrens
845 2501 875 2521 α.
1008 2492 1043 2521 8.
1067 2490 1224 2521 iudicem
1240 2494 1282 2527 fi:
1309 2490 1359 2520 sic
1375 2502 1405 2520 α.
1539 2500 1569 2529 9.
1595 2491 1653 2521 dic
1671 2514 1677 2520 .
1696 2514 1702 2520 .
1721 2513 1728 2521 .
1747 2490 1890 2521 Gratias

293 2533 367 2561 add.
384 2534 417 2567 β.
521 2534 637 2571 potest
654 2533 795 2564 homini
812 2535 1023 2574 contingere
1039 2537 1113 2565 add.
1133 2538 1166 2570 β.
1320 2542 1371 2564 11.
1398 2543 1631 2573 syncerorum
1648 2534 1827 2574 planeque
1843 2536 1866 2570 β
1881 2545 1889 2564 ;

295 2574 494 2614 insignium
510 2579 545 2606 et
562 2587 594 2607 α.
683 2577 861 2608 fructibus
879 2602 886 2609 .
907 2602 915 2609 .
933 2602 940 2609 .
962 2587 1011 2607 12.
1029 2587 1137 2608 censu
1150 2581 1172 2614 β
1187 2588 1193 2606 :
1218 2586 1328 2607 censu
1345 2586 1467 2608 annuo
1483 2589 1512 2608 a.
1622 2587 1673 2616 13.
1697 2579 1806 2617 atque
1821 2599 1830 2608 .
1851 2601 1858 2608 .
1879 2600 1887 2607 .

294 2618 497 2656 regionibus
521 2623 566 2656 fl:
594 2620 719 2651 videor
742 2622 805 2660 qui
829 2633 858 2652 α.
997 2631 1047 2659 14.
1079 2621 1279 2660 possideam
1303 2621 1436 2652 amicos
1459 2625 1503 2658 βῑ
1534 2622 1686 2652 habeam
1708 2620 1890 2652 amiciciae

296 2662 369 2691 iure
386 2663 657 2694 confoederatos
673 2665 769 2694 viros
784 2676 814 2694 α.
994 2675 1045 2704 15.
1072 2666 1192 2704 superi
1208 2665 1356 2704 propitii
1376 2669 1398 2701 β
1413 2676 1420 2695 :
1448 2675 1619 2705 superum
1635 2665 1841 2704 benignitas
1855 2675 1885 2694 α.

297 2705 344 2734 16.
376 2706 497 2736 volent
521 2710 564 2743 β;
596 2708 691 2738 volet
715 2720 746 2738 α.
861 2719 934 2740 11011
958 2717 1102 2749 possum
1128 2731 1136 2739 .
1163 2731 1170 2738 .
1198 2731 1206 2739 .
1237 2718 1286 2747 17.
1313 2712 1549 2740 contemnant
1570 2713 1616 2746 B:
1646 2711 1701 2739 sat
1723 2708 1827 2739 diues
1849 2717 1889 2738 ac

294 2748 497 2780 fortunatus
512 2750 605 2781 mihi
622 2751 746 2781 videor
762 2764 792 2782 α.
917 2761 968 2792 19.
991 2754 1020 2783 si
1038 2756 1060 2789 β
1075 2763 1082 2782 ε
1109 2752 1138 2782 si
1155 2753 1236 2791 quis
1250 2764 1281 2783 α.
1371 2753 1567 2784 accreuerit
1584 2756 1607 2789 β
1623 2764 1630 2784 :
1653 2752 1842 2783 accesserit
1857 2762 1887 2781 α.

294 2800 347 2822 20.
371 2792 602 2833 fortunasque
621 2817 629 2825 .
651 2820 658 2826 .
678 2819 685 2826 .
704 2796 860 2827 arbitror
877 2801 900 2833 β
916 2807 923 2826 :
953 2805 1068 2827 meam
1084 2797 1225 2826 auctam
1244 2796 1412 2827 existimo
1427 2807 1457 2827 α.
1585 2796 1674 2827 Cum
1692 2795 1887 2826 Guilielmo

294 2858 300 2865 .
318 2858 324 2864 .
339 2857 348 2865 .
362 2844 414 2873 25.
431 2836 677 2876 locupletasset
690 2842 761 2869 adel.
777 2844 799 2876 β
813 2841 883 2880 (25.
901 2841 1108 2880 episcopatu
1120 2841 1143 2874 β
1159 2850 1167 2869 :
1190 2839 1346 2879 episcopi
1360 2839 1538 2880 dignitate
1551 2840 1611 2879 Η).
1701 2841 1756 2870 26.
1772 2839 1887 2878 Atqui

293 2890 334 2908 a:
356 2879 473 2917 Atque
490 2884 534 2913 H.
626 2883 694 2913 sim
712 2882 746 2912 οι2
765 2894 772 2913 :
796 2884 843 2914 sit
861 2882 905 2916 αἱ.
995 2883 1090 2923 apud
1106 2892 1163 2913 me
1180 2886 1203 2919 β
1218 2894 1226 2913 z
1250 2893 1389 2914 mecum
1407 2898 1436 2916 α.

335 3003 386 3025 21.
413 2992 516 3032 olim]
533 2992 584 3023 Cf.
603 2994 666 3032 Ep.
686 3003 758 3030 421.
776 3003 818 3032 25
831 3003 866 3024 n.
1164 3003 1216 3032 25.
1240 2994 1462 3035 episcopatu]
1484 2994 1536 3025 Cf.
1555 2994 1621 3034 Ep.
1636 3004 1711 3034 475.
1728 3006 1748 3033 4
1761 3004 1800 3026 n.
