2034 3433
337 174 417 211 554
800 172 1050 211 LETTERS
1088 172 1158 210 OF
1195 172 1461 212 ERASMUS
1804 173 1929 228 [1519

336 277 472 316 studia
485 289 726 327 propensus,
745 279 885 315 tamen
900 289 950 315 ex
965 277 1298 327 Maguntinensis
1315 277 1490 327 epistola
1506 276 1610 315 lecta
1626 290 1710 315 non
1727 278 1933 317 mediocre

336 341 463 380 calcar
482 342 673 380 additum
692 341 868 379 videtur.

279 420 317 441 ιο
388 407 542 445 Aulam
557 408 685 453 tuam,
703 419 798 444 cum
819 406 980 456 saepius
998 408 1106 445 esset
1124 406 1169 444 in
1189 407 1394 454 manibus,
1414 409 1555 445 tamen
1575 419 1738 456 semper
1753 408 1931 447 excussit

335 472 533 511 hactenus
558 471 714 521 aliquid
741 471 911 521 negocii,
933 471 1222 510 lecturientem
1251 471 1536 522 interpellans.
1599 472 1716 521 Quod
1742 472 1823 522 legi
1848 487 1931 523 per·

334 536 511 586 placuit:
542 536 640 587 quid
660 536 773 574 enim
793 536 976 575 Hutteni
1001 549 1086 575 non
1111 536 1301 586 placeat?
1358 537 1530 576 Febrim
1556 549 1602 575 ac
1622 537 1931 576 Phalarismum

336 602 472 640 nescio
502 602 572 651 qui
604 605 799 641 curarunt
830 615 972 640 rursus
999 602 1290 641 excudendam.
1343 604 1402 641 At
1432 615 1478 640 ea
1507 602 1684 641 Louanii
1711 602 1841 642 vetita
1869 605 1932 642 est

335 666 520 714 distrahi,
539 667 648 716 quod
669 667 867 717 quosdam
887 667 1060 716 ἡμιθέους
1079 667 1329 706 nominatim
1348 667 1552 718 attingere
1571 667 1784 706 videretur
1800 682 1809 706 ε
1838 668 1934 707 alio·

279 746 292 765 2
300 747 315 776 5
336 731 407 782 qui
427 731 634 782 perplacet
650 732 853 771 omnibus.
902 732 1198 779 Phalarismus‚
1217 733 1413 783 quoniam
1437 731 1685 771 adhaerebat
1700 733 1834 781 Febri,
1851 746 1933 771 vna

335 810 430 835 cum
458 797 587 835 Febre
622 798 771 845 exulat,
803 797 872 836 sed
903 798 1087 836 Louanio
1117 798 1338 837 duntaxat:
1379 812 1512 849 neque
1545 798 1660 836 enim
1694 798 1858 848 longius
1890 811 1933 837 se

335 863 488 911 profert
525 863 651 902 huius
688 862 852 902 scholae
890 863 1094 913 tyrannis.
1157 863 1433 914 Susceperant
1472 865 1513 902 et
1552 862 1780 902 orationem
1818 877 1934 902 excu-

336 928 524 976 dendam,
555 942 630 967 nec
659 929 760 967 satis
790 929 872 967 scio
901 942 982 979 quo
1011 929 1184 968 consilio
1213 931 1446 979 prorogent.

391 993 470 1032 Sed
497 993 596 1043 quid
625 1006 700 1044 ego
728 994 884 1033 audio?
930 994 1146 1033 Huttenus
1174 996 1287 1033 totus
1314 995 1472 1033 ferreus
1500 994 1544 1032 in
1575 994 1658 1032 acie
1688 993 1935 1033 dimicabit?

279 1070 319 1100 30
338 1058 467 1096 Plane
487 1058 606 1097 video
626 1061 667 1097 te
687 1058 797 1097 bello
819 1061 978 1108 natum,
1001 1060 1072 1110 qui
1098 1074 1183 1098 non
1209 1060 1364 1098 calamo
1385 1062 1550 1099 tantum
1577 1062 1619 1098 et
1638 1059 1782 1109 lingua
1800 1058 1872 1097 sed
1892 1061 1934 1097 et

338 1123 551 1162 Mauortiis
574 1124 700 1163 armis
726 1138 897 1175 pugnes.
960 1125 1207 1176 Quanquam
1228 1125 1327 1175 quid
1347 1126 1488 1175 magni
1507 1125 1544 1163 si
1563 1137 1676 1163 nunc
1694 1124 1805 1163 ausis
1825 1124 1934 1162 inter

336 1192 424 1227 tam
453 1189 609 1227 multos
637 1189 835 1229 aduersus
853 1204 984 1229 vnum
1010 1204 1203 1241 pugnare,
1232 1204 1325 1230 cum
1353 1191 1454 1229 olim
1477 1190 1689 1229 Bononiae
1709 1202 1818 1228 vnus
1846 1191 1933 1227 tam

337 1255 494 1293 multos
511 1255 776 1305 profligaris?
831 1255 973 1294 Laudo
992 1257 1142 1295 fortem
1163 1257 1364 1305 animum,
1386 1256 1455 1295 sed
1477 1258 1616 1295 tamen
1637 1256 1673 1294 si
1692 1269 1759 1293 me
1780 1254 1930 1301 audies,

336 1319 522 1359 seruabis
542 1320 779 1359 Huttenum
800 1320 942 1360 Musis.
1003 1321 1110 1360 Nam
1134 1322 1242 1360 vnde
1271 1322 1390 1360 nobis
1418 1321 1499 1360 tale
1528 1321 1755 1371 ingenium,
1778 1320 1814 1359 si
1834 1319 1933 1370 quid

279 1397 318 1429 ,55
337 1385 525 1424 accidat?
566 1386 675 1435 quod
708 1388 900 1425 auertant
933 1387 1094 1437 superi!
1139 1386 1259 1425 Nosti
1287 1387 1463 1425 Martem
1494 1386 1826 1436 ἀλλοπρόσαλλον,
1857 1398 1932 1423 nec

338 1450 438 1490 satis
456 1450 685 1500 propitium
700 1451 822 1490 bonis
841 1452 1033 1502 ingeniis,
1051 1454 1194 1502 vtpote
1210 1453 1380 1491 deorum
1396 1452 1584 1491 omnium
1600 1451 1932 1490 stolidissimum.

337 1517 450 1554 Bene
470 1517 549 1561 sit;
579 1516 649 1554 sed
671 1518 808 1555 tamen
829 1517 865 1555 si
881 1517 979 1567 quid
997 1517 1198 1566 accider1t‚
1217 1517 1305 1567 ipse
1325 1517 1404 1556 tibi
1422 1517 1507 1556 tuis
1527 1517 1692 1567 scriptis
1712 1516 1931 1555 extruxisti

338 1582 659 1619 monumentum
687 1594 779 1620 aere
806 1582 1071 1632 perhennius.
1131 1583 1274 1632 Neque
1304 1595 1378 1621 nos
1407 1584 1547 1621 tamen
1577 1582 1758 1621 defuturi
1786 1594 1935 1620 sumus

339 1646 469 1685 officio
489 1647 643 1685 nostro.
701 1647 808 1686 Nam
829 1647 865 1685 si
886 1648 984 1698 quid
1004 1648 1167 1686 Erasmi
1187 1648 1338 1698 scripta
1356 1648 1565 1695 valebunt,

279 1741 319 1771 40
589 1722 717 1762 Nulla
746 1724 833 1762 dies
860 1737 1045 1775 vnquam
1074 1725 1248 1763 memori
1277 1738 1353 1764 nos
1383 1724 1535 1763 eximet
1564 1737 1674 1762 aeuo.

394 1801 676 1851 Triumphum
701 1800 889 1839 nondum
908 1801 1103 1841 vidimus.
1164 1802 1339 1840 Gratum
1366 1803 1453 1840 erat
1474 1800 1582 1851 quod
1602 1802 1743 1838 nostro
1762 1800 1936 1839 consilio

339 1869 425 1904 tam
447 1866 519 1904 diu
545 1866 772 1916 presserint
781 1879 791 1912 ;
824 1879 899 1904 nec
919 1865 1064 1905 dubito
1083 1866 1185 1916 quin
1204 1869 1340 1905 totum
1365 1867 1657 1917 argumentum
1683 1866 1768 1904 sint
1793 1866 1931 1904 mode-

340 1931 434 1970 rati.
476 1932 678 1970 Rixarum
693 1931 836 1969 nullus
850 1933 912 1970 est
924 1931 1031 1969 finis.
1078 1932 1135 1970 Vt
1148 1932 1318 1970 caeteris
1331 1932 1525 1970 omnibus
1540 1933 1674 1971 simus
1688 1932 1927 1982 superiores,

339 1997 631 2047 sycophantiis,
655 1997 894 2045 mendaciis,
917 1996 1113 2036 conuiciis
1130 1997 1253 2048 longe
1274 1997 1490 2036 vincimur.
1545 1998 1639 2036 Non
1658 2010 1828 2048 possum
1846 2010 1931 2036 non

278 2077 318 2108 45
338 2063 516 2112 ingenue
545 2062 667 2101 fateri
696 2062 804 2112 quod
834 2075 931 2102 vero
957 2063 1096 2102 verius
1124 2065 1197 2102 est.
1257 2063 1336 2102 Sed
1367 2065 1546 2113 praestat
1575 2064 1650 2102 hac
1678 2066 1794 2114 parte
1821 2062 1936 2102 Vltro

338 2128 510 2166 herbam
530 2128 626 2166 dare
646 2141 773 2178 quam
791 2128 967 2178 turpiter
987 2128 1230 2179 depugnare.
1290 2128 1430 2179 Neque
1457 2129 1572 2168 enim
1597 2129 1734 2168 solum
1760 2141 1930 2178 perpen-

340 2194 522 2232 dendum
553 2194 672 2232 nobis
704 2199 765 2232 est
796 2194 896 2244 quid
930 2194 1106 2244 dignum
1136 2195 1191 2234 sit
1221 2194 1273 2232 iis
1303 2194 1348 2232 in
1382 2207 1484 2244 quos
1522 2194 1751 2241 scribimus,
1784 2207 1930 2232 verum

339 2258 463 2297 etiam
484 2259 585 2308 quid
604 2258 725 2298 nobis
744 2259 919 2309 dignum
939 2259 994 2298 sit
1015 2260 1086 2310 qui
1105 2259 1335 2298 scribimus.
1387 2260 1611 2298 Pulchrius
1629 2262 1691 2299 est
1708 2259 1930 2309 aliquando

338 2323 540 2362 modestia
569 2337 694 2374 quam
723 2337 844 2363 causa
877 2325 1130 2375 superiorem
1164 2338 1277 2372 esse3
1318 2327 1359 2363 et
1387 2327 1485 2364 sunt
1514 2338 1616 2375 quae
1645 2325 1766 2364 nobis
1793 2324 1934 2375 potius

281 2404 320 2434 50
339 2389 496 2438 agenda
522 2389 619 2428 sint.
670 2389 816 2429 Malim
841 2403 916 2440 ego
936 2391 1072 2429 totum
1098 2403 1288 2429 mensem
1313 2390 1359 2428 in
1379 2390 1560 2428 Paulum
1584 2392 1655 2429 aut
1680 2390 1724 2428 in
1744 2391 1932 2439 Euange-

338 2455 445 2492 lium
471 2454 778 2505 explanandum
803 2455 1009 2494 insumere
1029 2469 1155 2506 quam
1182 2456 1292 2494 diem
1318 2455 1558 2494 huiusmodi
1585 2455 1686 2493 rixis
1710 2457 1927 2494 conterere.

339 2520 452 2558 Bene
471 2520 573 2566 vale,
597 2520 838 2559 mortalium
858 2521 1108 2560 charissime.

394 2585 584 2624 Louanii.
633 2598 690 2624 IX.
714 2586 914 2625 Calendas
935 2585 1072 2626 Maias.
1096 2589 1222 2625 Anno
1242 2598 1419 2625 uranx.

469 2676 522 2705 23.
547 2668 801 2699 excudendum
816 2670 846 2698 F
861 2670 972 2706 Corriq.
1064 2676 1105 2698 ea
1120 2669 1148 2697 E
1163 2678 1170 2698 ι
1195 2667 1316 2698 Febris
1332 2670 1372 2697 Η,
1502 2678 1553 2707 29.
1576 2670 1625 2699 F:
1649 2667 1745 2698 aciae
1760 2669 1798 2698 E.

384 2776 436 2805 27.
462 2765 677 2807 orationem]
722 2769 778 2797 Ad
817 2769 979 2804 principes
1031 2769 1101 2798 Ger·
1170 2775 1243 2805 seq.
1290 2766 1471 2797 Erasmus’
1489 2775 1651 2805 memory
1667 2766 1696 2796 is
1729 2768 1765 2796 at
1780 2765 1873 2797 fault
1889 2774 1929 2797 as

343 2812 478 2848 maniae,
497 2813 527 2839 vt
541 2812 649 2840 bellum
666 2812 774 2841 Tur-cis
787 2813 947 2848 inuelzant,
963 2813 1100 2841 exhorta·
1169 2812 1204 2841 to
1221 2809 1282 2840 the
1300 2810 1408 2849 place.

342 2856 439 2883 foria:
461 2853 658 2893 Augsburg,
674 2854 813 2884 Grimm
823 2853 895 2884 and
908 2853 1098 2894 VVyrsung,
1213 2862 1264 2892 35.
1291 2853 1458 2894 Martem]
1477 2853 1528 2884 Of.
1547 2853 1611 2893 Ep.
1628 2861 1700 2891 911.
1723 2862 1772 2883 12.

346 2896 436 2934 1518.
482 2896 545 2926 See
562 2896 640 2927 HE.
658 2897 710 2935 81,
730 2898 783 2937 88,
805 2897 876 2928 118.
1213 2897 1265 2935 38.
1290 2896 1577 2937 monumentum]
1595 2896 1681 2927 Hor.
1700 2898 1729 2926 C.
1743 2906 1773 2934 3.
1788 2906 1841 2935 30.
1864 2905 1889 2925 1.

386 2948 435 2976 32.
460 2939 547 2970 olim
569 2939 768 2981 Bononiae]
798 2940 848 2971 Cf.
877 2941 940 2981 Ep.
966 2942 1041 2971 611.
1062 2950 1102 2970 10
1213 2950 1266 2979 39.
1292 2940 1321 2970 si
1339 2940 1441 2981 quid]
1460 2940 1512 2972 Cf.
1530 2941 1728 2980 Verg..-1en.
1746 2950 1777 2978 9.
1796 2940 1907 2979 446,7.
