2034 3433
118 181 218 238 857]
589 181 740 220 FROM
780 180 998 220 ULRIcH
1036 180 1240 220 ZAsms
1631 183 1707 220 361

117 288 159 325 et
196 286 313 326 velut
331 284 538 337 {titubans
576 287 616 324 et
653 284 919 323 intersistens
960 284 1175 323 dimidiata
1213 287 1253 322 et
1290 284 1441 323 mutila
1480 284 1550 323 vix
1588 284 1712 323 verba

116 352 414 402 praeloquerer.
476 351 558 390 Hic
594 350 758 400 primus
792 362 1039 399 congressus
1073 363 1169 388 cum
1202 349 1312 388 male
1343 349 1568 398 habuisset,
1603 349 1712 387 nihil

117 418 163 456 in
191 431 260 456 me
287 419 428 467 postea
457 418 648 455 secutum
676 417 740 453 est
769 414 879 464 quod
907 428 1004 453 eum
1032 418 1234 464 prestaret
1267 415 1480 454 hominem
1509 427 1631 465 quem
1664 417 1711 453 tu

117 483 303 533 putabas.
1736 496 1771 527 ¹5

172 547 424 586 Diuinabam
452 547 529 585 hoc
556 547 755 594 futurum,
779 546 850 584 sed
880 544 995 583 volui
1024 546 1196 584 omnino
1226 548 1266 584 te
1295 546 1442 593 videre,
1464 547 1590 585 etiam
1616 559 1710 585 cum

119 614 229 653 fame
249 627 338 652 mee
356 614 523 651 iactura.
582 612 724 651 Pluris
744 612 857 649 enim
878 611 958 649 fuit
978 611 1085 649 mihi
1108 611 1340 660 praesentia
1362 614 1434 650 tua
1453 611 1520 650 vel
1540 624 1635 650 cum
1654 614 1711 650 at-

118 679 358 718 tenuacione
378 678 619 728 mehquam
644 675 749 715 falsa
775 675 915 726 opinio
939 688 1042 726 quae
1065 675 1230 714 absenti
1248 676 1326 715 tibi
1352 677 1509 715 maiora
1529 678 1573 715 in
1594 677 1713 716 Zasio

118 744 401 782 ementiretur.
461 741 722 792 Compositos
748 743 843 780 tuos
871 742 1026 790 gestus,
1052 741 1178 780 verba
1205 742 1502 780 facundissima
1530 746 1570 781 et
1598 742 1714 781 velut

119 809 201 847 riui
216 810 313 848 viuo
332 809 447 847 fonte
466 807 600 858 lepide
619 807 807 854 fluentes,
827 806 1134 844 humanitatem
1149 807 1447 855 admirabilem,
1466 808 1712 857 grauitatem
1734 824 1774 846 20

119 873 311 912 comitate
336 872 616 923 pulcherrima
641 871 862 919 conditam,
884 871 977 921 quis
997 884 1081 909 non
1110 870 1262 919 videre,
1286 872 1378 921 quis
1402 885 1486 910 non
1505 872 1713 919 admirari,

118 938 346 977 exosculari
364 937 431 976 vel
457 950 552 975 cum
575 937 732 975 iactura
754 936 893 986 aliqua
914 936 1085 986 cupiat?
1139 935 1289 985 Itaque
1311 936 1492 975 iudicato
1512 937 1561 975 de
1581 951 1647 975 me
1667 939 1714 976 vt

119 1003 272 1051 libeat;
310 1016 406 1041 sum
434 1003 548 1040 enim
576 1002 621 1041 in
650 1001 840 1041 ordinem
868 1001 1127 1052 redigendus.
1199 1003 1392 1040 Aetatem
1421 1004 1560 1040 tamen
1588 1016 1714 1052 quam

119 1082 208 1119 ago,
244 1069 376 1107 vitam
409 1081 535 1118 quam
565 1068 689 1117 spiro,
725 1067 974 1106 lucrifecisse
1012 1066 1118 1105 mihi
1156 1066 1307 1115 videor,
1343 1067 1414 1116 qui
1453 1067 1564 1105 hunc
1603 1068 1714 1106 hunc

120 1134 358 1182 Erasmum,
396 1134 473 1172 hoc
512 1133 589 1172 hoc
627 1145 784 1171 numen
822 1132 937 1170 vidi:
981 1145 1062 1181 quo
1100 1134 1192 1182 post
1231 1132 1449 1172 Cicerones
1486 1135 1529 1170 et
1567 1133 1715 1171 Fabios
1735 1151 1772 1182 25

121 1200 345 1239 doctiorem
375 1199 492 1238 nulla
518 1201 630 1238 aetas
657 1198 816 1246 habuit,
849 1198 921 1248 qui
949 1198 1106 1237 diuinis
1136 1199 1415 1249 humanisque
1443 1199 1644 1237 doctrinis
1673 1201 1715 1237 et

119 1265 356 1304 admirabili
384 1264 620 1315 eloquentia
649 1266 692 1303 te
720 1265 912 1314 praeiret.
975 1263 1198 1303 Contemni
1227 1264 1299 1303 abs
1330 1267 1373 1302 te
1401 1278 1496 1303 cum
1525 1265 1714 1303 humani-

120 1331 220 1370 tatis
249 1344 424 1369 censura
460 1330 594 1380 pluris
622 1329 728 1368 facio
761 1343 887 1380 quam
915 1329 1075 1368 laudari
1102 1330 1153 1368 ab
1183 1329 1288 1377 aliis,
1322 1330 1422 1368 dum
1452 1330 1503 1368 ab
1533 1344 1600 1369 me
1630 1343 1715 1369 non

120 1394 294 1444 deficias,
317 1395 416 1433 dum
435 1395 481 1434 in
500 1408 673 1434 numero
694 1395 899 1433 clientum
921 1398 1091 1434 tuorum
1113 1408 1180 1433 me
1200 1408 1289 1433 esse
1309 1395 1540 1445 permittas.
1598 1395 1711 1442 Vale,

120 1462 161 1498 et
179 1460 406 1509 Bonifacio,
429 1474 526 1499 vero
545 1460 760 1499 Erasmieo
782 1461 945 1499 homini
972 1460 1077 1499 bene
1102 1460 1209 1499 velle
1237 1473 1322 1498 non
1349 1460 1527 1498 desinas.
1586 1460 1716 1499 Beato
1736 1476 1777 1505 30

120 1524 332 1573 Rhenano,
373 1525 675 1564 humanissimo
712 1525 856 1573 amico,
898 1528 939 1564 et
977 1524 1291 1564 Amorbacchiis
1329 1524 1402 1574 (dii
1439 1524 1550 1573 boni,
1592 1538 1715 1575 quam

119 1590 307 1641 egregiis,
329 1604 454 1641 quam
473 1590 640 1629 disertis
659 1590 811 1630 animis
830 1591 854 1641 l)
883 1591 1025 1629 omnia
1043 1590 1176 1629 fausta
1194 1603 1349 1640 precor.

175 1655 240 1694 Ex
259 1655 460 1706 Friburgo
483 1655 590 1694 Idib.
610 1655 816 1706 Augustis
833 1656 962 1694 Anno
981 1668 1168 1694 MvanI.

174 1720 324 1760 Parces
356 1720 544 1771 impolite
576 1720 803 1768 scribenti;
836 1720 1057 1759 distorsere
1085 1734 1152 1759 me
1181 1734 1284 1770 quae
1313 1721 1416 1759 cudo
1445 1721 1488 1758 in
1519 1720 1718 1759 Feudales

121 1798 232 1834 vsus,
255 1786 360 1825 forte
386 1799 494 1825 noua
520 1799 652 1836 opera,
673 1788 720 1824 vt
747 1787 1038 1825 transuersum
1068 1786 1264 1825 distracto
1289 1785 1455 1836 ingenio
1479 1799 1564 1824 non
1583 1798 1715 1825 essem
1736 1802 1776 1834 35

120 1863 249 1890 meus

1419 1915 1534 1954 Tuus
1556 1915 1714 1955 Zasius.

647 2020 742 2061 858.
802 2019 868 2060 To
900 2019 1026 2060 PAUL
1058 2018 1194 2060 VOLz.

172 2107 416 2144 Enchiridion
435 2109 559 2155 (1518)
578 2121 615 2155 p.
634 2120 666 2154 3.
1444 2109 1568 2144 Basle.

171 2165 265 2213 HNss:
293 2165 408 2202 Lond.
425 2167 528 2202 xxiii.
548 2177 591 2211 7:
620 2168 691 2204 LB.
710 2178 791 2212 329.
1345 2177 1388 2213 14
1404 2167 1549 2212 August
1569 2168 1670 2212 1518.

169 2247 260 2289 [The
275 2246 413 2287 preface
431 2249 467 2278 to
484 2247 548 2278 the
564 2258 644 2278 new
656 2247 804 2287 edition,
821 2248 935 2287 Basle,
949 2247 1097 2287 Froben,
1117 2247 1138 2277 J
1141 2247 1203 2286 uly
1216 2248 1297 2286 1518
1313 2247 1373 2288 (a),
1389 2248 1427 2277 of
1436 2247 1499 2278 the
1512 2248 1718 2277 Euchiridion

127 2290 229 2331 (Epp.
248 2300 303 2330 93,
323 2292 413 2329 164),
429 2291 550 2322 which
567 2291 736 2322 Erasmus
752 2292 824 2322 had
840 2292 920 2321 sent
936 2292 972 2321 to
989 2290 1092 2321 Basle
1109 2290 1149 2320 in
1166 2291 1286 2321 March
1305 2291 1383 2331 (Ep.
1404 2299 1477 2330 795.
1499 2291 1566 2330 12).
1604 2290 1717 2320 There

125 2344 184 2366 are
212 2334 303 2365 later
330 2334 469 2365 Froben
490 2335 648 2365 editions
675 2335 715 2365 in
742 2335 817 2365 Oct.
845 2343 928 2373 1519
954 2332 1021 2373 (βῙ)
1048 2333 1120 2364 and
1148 2334 1237 2373 Aug.
1267 2343 1348 2372 1535
1373 2333 1439 2374 (γ),
1466 2333 1585 2364 which
1613 2333 1717 2363 differ

125 2377 279 2418 slightly
303 2377 395 2408 from
420 2388 485 2408 one
513 2379 688 2416 another;
711 2378 785 2409 also
805 2387 872 2408 one
900 2378 946 2417 by
973 2376 1143 2415 Martens,
1173 2377 1344 2416 Louva1n,
1377 2385 1461 2415 1520
1486 2376 1565 2415 (βῖ),
1595 2376 1715 2407 which

125 2421 263 2452 follows
279 2420 316 2456 β1
332 2421 424 2452 with
441 2431 508 2452 one
525 2422 713 2452 variation.
759 2422 805 2452 In
830 2420 923 2451 after
945 2430 1046 2460 years
1070 2420 1238 2450 Erasmus
1262 2419 1410 2451 decided
1427 2422 1463 2450 to
1479 2419 1624 2450 include
1642 2419 1717 2450 this

126 2464 264 2504 preface
287 2475 418 2504 among
441 2465 498 2496 his
522 2465 667 2501 lette1·s;
692 2465 765 2495 and
787 2474 824 2496 so
846 2465 875 2495 it
899 2473 1047 2504 appears
1063 2464 1102 2494 in
1121 2464 1185 2494 the
1202 2463 1361 2494 editions
1377 2464 1467 2494 from
1484 2464 1520 2494 H
1538 2462 1714 2502 onwards,

127 2509 192 2539 but
215 2508 307 2539 with
329 2517 426 2539 some
451 2509 607 2539 revision
632 2508 670 2539 of
689 2509 751 2539 the
774 2510 862 2540 text.
908 2510 957 2538 As
972 2519 996 2547 ’γ
1013 2506 1149 2538 follows
1173 2506 1209 2541 βι
1231 2506 1372 2537 instead
1399 2507 1437 2537 of
1460 2506 1631 2546 adopting
1654 2505 1716 2537 the

125 2551 279 2591 changes
302 2552 515 2583 introduced
539 2553 578 2583 in
600 2553 648 2592 H,
667 2551 731 2582 the
754 2552 842 2592 sigla
865 2561 948 2591 may
970 2552 1012 2582 be
1035 2550 1207 2590 arranged
1227 2550 1267 2580 in
1284 2550 1345 2580 the
1362 2559 1536 2589 sequence
1551 2550 1620 2589 αβγ
1635 2550 1716 2580 ΗΝ.

125 2594 202 2625 The
227 2594 308 2625 date
326 2596 356 2626 is
372 2596 689 2635 unquestionable;
716 2595 759 2626 cf.
778 2595 800 2628 l.
819 2597 880 2626 601
900 2604 935 2626 n.

169 2638 243 2668 The
259 2638 406 2670 Munich
424 2639 575 2679 Library
590 2639 656 2670 has
671 2649 692 2670 a
707 2648 771 2669 ms.
789 2649 878 2679 copy
895 2638 934 2669 of
946 2638 1020 2668 this
1033 2638 1139 2668 letter
1152 2637 1191 2667 in
1207 2646 1227 2667 a
1243 2636 1393 2668 crabbed
1410 2637 1496 2667 xvic.
1511 2636 1610 2667 hand
1622 2635 1714 2675 (Lat.

129 2689 249 2721 24515,
264 2682 300 2713 ff.
317 2682 451 2722 87—95).
497 2683 589 2714 Such
606 2683 768 2722 portions
783 2692 820 2713 as
838 2683 856 2713 Ι
876 2682 967 2712 have
988 2680 1175 2720 compared
1198 2680 1300 2711 show
1322 2689 1369 2710 no
1392 2680 1571 2710 variation
1595 2679 1715 2710 which

176 2777 224 2799 12.
249 2770 284 2799 et
298 2772 371 2799 ante
385 2769 486 2800 velut
502 2771 545 2804 αβ
559 2780 568 2801 z
590 2771 630 2801 vt
645 2772 684 2800 D.
836 2778 884 2807 13.
910 2771 984 2800 aD:
1009 2767 1240 2807 proloquerer
1255 2768 1328 2801 BN.
1486 2777 1538 2799 20.
1563 2767 1659 2798 riuos
1673 2769 1717 2799 H.

129 2821 182 2851 27.
208 2814 265 2844 αἱ)
281 2822 290 2842 t
312 2811 497 2851 eloquium
512 2814 547 2847 β.
638 2815 717 2845 aD:
739 2812 890 2855 prgieret
905 2813 938 2846 β.
1051 2820 1103 2850 3ο.
1128 2820 1211 2841 vero
1229 2812 1271 2845 αβ
1288 2822 1296 2841 :
1319 2820 1400 2841 vere
1414 2813 1452 2841 D.
1562 2820 1615 2850 31.
1638 2813 1716 2842 aD:

129 2855 398 2887 Amerbacchiis
413 2857 457 2890 B:
480 2856 732 2887 Amorbachiis
747 2859 784 2887 F.
973 2863 1025 2894 32.
1051 2856 1128 2885 aD:
1155 2854 1284 2894 egegiis
1300 2855 1334 2888 Β.
1558 2863 1609 2894 33.
1637 2866 1657 2884 α
1669 2857 1716 2885 N:

130 2899 317 2939 Augustiis
331 2900 364 2933 β.
496 2909 550 2938 34.
576 2899 702 2931 Parces
717 2924 726 2931 .
744 2923 752 2930 .
768 2922 778 2931 .
794 2900 846 2938 36.
866 2908 966 2930 meus
983 2900 1040 2930 aD
1054 2908 1062 2928 τ
1084 2908 1141 2929 om.
1161 2899 1196 2931 β.
1277 2914 1280 2918 ·

129 2997 326 3038 apologizes
350 2995 406 3026 for
431 2997 494 3027 not
517 2995 652 3035 having
673 2996 831 3036 written,
850 3005 889 3026 as
999 3004 1052 3033 34.
1076 2994 1248 3025 Feudales
1263 2993 1362 3035 vsus]
1378 2994 1452 3025 The
1476 2994 1554 3026 first
1576 2995 1715 3026 edition

130 3041 300 3073 Erasmus
315 3038 387 3070 had
401 3038 494 3070 done
510 3041 582 3080 (see
597 3039 759 3080 introd.),
778 3039 888 3070 since.
956 3037 1131 3077 appeared
1146 3047 1175 3068 c.
1185 3037 1281 3068 June
1300 3046 1380 3077 1535
1394 3048 1403 3077 ;
1419 3038 1535 3077 Basle,
1550 3038 1583 3071 J.
1597 3039 1715 3071 Bebel.
