2034 3433
111 162 206 217 746]
482 166 634 205 FROM
673 167 867 206 ERARD
907 168 980 206 DE
1020 169 1096 207 LA
1134 169 1335 210 MARGK
1624 173 1701 212 179

108 272 234 318 tuam,
266 272 359 308 tum
388 270 439 309 ob
470 271 669 310 candidos
697 285 833 310 mores
863 286 966 322 quos
995 274 1074 313 tibi
1102 274 1237 314 inesse
1264 275 1396 315 audio.
1458 277 1504 316 Si
1536 279 1704 316 tantum

108 334 279 375 honoris
307 335 351 374 in
381 349 457 375 nos
485 336 666 375 conferre
696 337 878 376 volueris
907 340 952 377 vt
980 338 1063 377 huc
1090 340 1249 389 venias,
1277 341 1555 391 gratissimam
1584 343 1704 382 nobis

111 413 198 438 rem
218 400 370 439 factam
389 401 639 450 putabimus·
700 402 817 451 Quod
843 403 877 441 si
903 405 949 441 tu
977 403 1057 442 huc
1084 405 1227 444 venire
1253 406 1444 456 nolueris,
1469 408 1705 447 curabimus
1726 423 1765 446 10

109 478 184 503 nos
214 467 254 504 te
282 465 403 514 adire,
435 468 482 505 vt
511 468 742 516 praesentia
771 469 843 506 tua
871 470 1099 519 mutuoque
1133 471 1339 521 colloquio
1368 473 1452 512 frui
1483 473 1702 524 possimus.

108 530 220 570 Vale.
279 544 350 570 AN.
371 544 587 570 M.1>.xv111.
650 545 718 571 111.
741 532 878 572 Calen.
903 533 1097 573 Ianuarii.

913 599 1088 639 Amicus
1109 602 1204 639 tuus
1227 602 1411 651 optimus
1433 603 1613 643 Erardus
1632 606 1701 643 &c-

373 734 569 790 694747856
633 734 763 776 FROM
800 734 1067 778 WILLIBALD
1099 737 1438 780 PIRCKHEIMER.

157 824 321 869 Farrago
340 837 375 870 p.
395 826 451 869 65.
1341 830 1585 875 Nuremberg.

158 882 195 918 F.
215 895 250 927 p.
271 893 360 927 232:
387 882 479 917 HN:
508 883 547 919 P.
567 895 603 928 p.
623 883 714 926 269:
744 883 859 917 Lond.
879 883 925 917 iv.
949 894 1012 919 12:
1042 884 1114 920 LB.
1134 888 1213 921 226.
1273 897 1313 931 31
1335 887 1539 923 December
1559 897 1658 934 1517.

543 973 813 1003 BILIBALDVS
845 974 1023 1005 ERASMO
1055 976 1136 1006 SVO
1167 977 1199 1006 S.
1228 978 1270 1006 D.

165 1051 261 1089 REM
296 1052 469 1100 gratam,
500 1049 566 1088 vir
598 1048 963 1098 praestantissime,
995 1063 1080 1089 non
1114 1051 1251 1090 solum
1280 1052 1387 1090 mihi
1417 1054 1488 1092 sed
1519 1054 1705 1103 pluribus

113 1115 197 1154 tuis
226 1115 359 1154 fecisti
383 1114 539 1162 amicis,
563 1126 658 1152 cum
682 1113 898 1151 certiorem
924 1127 991 1152 me
1016 1115 1244 1154 reddideris
1271 1130 1395 1166 quam
1422 1118 1572 1166 valeas,
1593 1120 1707 1169 quid-

110 1193 209 1219 nam
229 1182 270 1218 et
289 1179 361 1219 vbi
381 1192 486 1229 agas.
549 1178 601 1216 In
621 1178 769 1228 primis
788 1178 927 1228 itaque
946 1178 1078 1228 placet
1097 1180 1141 1218 in
1165 1183 1379 1220 tantorum
1400 1184 1439 1221 te
1459 1196 1548 1221 esse
1568 1183 1707 1232 digna-

111 1245 225 1284 tione
258 1257 425 1295 regum:
466 1257 612 1282 verum
647 1243 834 1292 displicet
866 1242 1036 1282 illorum
1066 1244 1261 1283 affectum
1293 1247 1379 1284 tam
1413 1247 1485 1285 diu
1514 1247 1704 1286 effectum

112 1310 222 1349 haud
243 1309 382 1349 sortiri
398 1324 407 1357 ;
437 1308 643 1358 siquidem
664 1321 749 1346 non
768 1308 894 1346 verba
913 1309 1132 1358 magnifica
1147 1311 1384 1361 quempiam
1405 1313 1706 1361 opulentiorem
1727 1323 1744 1354 5

112 1375 299 1422 reddunt,
337 1375 408 1413 sed
443 1374 488 1412 in
522 1373 684 1412 actione
719 1373 888 1411 demum
922 1374 1058 1412 omnis
1091 1374 1182 1413 laus
1219 1376 1421 1415 consistit.
1492 1377 1600 1415 Noui
1633 1391 1706 1427 ego

112 1440 237 1489 probe
271 1439 527 1477 conditiones
558 1437 808 1488 principum,
839 1439 979 1487 vtpote
1013 1438 1171 1477 diutius
1203 1440 1313 1478 inter
1344 1440 1420 1479 hos
1453 1443 1640 1481 versatus
1667 1443 1709 1480 et

111 1517 254 1543 eorum
288 1503 635 1554 promissionibus
666 1503 733 1542 vel
768 1502 1026 1542 ditissimus:
1067 1504 1217 1553 quibus
1246 1508 1386 1544 tamen
1415 1506 1449 1545 si
1484 1507 1707 1546 sustentari

111 1569 316 1617 deberem,
351 1568 483 1617 bonis,
519 1570 566 1607 vt
600 1568 730 1616 aiunt,
769 1580 888 1617 saepe
921 1567 1116 1606 dentibus
1148 1569 1257 1608 male
1289 1570 1498 1609 comedere
1529 1584 1704 1621 cogerer.

110 1634 190 1674 Sed
211 1634 439 1684 plerunque
460 1633 519 1672 ita
538 1633 688 1680 euenit,
713 1635 759 1671 vt
779 1633 851 1682 qui
869 1632 936 1670 vel
956 1633 1135 1671 maxime
1163 1634 1269 1673 bona
1287 1634 1454 1673 fortuna
1472 1634 1558 1674 sint
1576 1636 1704 1686 digni,
1729 1649 1767 1671 10

110 1699 182 1738 illa
202 1701 367 1738 careant
384 1713 393 1737 :
422 1698 493 1737 sed
514 1698 615 1748 quid
636 1698 725 1736 dico
746 1699 920 1746 careant,
944 1711 1039 1736 cum
1059 1699 1220 1749 saepius
1240 1700 1271 1738 ii
1290 1700 1360 1750 qui
1379 1700 1488 1739 male
1506 1700 1709 1740 fortunati

111 1766 341 1812 censentur,
366 1763 555 1802 omnium
581 1763 666 1802 sint
691 1762 1024 1811 fortunatissimi,
1045 1765 1088 1802 et
1111 1764 1148 1802 si
1174 1765 1362 1814 opulenti
1388 1764 1474 1803 sint
1499 1765 1709 1805 minime?

111 1829 214 1878 Quis
225 1829 339 1868 enim
355 1830 396 1867 te
410 1828 689 1867 fortunatior?
713 1828 784 1877 qui
797 1841 879 1866 non
896 1828 1079 1867 externis
1094 1828 1214 1867 bonis
1229 1829 1307 1868 tibi
1322 1830 1486 1868 laudem
1500 1830 1706 1881 peperisti,

111 1895 182 1933 sed
202 1894 357 1933 virtute
376 1895 418 1932 et
440 1893 674 1932 eruditione
699 1893 758 1931 ita
783 1892 950 1931 excellis
974 1895 1019 1931 vt
1045 1907 1130 1932 non
1156 1895 1293 1933 solum
1314 1895 1358 1932 in
1379 1894 1467 1934 vita
1492 1894 1549 1933 sis
1573 1894 1708 1934 claris-

112 1958 258 2007 simus,
278 1959 348 1997 sed
370 1961 412 1997 et
433 1958 794 1997 immortalitatem
815 1960 856 1995 et
876 1958 1044 2007 quidem
1062 1959 1212 1998 viuens
1232 1960 1418 1998 induisse
1437 1959 1624 1998 videaris.
1731 1976 1766 2008 15

166 2024 247 2063 Sed
268 2024 319 2062 de
342 2024 406 2063 his
426 2024 536 2072 satis,
563 2037 615 2062 ne
640 2023 800 2062 adulari
825 2023 976 2062 videar.
1038 2024 1212 2062 Gratum
1233 2025 1324 2073 fuit,
1346 2025 1406 2062 mi
1428 2025 1610 2072 Erasme,
1632 2024 1709 2063 tibi

113 2102 227 2128 meas
246 2102 332 2128 non
360 2102 652 2139 vsquequaque
671 2088 932 2138 displicuisse
953 2101 1112 2138 nugas;
1141 2089 1264 2139 longe
1289 2103 1385 2128 vero
1411 2090 1575 2139 gratius,
1599 2090 1706 2139 quod

116 2156 203 2192 tam
236 2167 405 2204 syncere
437 2156 477 2192 et
509 2155 681 2192 candide
711 2154 810 2204 quid
845 2167 928 2191 non
961 2154 1109 2203 probes
1142 2154 1347 2193 ostendis:
1388 2155 1495 2205 quod
1527 2155 1707 2205 profecto

114 2219 289 2257 minime
309 2219 471 2267 faceres,
494 2219 577 2257 nisi
600 2232 668 2257 me
695 2220 735 2256 et
762 2218 1032 2257 vehementer
1053 2219 1220 2268 quidem
1245 2232 1413 2267 amares,
1437 2219 1520 2257 nisi
1539 2232 1631 2257 mea
1657 2232 1707 2257 ex

115 2282 230 2323 omni
260 2287 374 2334 parte
405 2283 594 2323 absoluta
627 2297 716 2322 esse
747 2296 926 2333 cuperes.
997 2283 1155 2322 Verum
1189 2284 1300 2322 nosti
1334 2284 1491 2322 nemini
1523 2297 1705 2333 vnquam
1727 2302 1766 2323 20

114 2350 422 2388 excusationem
461 2349 651 2397 defuisse,
692 2361 736 2386 00
781 2348 960 2386 maxime
998 2361 1321 2398 vnumquenque
1359 2349 1403 2386 in
1447 2349 1607 2398 propria
1644 2349 1707 2389 de-

114 2414 299 2452 fensione
319 2413 586 2464 ingeniosum
607 2426 704 2451 esse.
759 2412 821 2450 Ne
839 2412 967 2462 igitur
986 2412 1030 2450 in
1050 2413 1125 2450 hac
1144 2415 1258 2461 parte
1277 2412 1390 2451 solus
1408 2412 1533 2452 hebes
1552 2413 1704 2462 videar,

114 2478 292 2528 benigne
325 2478 632 2517 excusationem
669 2490 807 2515 meam
845 2477 953 2515 audi.
1022 2477 1153 2526 Atqui
1190 2476 1286 2516 nolo
1325 2477 1577 2516 cantilenam
1614 2491 1706 2517 eam

114 2543 392 2593 praetendere,
419 2543 579 2581 ‘Homo
606 2555 699 2580 sum
725 2541 852 2580 variis
878 2541 1056 2591 negociis
1083 2545 1168 2580 tam
1195 2542 1373 2591 publicis
1393 2555 1515 2591 quam
1533 2542 1707 2592 priuatis

114 2607 375 2656 implicatus3
406 2620 450 2645 ac
469 2607 608 2657 potius
628 2607 773 2644 ardore
799 2606 993 2656 quopiam
1021 2606 1262 2645 stimulatus
1288 2620 1412 2657 quam
1430 2619 1527 2645 vera
1549 2608 1705 2646 ratione
1726 2625 1764 2656 25

116 2672 265 2710 ductus
297 2672 453 2721 scripsi,
486 2672 718 2722 scriptaque
750 2671 1069 2722 praecipitanter
1098 2671 1262 2710 emisi’:
1302 2685 1400 2711 nam
1433 2671 1477 2710 in
1509 2674 1704 2722 promptu

116 2738 222 2775 esset
243 2735 410 2775 Catonis
428 2737 546 2783 illud,
571 2736 648 2775 Sed
669 2738 801 2776 tacere
819 2738 994 2787 poteras,
1050 2737 1209 2776 Verum
1227 2736 1335 2775 audi.

171 2801 265 2840 Non
299 2814 385 2851 ego,
417 2801 680 2841 ornatissime
712 2802 771 2840 mi
804 2802 989 2850 Erasme,
1020 2814 1088 2840 eos
1118 2801 1311 2840 homines
1344 2802 1415 2851 qui
1444 2802 1489 2841 in
1519 2802 1704 2853 catalogo

160 2899 235 2930 746.
261 2908 309 2937 13.
334 2898 483 2929 Amicus
499 2921 507 2929 .
528 2921 535 2928 .
556 2922 563 2930 .
581 2898 638 2929 &c.
652 2909 710 2929 om.
722 2901 766 2930 H.
901 2897 972 2929 747.
998 2908 1028 2935 4.
1055 2899 1129 2928 tam
1145 2897 1208 2928 diu
1224 2898 1389 2929 effectum
1407 2901 1435 2929 E
1449 2901 1545 2931 Lond.
1563 2910 1571 2929 z
1592 2909 1650 2931 om.
1666 2901 1702 2938 P,

112 2952 168 2980 per
180 2945 314 2979 lapsum.
453 2951 502 2973 11.
529 2942 556 2972 ii
572 2944 618 2973 E:
643 2941 682 2972 hi
697 2944 738 2974 N.

161 3019 233 3050 746.
257 3029 287 3058 9.
313 3016 572 3059 gratissimam]
588 3017 656 3049 For
667 3018 731 3049 the
745 3017 840 3058 Bp.⁷s
853 3019 969 3049 desire
986 3019 1021 3049 to
1038 3027 1094 3049 see
1111 3018 1280 3049 Erasmus
1296 3017 1340 3049 cf.
1360 3017 1425 3058 Ep.
1441 3018 1514 3057 867.
1533 3019 1585 3059 83,
1608 3019 1680 3059 185.

874 3086 899 3110 N
927 3086 951 3110 2
