2034 3433
367 174 446 213 484
825 174 1071 214 LETTERS
1110 173 1179 213 OF
1215 173 1477 213 ERASMUS
1818 173 1856 229 [1
1865 188 1886 224 5
1895 189 1909 213 1
1918 189 1942 223 9

290 289 350 312 120
365 279 518 327 passim
556 278 751 318 venditur
788 276 1045 328 purgatoriae
1087 276 1343 316 carnificinae
1381 274 1594 314 remissio:
1637 288 1709 314 nec
1746 277 1942 316 venditur

365 344 498 392 modo,
538 344 606 382 sed
645 342 877 381 obtruditur
913 341 1163 389 nolentibus,
1203 354 1288 379 non
1327 341 1410 378 iam
1452 339 1585 379 dicam
1622 340 1673 378 ob
1710 340 1940 381 cuiusmodi

366 421 515 447 causas.
575 407 664 446 Iam
701 407 1042 457 pseudapostolos,
1076 405 1244 444 tametsi
1281 405 1436 444 Paulus
1474 405 1595 444 sciret
1627 418 1714 444 esse
1750 406 1941 455 pestilen-

363 473 554 520 tissimos,
585 474 726 510 tamen
754 472 902 511 tolerat
926 471 976 510 ad
1005 473 1180 520 tempus,
1211 483 1263 508 ne
1291 470 1451 509 seuiens
1479 470 1523 508 in
1551 483 1700 520 paucos
1727 470 1940 520 publicum

363 536 565 575 Ecclesiae
583 538 736 575 statum
755 535 1034 586 perturbaret:
1063 548 1148 574 non
1166 534 1389 573 abhorrens
1409 535 1460 573 ab
1477 535 1705 585 Augustini
1723 535 1941 584 sententia,

288 617 344 649 125
364 601 433 651 qui
471 602 669 651 quosdam
708 601 824 649 clam,
865 614 948 639 non
975 601 1112 650 palam
1140 600 1369 650 arguendos
1403 601 1532 649 putat,
1572 613 1624 638 ne
1655 600 1705 639 ad
1742 600 1943 639 maiorem

361 667 562 706 insaniam
589 667 854 714 concitentur,
888 668 928 704 et
953 678 1002 704 ex
1031 665 1246 715 flagitiosis
1278 664 1381 703 fiant
1417 664 1482 703 vel
1513 665 1681 714 tyranni
1708 665 1775 704 vel
1802 665 1941 704 haere·

360 731 549 771 siarchae.

415 796 525 844 Quin
544 799 585 835 et
604 797 649 835 in
670 797 849 835 ferendis
868 796 1028 846 legibus
1045 794 1280 846 Apostolico
1300 808 1471 833 munere
1490 794 1700 845 fungitur:
1729 796 1778 834 de
1800 796 1941 834 matri·

361 860 500 899 monio
513 874 703 900 concesso
718 863 789 900 aut
802 862 1049 908 inconcesso,
1064 860 1152 910 pari
1167 861 1206 897 et
1222 858 1379 909 impari,
1400 859 1449 897 de
1463 859 1650 909 digamia,
1670 860 1720 898 de
1732 860 1912 899 diuortio
1927 875 1942 908 ;

283 942 342 973 130
360 939 533 975 quorum
547 926 625 964 alia
639 926 783 964 suadet
798 927 843 964 vt
855 925 984 974 vtilia,
1000 938 1142 964 rursus
1154 924 1234 963 alia
1246 923 1444 974 praecipit
1455 926 1500 962 vt
1515 925 1747 964 necessaria.
1793 925 1856 964 Ex
1870 925 1942 964 his

360 992 558 1040 quaedam
577 1004 669 1030 mea
687 992 892 1030 sententia
910 991 1021 1039 satis,
1044 1004 1095 1029 ne
1115 989 1248 1029 dicam
1267 989 1362 1040 plus
1381 990 1488 1038 satis,
1510 990 1716 1029 mordicus
1733 992 1936 1039 tenemus,

358 1057 490 1095 veluti
529 1057 577 1095 de
615 1057 818 1104 diuortio;
854 1056 1050 1106 quaedam
1082 1068 1248 1105 prorsus
1284 1055 1477 1105 abrogata
1514 1057 1624 1103 sunt,
1659 1055 1789 1094 veluti
1827 1057 1937 1105 quod

359 1122 514 1160 Paulus
533 1123 675 1161 suadet
694 1124 740 1160 vt
760 1135 862 1160 vxor
882 1121 1116 1161 Christiana
1138 1120 1353 1159 adhaereat
1377 1120 1542 1159 ethnico
1569 1121 1728 1170 marito,
1750 1120 1786 1159 si
1803 1120 1935 1160 isnon

357 1189 523 1237 quaerat
543 1187 780 1226 diuortium.
839 1187 1087 1226 Praescribit
1104 1188 1144 1225 et
1165 1187 1214 1224 de
1235 1186 1426 1225 carnibus
1445 1186 1703 1236 idolothytis,
1721 1187 1771 1225 de
1787 1187 1940 1237 quibus

281 1269 337 1300 135
357 1255 396 1291 et
415 1253 459 1291 in
479 1253 598 1292 Actis
618 1253 846 1292 decernunt
872 1252 1045 1291 Iacobus
1062 1254 1102 1290 et
1130 1252 1302 1299 Petrus3
1333 1252 1441 1302 quod
1464 1265 1574 1291 nunc
1599 1252 1771 1291 fortasse
1794 1253 1933 1292 locum

357 1331 440 1356 non
456 1318 590 1366 habet,
612 1331 706 1357 cum
726 1331 848 1357 nemo
868 1318 950 1356 iam
974 1317 1169 1356 sacrificet
1192 1316 1470 1356 daemonibus.
1531 1317 1706 1356 Etiamsi
1723 1318 1819 1357 huic
1839 1332 1933 1368 quo-

356 1395 434 1432 que
468 1383 627 1421 decreto
665 1383 747 1421 iam
778 1383 1020 1431 derogatum
1054 1384 1126 1430 est,
1159 1381 1267 1432 quod
1297 1381 1492 1420 suffocato
1523 1383 1564 1420 et
1597 1381 1793 1431 sanguine
1822 1383 1932 1421 vesci

356 1447 469 1486 nefas
495 1461 578 1486 non
604 1448 813 1486 habeatur.
873 1448 933 1485 At
961 1446 1210 1485 Ambrosius
1239 1446 1315 1485 sub
1348 1446 1567 1485 interdicto
1597 1447 1821 1496 sanguinis,
1854 1460 1937 1486 om·

355 1511 471 1550 nium
501 1512 774 1550 animantium
804 1525 905 1562 quae
931 1513 1175 1561 sanguinem
1202 1510 1357 1550 habent
1383 1524 1500 1550 esum
1527 1511 1786 1561 prohibitum
1814 1513 1937 1551 inter-

277 1595 339 1627 140
355 1579 565 1626 pretatur3
603 1580 643 1615 et
677 1578 727 1615 ob
756 1578 798 1615 id
828 1591 851 1616 a
881 1577 1020 1615 Grecis
1049 1589 1098 1614 ex
1126 1589 1376 1625 superuacuo
1407 1576 1613 1615 adiectum
1641 1577 1692 1615 de
1720 1577 1930 1624 suffocato,

355 1643 462 1691 quod
495 1642 565 1692 qui
598 1642 785 1692 prohibet
816 1641 1060 1691 simpliciter
1091 1654 1142 1679 ne
1172 1654 1382 1679 vescamur
1409 1641 1572 1690 pecude,
1604 1641 1713 1679 idem
1741 1641 1931 1690 prohibet

353 1706 468 1745 edere
481 1708 531 1745 de
544 1708 751 1746 suffocato.
801 1706 959 1745 Verum
971 1719 1023 1744 an
1035 1705 1332 1744 Ambrosianae
1345 1706 1574 1744 sententiae
1587 1705 1934 1746 subscribendum

354 1771 417 1819 sit,
442 1771 510 1809 alii
530 1772 718 1810 viderint.
780 1771 883 1809 Mihi
902 1770 1080 1821 purioris
1099 1770 1406 1810 Christianismi
1424 1770 1588 1821 videtur
1607 1770 1818 1821 magisque
1838 1784 1932 1810 con·

353 1837 593 1874 sentaneum
617 1835 887 1886 Euangelicae
907 1837 947 1873 et
966 1834 1223 1884 Apostolicae
1248 1834 1464 1882 doctrinae,
1489 1835 1524 1872 si
1544 1825 1653 1873 nulli
1672 1837 1828 1874 certum
1849 1836 1929 1875 cibi

278 1917 335 1949 145
352 1913 480 1949 genus
498 1887 805 1950 praescribatur,
829 1900 898 1938 sed
917 1900 1215 1938 admoneantur
1239 1913 1382 1938 omnes
1400 1902 1446 1938 vt
1467 1899 1639 1950 quisque
1660 1913 1733 1949 pro
1752 1902 1934 1950 corporis-

351 1964 496 2003 habitu
525 1966 714 2003 vescatur
737 1977 839 2014 quae
868 1964 1047 2002 maxime
1077 1963 1309 2002 conducunt
1338 1963 1469 2002 bonae
1496 1964 1737 2012 valetudini,
1765 1978 1849 2003 non
1877 1966 1928 2004 ad

351 2029 505 2077 luxum,
535 2031 604 2068 sed
628 2029 687 2068 ad'
705 2030 978 2078 sobrietatem,
1002 2042 1095 2067 cum
1123 2028 1283 2068 actione
1311 2029 1532 2080 gratiarum
1561 2042 1606 2068 ac
1633 2029 1771 2069 studio
1799 2030 1928 2069 bonae

351 2095 512 2133 mentis.
777 2134 787 2147 κ
1983 2092 1989 2095 ’

404 2160 481 2198 Sed
512 2162 559 2198 vt
588 2162 724 2198 currat
762 2157 900 2208 oratio,
937 2160 1051 2197 docet
1080 2159 1147 2197 hic
1178 2159 1307 2198 obiter
1337 2159 1565 2209 Apostolus
1598 2162 1799 2210 quatenus
1835 2173 1930 2200 mos

274 2246 332 2278 150
349 2225 549 2274 gerendus
570 2225 758 2272 infirmis,
779 2227 819 2263 et
841 2227 1041 2274 quatenus
1063 2223 1282 2263 vitandum
1306 2224 1611 2272 offendiculum,
1634 2224 1827 2263 videlicet
1855 2225 1929 2264 vbi

348 2303 540 2340 praesens
559 2290 751 2328 imminet
771 2289 865 2328 fidei
891 2289 1130 2340 periculum,
1156 2291 1196 2327 et
1219 2289 1457 2328 offendiculi
1483 2289 1637 2329 occasio
1661 2303 1764 2340 pene
1783 2292 1844 2329 est
1863 2291 1927 2329 in·

349 2354 580 2401 uincibilis;
621 2357 710 2393 tum
741 2356 900 2405 reperta
932 2356 973 2392 et
1003 2367 1051 2392 ex
1079 2354 1256 2403 pristino
1289 2354 1397 2393 vitae
1430 2354 1621 2393 instituto
1651 2354 1805 2402 relicta,
1839 2367 1925 2393 non

348 2423 444 2459 nata
462 2434 483 2459 e
503 2420 622 2459 nobis
642 2423 680 2459 et
700 2421 903 2459 accersita.
964 2420 1072 2458 Nam
1097 2433 1150 2458 an
1169 2420 1406 2470 Augustino
1427 2420 1481 2459 sit
1509 2419 1830 2469 assentiendum,
1855 2420 1928 2470 qui

347 2486 391 2523 in
411 2485 581 2534 epistola
606 2486 781 2535 quadam
807 2485 857 2524 ad
882 2485 1149 2532 Publicolam,
1173 2485 1216 2522 in
1240 2498 1320 2535 qua
1342 2485 1472 2523 varias
1500 2484 1758 2535 quaestiones
1775 2486 1922 2523 tractat

270 2569 280 2589 Ι
288 2569 304 2599 5
311 2569 327 2599 5
346 2550 468 2588 huius
488 2550 732 2599 argumenti,
753 2550 962 2588 existimat
989 2549 1230 2599 simpliciter
1252 2563 1340 2588 esse
1365 2551 1514 2588 rectius
1538 2550 1645 2588 fame
1668 2549 1774 2587 mori
1799 2562 1923 2600 quam

346 2615 620 2654 immolatitiis
648 2615 754 2653 forte
781 2615 952 2664 repertis
970 2614 1088 2662 vesci,
1113 2614 1148 2652 si
1167 2616 1324 2653 constet
1342 2628 1428 2653 esse
1447 2614 1722 2663 immolaticia,
1745 2614 1922 2653 aliorum

344 2682 429 2718 esto
448 2680 647 2719 iudicium
663 2695 671 2727 3
702 2693 796 2718 cum
812 2679 989 2718 Paulum
1007 2679 1074 2717 hic
1093 2679 1202 2718 nihil
1221 2679 1410 2727 offendat,
1430 2679 1511 2718 nisi
1526 2679 1681 2718 infirmi
1700 2679 1922 2718 offendicu-

344 2746 441 2793 lum,
474 2745 689 2795 palamque
709 2744 907 2796 ²*clamitet
934 2757 1010 2782 nec
1038 2744 1195 2782 idolum
1225 2756 1299 2781 nec
1331 2744 1608 2794 idolothytum
1636 2757 1722 2782 esse
1750 2743 1917 2794 aliquid,
1962 2745 1965 2748 ⁴

344 2814 384 2848 et
408 2810 644 2859 indignetur
666 2809 771 2859 quod
793 2809 899 2848 male
918 2809 1058 2847 audiat
1078 2809 1128 2847 ob
1148 2809 1190 2847 id
1209 2822 1282 2858 pro
1304 2822 1383 2858 quo
1402 2808 1490 2859 ipse
1508 2809 1660 2860 gratias
1679 2810 1773 2858 agit.
1833 2808 1923 2857 Quo

390 2929 459 2957 152.
486 2922 520 2950 et
537 2932 556 2950 α
572 2931 578 2951 :
603 2922 655 2950 est
673 2921 700 2951 θ.
794 2920 863 2959 156.
891 2920 1054 2950 carnibus
1070 2922 1143 2951 add.
1160 2931 1179 2957 η
1191 2924 1258 2956 posi
1273 2919 1524 2953 immolatitiis.
1612 2920 1864 2951 immolaticias
1887 2929 1918 2957 η.

393 3026 458 3057 135.
487 3020 524 3049 in
540 3018 654 3059 Actis]
682 3029 728 3058 15.
750 3029 803 3059 20,
817 3029 858 3059 29
870 3019 942 3050 and
958 3029 1008 3050 21.
1027 3029 1077 3059 25.
1208 3028 1276 3059 154.
1301 3019 1467 3060 epistola]
1486 3020 1573 3060 Aug.
1592 3022 1648 3056 Ep.
1669 3030 1708 3057 47
1729 3022 1743 3057 ξ
1761 3020 1791 3049 6.
