2034 3433
164 139 259 194 778]
618 142 688 182 ΤΟ
726 142 994 182 WILLIAM
1034 142 1308 181 BUDAEUS
1680 141 1759 178 223

214 246 275 284 De
304 246 436 285 Fabro
460 260 543 285 non
569 247 674 286 satis
701 246 890 296 intelligo
919 247 1018 296 quid
1043 246 1120 285 tibi
1149 246 1268 285 velis.
1326 246 1433 284 Nam
1464 244 1573 295 quod
1598 243 1657 282 ais
1676 244 1760 282 inei

162 310 347 350 nominis
375 311 570 350 studiosis
597 325 846 362 magnopere
875 312 1099 350 molestum
1132 325 1219 350 esse
1249 324 1393 349 ansam
1429 310 1567 349 datam
1602 309 1654 348 iis
1689 310 1760 358 qui
1783 321 1820 351 55

162 377 312 424 putant
331 376 409 415 hoc
435 379 627 415 nostrum
650 377 893 415 institutum
919 376 998 415 sibi
1018 389 1164 426 parum
1184 390 1271 415 esse
1291 375 1567 422 commodum,
1590 374 1632 412 id
1656 373 1763 412 mihi

162 453 331 490 prorsus
363 455 459 480 cum
492 442 580 480 illis
611 455 832 480 commune
871 444 957 480 est:
997 443 1082 480 imo
1116 455 1202 480 non
1235 442 1413 481 arbitror
1446 441 1641 490 cuiquam
1673 452 1762 478 esse

163 506 379 545 molestius
399 520 523 557 quam
543 507 675 555 mihi3
705 508 814 557 quod
834 521 908 546 nec
928 508 972 545 in
996 507 1200 558 Apologia
1223 520 1315 545 mea
1341 505 1616 545 dissimulaui.
1677 504 1761 542 Nec

161 571 356 610 existimo
390 572 617 610 admodum
650 572 808 611 multos
843 585 932 611 esse
966 573 1037 622 qui
1072 573 1204 611 Fabro
1237 571 1371 621 magis
1403 584 1454 610 ex
1486 571 1625 609 animo
1657 570 1762 608 bene

162 635 294 674 velint
322 649 449 686 quam
477 650 560 686 ego.
619 636 702 675 Nec
729 650 912 686 vnquam
939 637 1128 675 animum
1154 637 1350 675 inducere
1372 638 1512 685 potero
1533 635 1635 686 quin
1655 635 1762 684 Apo·
1781 636 1822 668 60

161 700 317 749 logiam
337 701 454 739 illam
482 714 627 749 meam,
651 703 774 751 atque
799 702 898 740 adeo
925 702 1152 749 victoriam,
1176 702 1211 740 si
1230 702 1353 740 modo
1378 701 1565 751 contigit,
1590 699 1758 747 oderim,

163 765 435 804 necessariam
466 765 635 815 quidem
666 765 797 813 illam,
835 766 905 804 sed
939 766 1047 804 mihi
1080 780 1153 805 nec
1185 767 1406 816 gloriosam
1440 766 1485 804 in
1519 778 1641 804 causa
1676 767 1762 804 tam

163 829 280 878 bona,
307 831 398 868 tum
421 830 549 868 etiam
576 830 841 878 inuidiosam,
865 832 912 869 vt
940 831 1140 869 aduersus
1165 831 1365 869 eximium
1392 844 1438 869 ac
1461 833 1642 869 veterem
1666 829 1765 869 ami-

160 908 284 933 cum:
326 895 503 945 denique
531 895 681 933 studiis
710 895 925 945 vtriusque
954 896 1225 934 vehementer
1253 897 1479 945 aduersam,
1512 896 1622 946 quod
1651 895 1761 934 haud

163 973 230 998 me
249 960 380 1008 fugiat
409 960 666 999 occasionem
692 960 801 998 hanc
828 962 1063 1010 arrepturos
1085 962 1170 1001 τοὺς
1196 962 1440 1008 καταλάλους,
1465 961 1620 1010 μηδενὸς
1647 964 1677 999 εἰ
1710 961 1762 1011 μὴ
1781 965 1821 1004 65

162 1026 388 1074 προφάσεως
407 1025 610 1075 δεομένους,
633 1026 726 1063 κατὰ
748 1025 815 1074 τὴν
841 1025 1051 1074 παροιμίαν.
1113 1025 1358 1064 Inauditum
1383 1026 1575 1065 Videlicet
1601 1039 1763 1075 pugnae

164 1102 295 1139 genus
311 1091 320 1129 1
379 1089 578 1139 Deplorat
596 1091 753 1128 sortem
773 1103 893 1128 suam
912 1090 1055 1137 victor,
1077 1093 1118 1128 et
1138 1090 1270 1129 hostis
1289 1104 1405 1129 arma
1429 1093 1572 1129 contra
1592 1089 1763 1129 ferentis

164 1155 342 1195 miseret.
401 1156 591 1194 Adornat
629 1155 743 1193 enim
780 1155 852 1194 ille
886 1156 1163 1205 redintegrare
1197 1156 1366 1204 bellum,
1400 1158 1446 1194 vt
1476 1155 1608 1203 audio,
1644 1156 1761 1206 quasi

163 1234 308 1271 parum
335 1222 389 1259 sit
416 1221 546 1259 semel
571 1222 622 1260 ad
652 1221 781 1260 istum
810 1221 1008 1271 ineptisse
1037 1221 1221 1260 modum.
1280 1221 1385 1259 Mihi
1412 1221 1460 1259 fit
1494 1221 1762 1260 verisimilius

158 1299 248 1325 esse
267 1286 339 1337 qui
358 1286 540 1325 Fabrum
558 1286 639 1324 huc
659 1285 908 1325 extimulent
923 1300 1046 1337 quani
1065 1287 1205 1336 ipsum
1220 1286 1261 1324 id
1278 1286 1515 1325 destinasse.
1574 1286 1760 1325 Sciebam
1782 1300 1820 1332 70

163 1351 288 1390 huius
325 1350 568 1390 certaminis
603 1351 911 1401 iniquissimam
949 1351 1245 1398 conditionem,
1286 1351 1331 1389 in
1370 1365 1450 1401 quo
1489 1351 1525 1389 si
1562 1351 1759 1399 vincerer,

163 1416 390 1467 impietatis
412 1417 570 1455 crimen
599 1430 816 1466 agnoscere
845 1417 951 1455 foret
977 1430 1166 1456 necesse:
1196 1417 1262 1455 sin
1292 1417 1509 1465 vincerem,
1534 1416 1578 1454 in
1603 1416 1761 1455 crimen

161 1481 482 1520 inhumanitatis
509 1484 615 1520 esset
640 1482 948 1530 incurrendum,
971 1482 1042 1532 qui
1068 1495 1164 1520 cum
1192 1481 1362 1520 homine
1389 1484 1477 1520 tam
1503 1481 1635 1520 amico
1656 1494 1759 1519 com-

162 1547 314 1586 missus
341 1547 512 1594 viderer,
535 1546 704 1597 quicum
733 1547 840 1585 mihi
864 1548 921 1586 sic
948 1547 1167 1586 coniuncta
1195 1549 1300 1585 esset
1318 1546 1555 1585 studiorum
1576 1546 1690 1594 ratio,
1714 1548 1760 1585 vt

163 1611 276 1650 illius
298 1611 653 1650 existimationem
674 1625 761 1650 non
784 1624 948 1662 possem
968 1612 1113 1659 ledere,
1136 1612 1219 1650 nisi
1244 1625 1357 1650 meae
1377 1625 1482 1661 pene
1509 1611 1759 1650 tantundem
1781 1625 1817 1658 75

162 1676 430 1715 detraherem.
501 1676 556 1714 Et
594 1678 737 1715 tamen
770 1677 842 1715 ille
876 1677 981 1715 mihi
1014 1676 1266 1715 refellendus
1299 1678 1396 1724 erat,
1432 1676 1516 1715 nisi
1553 1676 1762 1726 opinionis

162 1754 275 1781 meae
303 1742 421 1780 velut
445 1754 581 1780 arcem
607 1742 840 1791 periclitari,
865 1742 951 1780 imo
980 1742 1098 1792 prodi
1124 1742 1376 1780 maluissem.
1434 1741 1502 1779 Ad
1528 1741 1626 1779 haec
1651 1742 1760 1780 vide-

163 1806 258 1845 bam
276 1806 492 1856 plerosque
523 1806 847 1845 calumniaturos
869 1807 977 1845 hanc
1002 1808 1188 1845 nostram
1209 1806 1568 1853 conflictationem,
1593 1806 1664 1856 qui
1683 1819 1758 1844 nec

162 1870 276 1910 illius
305 1871 622 1910 insectationem
650 1885 726 1910 nec
755 1885 891 1910 meam
915 1872 1196 1911 defensionem
1217 1884 1401 1921 vnquam
1421 1871 1645 1920 legissent;
1676 1872 1759 1909 tan-

163 1938 256 1974 tum
288 1936 394 1975 illud
432 1937 752 1985 reprehensuros
787 1937 896 1976 inter
933 1937 1079 1987 pocula
1112 1936 1266 1975 alicubi
1297 1936 1499 1985 auditum,
1536 1937 1758 1975 Erasmum
1777 1947 1818 1976 So

162 2012 258 2039 cum
278 2001 409 2039 Fabro
429 2001 655 2051 digladiari.

218 2065 296 2104 Sed
312 2066 477 2104 obsecro
492 2067 545 2113 te,
561 2066 627 2105 vir
642 2067 896 2117 aequissime,
916 2067 1014 2117 quid
1031 2080 1097 2105 me
1111 2067 1243 2105 facere
1258 2066 1474 2114 voluisses,
1490 2068 1758 2116 posteaquam

164 2130 235 2169 ille
264 2130 382 2169 libris
410 2144 483 2180 per
510 2131 651 2169 orbem
679 2133 882 2170 terrarum
912 2131 1139 2182 diuulgatis
1166 2145 1233 2170 me
1260 2134 1321 2170 tot
1345 2132 1614 2170 atrocissimis
1637 2132 1759 2170 dictis

164 2196 405 2246 impetisset,
443 2195 805 2245 blasphemiaeque
842 2199 882 2235 et
918 2197 1145 2247 impietatis
1182 2196 1407 2245 publicitus
1437 2209 1554 2234 reum
1587 2198 1760 2246 ageret?

166 2260 348 2310 primum
374 2260 602 2308 hominem,
624 2262 670 2299 vt
696 2261 863 2309 fatetur,
888 2262 1096 2309 amicum;
1126 2261 1274 2299 deinde
1303 2261 1418 2300 nulla
1442 2275 1625 2310 vnquam
1649 2275 1672 2300 a
1691 2274 1758 2300 me
1777 2274 1816 2313 85

164 2325 377 2365 lacessitus
396 2325 546 2364 iniuria
565 2340 575 2373 ;
604 2327 812 2375 postremo
835 2327 880 2364 in
907 2340 953 2365 eo
982 2327 1152 2376 negocio
1175 2326 1221 2364 in
1240 2340 1320 2375 quo
1339 2327 1384 2364 in
1403 2328 1570 2364 tantum
1589 2326 1654 2364 illi
1673 2339 1758 2366 non

164 2390 358 2428 aduersor
385 2392 431 2429 vt
460 2390 592 2440 magis
629 2403 702 2439 pro
735 2391 808 2429 illo
845 2392 976 2430 facere
1013 2391 1164 2438 videar,
1195 2393 1236 2429 et
1273 2390 1466 2440 obiurger
1502 2390 1757 2430 eruditorum

165 2455 306 2503 literis,
337 2455 445 2505 quod
473 2455 588 2493 illius
618 2456 871 2494 sententiam
900 2470 985 2495 non
1013 2457 1149 2506 palam
1179 2455 1420 2504 reiecerim3
1449 2469 1685 2506 quanquam
1715 2457 1756 2495 id

165 2520 330 2570 quidem
344 2521 432 2558 eius
452 2520 647 2566 instituti,
665 2521 775 2570 quod
792 2523 884 2560 tum
900 2535 1168 2572 susceperam,
1185 2521 1348 2571 proprie
1364 2534 1449 2560 non
1464 2523 1560 2560 erat.
1616 2523 1757 2572 Atque

165 2585 326 2623 vtinam
344 2585 421 2623 hoc
442 2585 691 2624 iniuriarum
711 2600 860 2635 genere
879 2586 1025 2625 fuisset
1044 2587 1089 2625 in
1109 2600 1176 2625 me
1195 2587 1468 2625 debacchatus
1488 2587 1632 2635 Faber,
1649 2588 1755 2637 quod
1774 2605 1816 2636 90

167 2650 232 2688 vel
265 2650 418 2700 negligi
450 2652 606 2700 poterat
635 2652 702 2690 vel
735 2665 829 2690 cum
861 2652 1153 2691 moderationis
1190 2652 1311 2690 laude
1343 2652 1468 2690 ferri!
1499 2652 1650 2690 Libens
1680 2652 1757 2690 hoc

211 2732 264 2762 61.
288 2731 318 2761 si
334 2731 439 2762 modo
455 2732 608 2771 contigit
623 2734 696 2763 add.
713 2735 751 2764 D.
905 2734 959 2772 63.
983 2742 1022 2763 ac
1038 2734 1195 2762 veterem
1212 2735 1285 2763 add.
1303 2731 1347 2763 αἳ.
1502 2733 1556 2763 68.
1579 2733 1676 2763 enim
1693 2734 1736 2768 αβ
1750 2745 1757 2763 :

170 2784 226 2805 om.
246 2777 284 2804 E.
411 2776 464 2813 69.
492 2775 585 2805 Mihi
604 2799 611 2806 .
630 2798 637 2804 .
657 2798 665 2806 .
684 2786 734 2814 70.
754 2775 952 2806 destinasse
969 2780 1042 2806 adel.
1062 2778 1122 2810 DB
1141 2776 1225 2815 (huc
1243 2786 1300 2806 om.
1317 2778 1375 2815 N).
1504 2786 1553 2814 75.
1578 2776 1757 2807 existima-

170 2818 306 2848 tionem
322 2818 386 2851 uB:
410 2818 679 2849 estimationem
697 2821 726 2848 F·
743 2830 750 2849 ε
774 2820 1062 2850 aestimationem
1080 2821 1123 2850 H.
1212 2819 1264 2850 82.
1289 2820 1325 2849 te
1341 2818 1392 2850 (2²2
1418 2820 1474 2849 ter
1489 2818 1532 2848 al.
1623 2821 1676 2858 87.
1702 2820 1755 2851 11²:

169 2861 335 2900 obiurgor
349 2859 393 2892 αῙ.

210 2963 264 2993 54.
290 2954 384 2993 quod
400 2954 466 2995 ais]
484 2955 545 2994 Ep.
566 2964 638 2993 744.
653 2955 692 2985 81
712 2964 783 2994 seq.
1040 2956 1090 2986 66.
1117 2954 1299 2996 παροιμίαν]
1327 2954 1494 2986 OfiArist.
1512 2957 1598 2987 Rlzet.
1620 2965 1647 2987 1.
1670 2966 1718 2988 12.
