2034 3433
130 145 228 201 784]
651 147 721 186 ΤΟ
758 145 924 197 <JOHN
962 144 1189 195 FISHER)
1632 144 1711 181 237

128 250 380 290 Huiusmodi
411 251 446 289 si
473 250 565 300 quis
594 249 673 288 tibi
706 252 901 299 superest,
938 249 1222 300 gratissimum
1260 248 1386 287 fuerit
1419 248 1454 286 si
1490 261 1563 297 per
1601 248 1712 286 hunc

127 316 298 355 miseris.
367 315 556 366 Hyemps
587 314 664 352 hec
696 314 801 352 mihi
832 314 922 353 visa
949 317 1011 353 est
1049 314 1309 364 longissima,
1340 313 1439 352 adeo
1476 315 1523 351 vt
1560 312 1714 362 partim
1735 326 1771 358 15

127 381 239 420 tedio
258 381 411 431 partim
433 379 608 419 assiduis
634 380 864 418 studiorum
883 379 1091 419 laboribus
1109 379 1314 429 meipsum
1333 392 1438 428 pene
1457 377 1714 416 confecerim.

127 445 322 496 Superest
339 443 606 498 ex[s]tremus
625 445 787 484 fabulae
807 448 943 485 nostre
962 448 1077 484 actus
1096 448 1146 491 et,
1171 445 1216 483 ni
1235 444 1364 492 fallor,
1381 444 1500 482 vitae.
1552 444 1619 482 Ab
1638 445 1715 483 hoc

128 513 189 550 est
209 511 372 550 animus
392 511 540 550 abdere
559 524 637 558 me,
660 511 847 561 mihique
866 524 1010 550 canere
1028 513 1068 549 et
1088 510 1218 548 Musis
1235 525 1243 557 ;
1273 523 1347 548 nec
1367 510 1481 548 enim
1500 509 1600 548 libet
1621 522 1715 548 cum

127 578 190 614 tot
217 576 374 615 rabulis
402 576 563 614 assidue
592 576 815 625 digladiari.
885 576 1084 615 Volebam
1113 575 1304 625 prodesse
1338 575 1488 613 studiis
1517 587 1592 624 pro
1623 587 1716 613 mea

128 641 400 692 qualicunque
420 641 607 691 portione
625 655 635 689 3
662 655 736 680 nec
756 641 914 691 pigeret
933 641 1133 688 laborum,
1156 642 1192 679 si
1211 642 1357 679 votum
1378 640 1619 678 succederet.
1737 653 1776 674 20

183 706 314 745 Faber
341 706 449 744 nihil
472 707 643 745 omnino
663 707 892 756 respondet,
914 720 965 745 ne
991 706 1163 755 priuatis
1193 705 1360 755 quidem
1387 706 1438 744 ad
1468 718 1534 743 me
1553 705 1715 744 litteris.

127 771 267 810 Audio
283 773 423 810 tamen
443 772 646 810 offensum
661 771 865 822 Apologia
883 784 976 809 mea
992 786 1001 818 3
1031 771 1147 821 quasi
1161 783 1256 809 vero
1275 771 1353 809 hoc
1372 771 1486 809 illius
1506 770 1715 810 autoritati

128 836 333 885 debeatur,
353 839 397 875 vt
417 837 473 875 sic
493 837 684 887 impetito
702 837 808 874 mihi
823 836 947 875 fuerit
967 836 1245 874 obticendum.
1296 836 1352 874 Et
1370 838 1510 874 tamen
1530 836 1716 874 contraxi

128 902 244 940 frena
265 902 375 941 iusto
405 902 546 949 dolori,
569 902 834 951 multumque
857 901 952 939 dedi
976 901 1040 939 vel
1063 900 1273 940 amiciciae
1296 903 1460 939 nostrae
1485 901 1551 938 vel
1571 901 1718 950 pudori

128 967 377 1006 Christiano.
435 967 561 1005 Vides
591 965 941 1016 quemadmodum
970 968 1089 1004 tonet
1117 965 1401 1015 Hieronymus
1419 966 1464 1003 in
1486 965 1714 1007 Ruffinum.
1738 978 1775 1009 25

129 1033 292 1071 tantum
321 1032 415 1082 quia
440 1033 612 1082 figurate
640 1032 774 1070 fuerat
800 1031 850 1070 ab
880 1031 953 1069 illo
981 1031 1184 1070 laudatus.
1245 1030 1378 1069 Fabro
1407 1030 1478 1080 qui
1505 1043 1572 1068 me
1600 1030 1718 1069 libris

128 1097 346 1147 publicatis
365 1097 463 1135 facit
494 1096 816 1146 ‘intelligentiae
844 1096 1108 1146 propheticae
1133 1096 1421 1135 subuersorem
1439 1095 1458 1143 ⁹,
1487 1097 1718 1134 ‘contume-

128 1162 230 1201 liose
245 1162 504 1201 deiicientem
517 1162 671 1201 Christi
682 1161 857 1210 gloriam
866 1164 885 1209 ',
909 1163 998 1211 ‘pro
1014 1161 1266 1211 blasphemis
1280 1160 1444 1199 Iudaeis
1459 1160 1680 1199 facientem
1695 1162 1715 1209 ’,

133 1229 142 1246 ⁶
159 1227 404 1278 Christoque
434 1228 602 1277 Deoque
630 1226 921 1276 indignissima
948 1226 1188 1276 loquentem
1203 1227 1221 1272 ⁹,
1266 1227 1276 1244 ‘
1294 1225 1560 1264 adherentem
1590 1225 1713 1273 carni,

129 1293 293 1342 spiritui
317 1293 637 1340 aduersantem’,
668 1294 737 1330 ‘ea
763 1291 1012 1330 scribentem
1042 1303 1146 1340 quae
1179 1293 1310 1329 semet
1338 1290 1519 1340 vndique
1547 1290 1712 1337 elidant,
1738 1305 1777 1336 30

130 1371 214 1396 non
242 1358 336 1396 vnis
364 1357 491 1407 digna
512 1357 728 1406 Anticyris
741 1357 761 1405 ⁵,
785 1358 824 1394 et
851 1369 947 1394 cum
972 1355 1056 1405 ipse
1084 1356 1249 1393 tueatur
1272 1355 1428 1393 Christi
1454 1354 1714 1404 dignitatem,

129 1436 196 1461 me
215 1435 339 1461 suum
365 1423 464 1461 facit
490 1421 783 1469 aduersarium,
807 1434 956 1471 quaeso
979 1434 1064 1459 non
1083 1420 1384 1470 respondeam?
1441 1420 1719 1468 Quantumuis

129 1487 234 1537 pius,
257 1487 525 1537 quantumuis
545 1487 673 1534 mitis,
697 1487 967 1537 quantumuis
994 1487 1152 1524 amicus
1171 1488 1233 1524 est
1252 1486 1393 1532 Faber,
1416 1485 1515 1524 haec
1535 1486 1579 1524 in
1605 1485 1718 1524 illius

129 1552 248 1591 libris
267 1552 482 1599 habentur,
508 1554 548 1590 et
567 1552 752 1602 agnoscit
778 1565 852 1602 pro
871 1552 973 1590 suis.
1031 1551 1075 1590 Si
1095 1564 1180 1590 non
1199 1551 1416 1599 habentur,
1439 1554 1631 1590 accusent
1652 1565 1719 1590 me

129 1617 350 1666 vanitatis;
388 1618 424 1656 si
454 1617 669 1664 habentur,
701 1619 742 1655 et
770 1617 837 1655 his
867 1617 993 1655 etiam
1023 1616 1150 1666 plura,
1185 1617 1456 1656 conueniebat
1491 1617 1719 1667 expendere
1738 1632 1776 1663 35

130 1683 333 1733 numquid
363 1683 511 1721 horum
541 1683 871 1721 commeruerim.
927 1683 972 1721 Si
999 1683 1240 1731 commerui,
1269 1682 1459 1721 refellant
1487 1685 1625 1721 nostra
1641 1697 1650 1730 3
1682 1683 1718 1721 si

130 1761 215 1787 non
245 1749 483 1795 commerui,
514 1761 586 1787 cur
614 1762 700 1786 non
727 1748 867 1798 potius
893 1748 1023 1787 Fabro
1051 1749 1332 1798 indignantur,
1363 1748 1434 1798 qui
1461 1748 1643 1787 amicum
1671 1761 1721 1787 ex

129 1814 294 1852 insidiis
321 1816 409 1852 tam
436 1813 629 1853 atrociter
654 1813 886 1861 lacessierit,
915 1827 1038 1863 quam
1067 1814 1173 1852 mihi
1198 1814 1269 1864 qui
1293 1827 1359 1852 me
1388 1814 1528 1863 clypeo
1555 1816 1720 1852 tantum

132 1879 316 1926 defendo,
339 1892 424 1917 non
443 1882 583 1929 repeto
602 1879 708 1927 telis,
733 1879 839 1929 quod
860 1879 1071 1918 communi
1092 1881 1198 1917 certe
1219 1880 1307 1917 iure
1325 1881 1510 1929 poteram
1526 1880 1546 1917 ‘3

184 1944 378 1983 Miseram
397 1944 625 1983 secundum
643 1944 848 1983 Theodori
866 1943 1033 1984 librum.
1093 1945 1285 1983 Eundem
1304 1958 1417 1982 nunc
1436 1945 1557 1982 mitto
1576 1944 1721 1983 formis
1738 1955 1779 1987 40

133 2022 338 2057 excusum,
364 2023 445 2059 quo
470 2010 581 2059 legas
614 2009 898 2057 commodius;
936 2023 1034 2047 nam
1065 2009 1343 2059 Paraphrasin
1372 2009 1455 2048 scio
1482 2009 1606 2048 isthic
1636 2010 1719 2048 iam

132 2088 219 2113 esse
252 2074 476 2124 vulgatam.
533 2074 661 2112 Miror
687 2074 924 2112 Vnoculum
957 2073 1078 2113 illum
1111 2088 1183 2124 per
1214 2088 1338 2124 quem
1375 2075 1581 2121 miseram,
1614 2074 1720 2112 nihil

132 2143 296 2178 tuarum
315 2139 397 2177 huc
419 2139 604 2177 retulisse
623 2139 866 2177 litterarum.
926 2138 1095 2177 Grocini
1114 2139 1285 2187 malum,
1305 2139 1364 2178 ita
1382 2152 1448 2177 me
1468 2140 1578 2177 Deus
1598 2141 1718 2185 amet,

133 2204 239 2242 mihi
267 2217 316 2242 ex
344 2204 483 2242 animo
513 2203 632 2251 dolet,
663 2203 959 2253 qualiscunque
987 2204 1057 2242 ille
1086 2205 1130 2242 in
1158 2217 1224 2242 me
1252 2204 1344 2242 fuit.
1403 2204 1591 2254 Optarim
1619 2204 1720 2242 eius·

133 2268 247 2308 modi
278 2269 447 2319 ingenia
476 2282 549 2307 nec
581 2271 758 2307 mortem
786 2269 938 2307 sentire
966 2282 1041 2307 nec
1074 2270 1264 2316 senium3
1305 2269 1374 2307 sed
1405 2269 1464 2307 ita
1491 2271 1628 2308 visum
1657 2271 1718 2308 est
1737 2281 1777 2313 45

133 2334 302 2384 superis.
362 2334 700 2373 Circumferimus
733 2334 842 2372 hunc
877 2334 1142 2372 thaesaurum
1176 2335 1220 2372 in
1255 2334 1365 2373 vasis
1397 2334 1603 2382 fictilibus,
1635 2334 1719 2372 imo

132 2400 286 2438 vitreis.
347 2400 407 2438 De
435 2399 672 2449 genealogia
698 2399 852 2437 Christi
873 2399 956 2437 scio
981 2400 1241 2449 questionem
1266 2412 1355 2438 esse
1380 2399 1717 2448 inextricabilem,

135 2477 208 2503 nec
246 2465 409 2514 proprie
441 2465 492 2502 ad
524 2465 602 2502 hoc
635 2465 814 2514 pertinet
846 2464 1116 2511 institutum3
1155 2467 1195 2502 et
1234 2464 1339 2503 mihi
1377 2477 1462 2503 non
1495 2463 1718 2503 admodum

133 2530 391 2569 satisfaciunt
411 2543 514 2580 quae
533 2528 618 2581 (ex)
636 2529 777 2568 Annio
796 2528 963 2568 collecta
982 2531 1091 2578 sunt,
1114 2529 1322 2580 scriptore,
1346 2531 1393 2568 vt
1411 2529 1516 2567 mihi
1544 2529 1714 2577 subolet,

177 2641 231 2663 20.
255 2633 329 2662 LB:
353 2631 602 2670 qualecunque
617 2634 686 2662 MS.
843 2640 895 2662 22.
921 2633 993 2661 LB:
1019 2630 1142 2662 Audeo
1158 2634 1226 2662 MS.
1381 2640 1432 2668 23.
1459 2632 1528 2660 LB:
1552 2629 1717 2669 imperito

135 2677 203 2707 MS.
341 2684 395 2713 49.
421 2684 463 2705 ex
479 2677 590 2705 addidi
599 2686 612 2712 ;
635 2676 673 2712 cf.
692 2677 751 2712 Ep.
771 2684 844 2714 797.
861 2683 892 2713 5.

176 2784 227 2813 27.
252 2773 354 2814 facit]
371 2773 422 2805 Cf.
439 2774 500 2812 Ep.
514 2775 589 2813 659.
607 2783 700 2812 5-11.
1003 2783 1056 2812 49.
1080 2772 1218 2813 Annio]
1241 2772 1337 2802 John
1357 2772 1502 2803 Annius
1526 2781 1564 2802 or
1580 2771 1717 2802 Nannis

176 2828 230 2856 40.
253 2816 438 2857 Miseram]
457 2816 509 2848 Cf.
526 2817 589 2856 Ep.
607 2818 680 2856 653.
703 2826 788 2856 10,1.
961 2817 1006 2857 (c.
1044 2826 1212 2855 1432—13
1243 2816 1327 2846 Nov.
1364 2816 1460 2854 1502)
1495 2814 1533 2845 of
1558 2814 1714 2853 Viterbo,

176 2872 229 2899 44.
255 2861 294 2891 in
333 2859 407 2901 me]
438 2861 505 2891 For
542 2860 699 2891 coolness
732 2860 891 2890 between
960 2870 981 2891 a
1004 2860 1227 2891 Dominican.
1273 2860 1328 2890 On
1352 2867 1391 2897 31
1416 2858 1537 2889 March
1564 2858 1647 2896 1480
1670 2858 1715 2888 he

136 2905 306 2935 Erasmus
323 2903 395 2934 and
412 2904 544 2934 Grocin
560 2903 602 2934 cf.
621 2904 682 2943 Ep.
703 2912 776 2942 350.
793 2903 823 2934 6.
960 2903 1158 2943 completed
1170 2904 1206 2934 at
1219 2903 1369 2934 Genoaa
1387 2904 1477 2932 Glosa
1492 2911 1582 2938 super
1596 2905 1715 2939 Apoca-

176 2949 228 2986 46.
255 2946 504 2988 thaesaurum]
529 2946 581 2977 Cf.
599 2956 619 2976 2
636 2947 712 2978 Cor.
730 2958 760 2985 4.
781 2957 810 2985 7.
960 2949 1076 2985 lipsim,
1090 2947 1129 2977 in
1144 2946 1264 2977 which
1276 2946 1322 2976 he
1333 2944 1493 2975 deduced
1506 2955 1525 2976 a
1538 2945 1717 2985 prophecy

177 3001 230 3030 47.
255 2989 475 3031 genealogia]
493 2990 545 3021 Cf.
564 2990 628 3030 Ep.
644 3000 718 3030 324.
738 3000 776 3029 14
793 3000 828 3022 n.
963 2991 1000 3021 of
1026 2989 1089 3021 the
1120 2990 1257 3030 victory
1286 2989 1325 3020 of
1351 2989 1602 3020 Christendom
1634 2998 1717 3018 over
