2034 3433
286 129 363 166 182
751 128 1002 168 LETTERS
1039 127 1108 165 OF
1147 125 1413 165 ERASMUS

1751 124 1876 178 [1518

284 232 466 272 Tantum
495 247 568 284 ego
588 235 674 272 veri
702 233 854 272 amoris
874 231 1157 281 qualecunque
1176 230 1329 279 pignus
1355 229 1484 267 semel
1512 229 1562 267 ad
1592 231 1633 267 te
1658 229 1877 275 miseram;

285 300 328 338 at
347 302 392 338 tu
412 299 571 338 bellum
591 299 764 337 callidus
784 311 833 336 ex
851 310 990 335 amore
1009 295 1180 341 finxisti,
1203 297 1250 333 vt
1269 295 1468 333 vinceres.
1527 294 1681 333 Scribis
1704 295 1819 332 enim
1838 296 1879 333 te

248 381 266 411 ,ς
285 365 530 403 muneribus
563 377 586 402 a
615 377 682 402 me
712 363 994 413 prouocatum,
1030 373 1104 398 nec
1130 361 1273 397 tamen
1301 359 1410 397 velle
1439 358 1574 398 adhuc
1605 360 1881 407 contendere:

287 429 443 467 bellum
476 429 645 467 omnino
680 441 765 466 non
798 427 1028 465 detrectans
1061 425 1133 463 sed
1161 425 1206 463 in
1236 424 1435 463 idoneum
1471 425 1637 474 tempus
1670 424 1877 464 differens.

287 494 494 542 Quorsum
529 493 640 531 istud
669 493 850 542 quaeso?
906 491 1019 528 Num
1044 490 1214 529 interim
1243 490 1381 540 copias
1411 489 1572 539 colligis
1596 491 1638 528 et
1668 489 1881 528 machinas

287 559 573 607 tormentaque
599 558 754 607 paras?
810 555 909 594 Noli
937 554 1130 603 laborare,
1163 554 1270 593 bone
1296 554 1372 603 vir,
1405 568 1489 593 non
1517 556 1557 594 te
1585 568 1775 604 prouoco,
1809 568 1884 593 nec

287 623 497 661 irritatum
518 622 645 660 velim
664 637 672 670 3
702 621 870 660 coherce
890 621 1051 659 animos
1071 619 1228 670 tibique
1248 622 1431 670 tempera
1447 635 1457 668 3
1476 619 1610 659 maior
1627 634 1670 658 es
1690 633 1816 670 quam
1834 621 1881 658 vt

234 706 271 727 10
290 699 451 725 mecum
472 686 517 724 in
538 687 735 725 harenam
755 687 988 725 descendas.
1046 685 1155 734 Quid
1175 685 1290 723 enim
1310 685 1560 724 Paschasius
1573 686 1625 724 ad
1646 685 1881 732 Erasmum,

290 751 503 790 hominem
522 751 568 789 in
588 751 735 801 quouis
753 752 970 790 literarum
986 763 1031 789 ac
1047 751 1275 789 officiorum
1287 763 1435 801 genere
1446 751 1497 789 ad
1510 751 1693 800 palmam
1708 752 1853 789 natum
1868 750 1889 788 ἱ)

291 816 453 864 Desine,
477 817 578 855 satis
597 819 671 866 est,
694 817 790 855 nolo
810 817 1033 866 quicquam
1058 829 1131 866 per
1158 829 1235 855 nos
1261 816 1478 865 sanguinis
1506 817 1656 864 manet,
1677 816 1788 854 vltro
1807 814 1887 853 tibi

291 894 439 921 manus
458 882 633 932 porrigo.
692 882 961 932 Paraphrasis
971 882 1052 920 ista
1065 881 1171 929 fecit,
1190 894 1271 932 qua
1290 881 1472 920 nimium
1487 881 1595 920 mihi
1609 880 1887 920 formidabilis

290 948 405 987 visus
421 961 475 996 es,
496 950 542 986 vt
562 948 634 998 qui
651 961 770 987 meus
787 961 874 987 esse
890 961 974 987 non
989 960 1171 997 possum,
1195 948 1280 986 iam
1299 949 1387 986 toto
1405 949 1569 997 pectore
1584 947 1664 985 sim
1680 946 1769 985 iure
1788 946 1887 985 belli

234 1032 272 1064 15
290 1016 399 1053 tuus.

346 1080 502 1129 Quinto
531 1079 669 1118 Galen.
699 1079 915 1118 Ianuarias
935 1093 1002 1118 me
1023 1079 1183 1118 contuli
1203 1079 1254 1117 ad
1274 1078 1627 1117 humanissimum
1648 1078 1886 1127 Principem

292 1146 338 1183 in
357 1158 446 1184 arce
466 1144 692 1195 Huijensi;
725 1146 798 1195 qui
817 1158 883 1183 me
903 1143 1156 1194 perbenigne
1175 1146 1215 1181 et
1235 1143 1487 1191 humaniter,
1509 1147 1554 1182 vt
1575 1144 1690 1191 solet,
1714 1142 1886 1193 excepit.

294 1209 472 1249 Reddidi
491 1209 555 1248 illi
574 1209 793 1260 epistolam
820 1212 937 1249 tuam
957 1223 1002 1248 ac
1023 1209 1316 1259 Pal-aphrasim
1334 1223 1343 1257 ;
1373 1209 1484 1259 quod
1513 1209 1549 1247 is
1574 1209 1642 1248 cui
1671 1207 1891 1259 negocium

294 1275 572 1323 commiseras,
597 1276 639 1314 id
658 1276 786 1314 facere
805 1275 1083 1325 nequicquam
1103 1275 1231 1313 semel
1251 1287 1296 1313 ac
1314 1274 1466 1313 iterum
1478 1276 1732 1313 attentasset.
1773 1272 1892 1322 Legit

238 1358 277 1380 20
296 1341 495 1390 Princeps
518 1340 628 1379 clara
646 1354 744 1380 voce
772 1354 874 1392 quae
902 1341 1118 1391 scripsisti,
1143 1343 1183 1380 et
1209 1341 1506 1380 munusculum
1528 1340 1705 1379 subinde
1726 1352 1891 1378 exoscu-

294 1407 407 1444 latus
427 1407 649 1445 Erasmum
678 1420 773 1456 prae
803 1406 950 1457 gaudio
979 1407 1207 1445 identidem
1236 1406 1495 1445 inclamabat.
1555 1406 1703 1445 Iussus
1728 1419 1823 1444 sum
1844 1418 1892 1443 eo

297 1471 362 1509 die
380 1470 426 1509 in
443 1484 534 1509 arce
554 1484 731 1510 manere.
791 1472 947 1510 Audita
967 1485 1009 1510 re
1029 1471 1172 1510 diuina
1190 1471 1306 1511 venit
1325 1471 1488 1521 prandii
1509 1473 1685 1521 tempus.
1748 1471 1892 1520 Ingre-

297 1535 436 1573 dimur
454 1536 592 1575 aulam
612 1536 883 1587 principalem
901 1537 1064 1588 magnis
1081 1538 1258 1587 altisque
1272 1537 1480 1587 tapetibus
1499 1534 1701 1575 ornatam.
1762 1536 1894 1575 Paulo

298 1602 392 1650 post
412 1601 565 1640 dantur
593 1615 721 1652 aquae
748 1602 953 1642 manibus.
1014 1603 1129 1641 Sedit
1158 1602 1374 1652 Princeps,
1394 1616 1439 1641 ac
1469 1602 1583 1641 iuxta
1612 1603 1735 1641 illum
1763 1602 1892 1640 frater

242 1682 281 1714 25
300 1665 504 1704 Robertus
532 1668 710 1715 nomine,
739 1667 805 1706 vir
836 1668 881 1705 in
911 1668 1039 1707 armis
1058 1670 1253 1706 strenuus
1271 1670 1312 1706 et
1331 1667 1465 1706 nostri
1493 1667 1619 1706 seculi
1648 1667 1763 1706 velut
1790 1667 1894 1706 alter

298 1731 499 1770 Achilles.
555 1732 744 1770 Tertium
764 1732 903 1771 locum
923 1733 1012 1771 eius
1032 1732 1169 1771 herois
1188 1746 1292 1770 vxor
1312 1732 1546 1783 occupabat,
1568 1732 1654 1771 vita
1673 1732 1892 1782 Penelope,

299 1797 482 1835 moribus
510 1797 711 1837 Lucretia.
772 1799 924 1847 Quarto
951 1799 1118 1837 sedebat
1144 1798 1245 1846 filia,
1264 1798 1381 1848 virgo
1407 1799 1492 1836 iam
1516 1797 1674 1836 nubilis
1702 1811 1748 1836 ac
1772 1798 1895 1836 vultu

300 1862 389 1911 ipso
409 1861 586 1901 Dianam
604 1863 797 1902 referens.
859 1864 1063 1912 Quintum
1080 1866 1120 1902 et
1136 1865 1298 1901 sextum
1315 1863 1395 1901 duo
1412 1863 1528 1902 illius
1548 1863 1728 1902 heroidis
1747 1863 1897 1902 fratres

300 1928 506 1977 tenebant,
532 1942 634 1979 quos
659 1942 754 1967 vere
782 1930 947 1968 credere
971 1943 1112 1980 posses
1135 1929 1268 1968 Ledae
1290 1929 1501 1978 gemellos.
1561 1929 1681 1968 Inter
1708 1931 1771 1967 tot
1799 1929 1897 1969 deos

244 2009 284 2041 30
301 1993 478 2043 deasque
489 1996 660 2033 vocatus
679 1994 731 2033 ab
751 1995 852 2034 Ioue
871 1995 1124 2034 nominatim
1143 1997 1185 2033 et
1203 2008 1277 2044 ego
1297 1995 1538 2033 scarabaeus
1558 1994 1738 2041 accubui,
1760 1995 1900 2034 oculos

299 2071 410 2106 aur0,
441 2060 619 2108 gemmis
647 2062 688 2097 et
712 2074 905 2111 purpura,
938 2074 1057 2100 aures
1090 2060 1282 2099 dulcibus
1316 2060 1447 2106 melis,
1474 2060 1662 2110 palatum
1687 2060 1895 2099 ambrosia

302 2125 341 2161 et
362 2125 524 2162 nectare
541 2137 723 2174 pascens.

943 2216 996 2245 31.
1019 2210 1053 2238 et
1073 2207 1135 2237 D¹:
1160 2217 1199 2238 ac
1215 2207 1265 2238 D2.

352 2327 399 2356 17.
428 2316 616 2358 Huijensi]
631 2317 729 2358 Huy,
740 2328 806 2349 one
819 2319 857 2349 of
866 2319 929 2350 the
941 2318 1069 2350 castles

305 2361 495 2400 belonging
510 2364 546 2392 to
560 2361 621 2392 the
635 2362 907 2402 Princo-bishop
922 2373 930 2393 τ
946 2373 992 2394 on
1005 2363 1067 2393 the

306 2403 426 2435 Meuse
443 2406 550 2435 about
570 2414 610 2444 19
626 2416 691 2437 ms.
708 2407 816 2437 above
833 2407 946 2446 Liege.

328 2458 400 2521 824.
427 2447 557 2490 aquae]
574 2449 626 2482 Cf.
646 2449 762 2480 Plaut.
779 2452 861 2481 Pers.
886 2452 958 2490 769y
977 2453 1065 2481 Truc.

306 2501 326 2529 4
354 2501 381 2523 1.

352 2544 403 2574 25.
428 2534 620 2576 Robertus]
650 2535 802 2578 (†1536),
828 2536 890 2568 the
917 2536 1009 2568 head
1033 2537 1073 2567 of

308 2578 370 2608 the
387 2579 497 2610 house
514 2579 553 2609 of
572 2579 624 2610 De
641 2579 676 2609 la
692 2580 835 2620 Marck3
864 2590 920 2612 see
937 2591 970 2620 p.
996 2581 1066 2611 168.

306 2622 381 2652 The
398 2624 639 2662 negotiations
655 2623 775 2654 which
797 2623 855 2654 led
877 2634 925 2664 up
948 2626 985 2655 to
1008 2624 1069 2654 the

308 2667 427 2705 treaty
442 2666 480 2696 of
492 2667 542 2698 St.
559 2667 678 2697 Trond
694 2677 785 2698 were
801 2668 973 2707 probably
989 2677 1071 2698 now

311 2710 348 2739 in
365 2718 537 2749 progress.
572 2711 677 2741 After
692 2712 872 2751 reverting
884 2714 921 2742 to
937 2711 1071 2742 France

311 2753 349 2782 in
380 2762 460 2791 1521
490 2753 619 2784 Robert
643 2764 716 2785 was
747 2756 908 2794 crippled
935 2755 983 2794 by
1008 2755 1071 2785 the

312 2796 575 2837 Burgundians,
596 2798 659 2828 but
674 2808 746 2828 was
767 2801 826 2828 too
846 2798 1018 2838 powerful
1037 2800 1072 2829 to

311 2838 353 2868 be
383 2840 538 2879 entirely
568 2842 733 2873 crushed.
793 2842 858 2872 See
889 2843 960 2873 BN.
995 2842 1071 2872 xiii.

311 2890 430 2920 542-7.
477 2884 534 2915 He
552 2885 705 2916 married
721 2886 761 2915 in
780 2895 861 2924 1491
880 2886 1072 2917 Catherine

311 2925 350 2955 of
370 2926 432 2955 the
460 2926 612 2967 Chimay
637 2929 773 2959 branch
797 2930 834 2960 of
857 2930 919 2960 the
942 2929 1072 2969 family

310 2967 350 2999 of
368 2968 471 3009 Croy,
491 2971 590 3001 niece
611 2971 649 3001 of
667 2972 730 3002 the
751 2972 820 3003 late
837 2973 901 3013 Bp.
919 2972 958 3003 of
969 2973 1071 3003 Cam-

1135 2319 1223 2358 bray
1240 2318 1318 2358 (Ep.
1336 2328 1398 2358 497
1416 2318 1576 2354 introd.).
1622 2318 1670 2349 In
1693 2317 1901 2359 dedicating

1135 2362 1199 2393 the
1221 2362 1441 2401 Paraphrase
1463 2371 1509 2393 on
1531 2362 1727 2401 Galatians‚
1745 2371 1773 2392 c.
1793 2361 1899 2402 April

1138 2414 1231 2445 1519,
1259 2408 1296 2437 to
1324 2406 1421 2436 their
1447 2415 1512 2436 son
1537 2406 1694 2444 Antony,
1726 2414 1840 2437 canon
1865 2407 1904 2438 of

1137 2450 1250 2489 hege,
1279 2449 1448 2480 Erasmus
1473 2448 1587 2479 extols
1618 2448 1681 2479 the
1706 2448 1843 2480 virtues
1865 2450 1904 2481 of

1136 2493 1223 2524 both
1242 2495 1387 2533 parents
1405 2492 1483 2533 (Ep.
1501 2493 1592 2533 956).

1180 2546 1233 2575 27.
1258 2535 1349 2576 filia]
1396 2536 1575 2576 Philippa,
1618 2535 1698 2566 who
1743 2537 1901 2568 married

1137 2579 1291 2610 Reinold
1335 2579 1540 2610 Brederode
1577 2579 1733 2620 (†1556).
1791 2580 1903 2612 Their

1138 2633 1203 2654 son
1227 2623 1355 2663 Henry
1379 2623 1560 2664 (1531-68)
1585 2633 1657 2654 was
1687 2632 1754 2655 one
1777 2624 1818 2655 of
1837 2625 1900 2656 the

1139 2667 1309 2697 founders
1342 2666 1380 2697 of
1412 2667 1531 2698 Dutch
1565 2666 1735 2708 sreedom,
1773 2668 1847 2699 and
1881 2678 1902 2699 a
1956 2698 1959 2700 .

1139 2710 1259 2741 friend
1272 2711 1311 2740 of
1324 2709 1484 2741 William
1499 2711 1563 2741 the
1576 2710 1704 2742 silent.
1743 2710 1808 2742 See
1825 2712 1899 2743 BN.

1183 2755 1235 2785 28.
1260 2754 1404 2794 fratres]
1421 2754 1594 2794 probably
1605 2756 1676 2785 two
1688 2755 1728 2785 of
1739 2755 1801 2786 the
1817 2765 1902 2786 sons

1139 2797 1221 2828 who
1239 2798 1422 2829 remained
1438 2799 1581 2838 laymen
1598 2808 1605 2836 ;
1630 2797 1761 2830 Robert
1777 2799 1904 2839 (1491—

1143 2842 1253 2880 1537N‚
1285 2842 1366 2872 who
1397 2841 1588 2873 suet-eeded
1618 2841 1676 2871 his
1698 2842 1830 2881 father,
1863 2853 1903 2873 or

1140 2885 1304 2915 William
1346 2886 1418 2917 and
1458 2885 1556 2916 John
1592 2885 1651 2925 (cf.
1691 2885 1902 2917 Aleander's

1139 2931 1284 2968 Journal,
1303 2929 1358 2960 ed.
1375 2930 1518 2969 Omont,
1537 2938 1570 2968 p.
1589 2929 1644 2967 16)
1660 2929 1743 2962 who
1762 2930 1903 2960 became

1139 2973 1323 3012 seigneurs
1339 2973 1377 3003 of
1388 2973 1409 3003 J
1412 2974 1525 3004 amets
1540 2973 1612 3004 and
1633 2972 1772 3013 Saulcy.
