2034 3433
156 171 256 227 855]
634 175 704 215 ΤΟ
743 175 900 214 PAUL
937 174 1266 215 BOMBASIUS
1663 176 1743 215 357

153 280 266 328 parte
304 292 355 317 ex
391 279 505 318 illius
544 279 710 329 scriptis
753 277 996 316 subodorari
1037 278 1225 328 potuisti.
1297 278 1466 325 Paceus,
1507 278 1603 316 huic
1641 292 1744 328 pene
1763 294 1805 325 40

153 356 387 393 germanus,
424 345 476 383 ab
515 343 715 395 epistolis.
777 342 1012 382 Gulielmus
1049 343 1276 381 Montioius
1314 343 1498 393 Reginae
1537 344 1744 383 famulitio

152 409 382 458 praefectus
409 412 484 449 est.
545 410 726 449 Ioannes
755 408 924 447 Coletus
948 410 1012 447 est
1042 422 1066 447 a
1095 408 1222 447 sacris
1248 408 1527 448 concionibus.
1587 409 1745 448 Praeci-

152 487 257 523 puos
296 474 498 513 duntaxat
530 474 726 513 recensui.
788 473 966 511 Ioannes
1001 473 1227 511 Stocsleius
1261 475 1423 523 praeter
1455 473 1743 513 scholasticam

153 539 260 577 hanc
278 540 540 591 theologiam,
563 541 607 578 in
627 552 707 590 qua
732 539 894 577 nemini
914 539 1032 586 cedit,
1058 538 1187 576 trium
1211 538 1336 577 etiam
1364 539 1602 588 linguarum
1631 539 1742 578 haud

152 604 379 654 vulgariter
405 606 575 655 peritus,
604 618 628 643 a
654 604 790 643 sacris.
852 603 1108 643 Huiusmodi
1137 603 1238 642 viris
1268 604 1305 642 ei
1336 604 1498 642 differta
1526 606 1590 643 est
1618 605 1740 655 regia,
1763 621 1803 653 45

152 669 288 709 verius
308 673 484 720 μουσεῖον
504 684 628 721 quam
648 669 764 709 aula:
795 682 895 719 quas
916 671 963 707 tu
986 669 1188 717 Athenas,
1212 682 1336 719 quam
1365 669 1507 708 Stoam
1534 672 1606 709 aut
1635 671 1743 720 quod

153 736 336 786 Lyceum
355 736 561 775 eiusmodi
579 735 823 786 praetuleris
842 734 959 774 aulae
972 736 993 773 ⁴?

205 801 323 850 Quod
352 802 458 841 mihi
488 802 538 840 de
568 801 700 840 Fabro
729 800 961 850 gratularis,
996 813 1081 838 non
1114 802 1255 839 minus
1287 801 1500 849 ingratum
1528 804 1590 840 est
1618 815 1743 852 quam

152 867 233 905 fuit
263 867 400 906 inuisa
433 867 710 906 conflictatio:
753 868 877 916 atque
905 866 1066 905 vtinam
1096 865 1166 905 ille
1200 867 1455 906 moderatius
1485 867 1742 906 lacessisset!

152 932 232 972 Sed
252 933 311 972 ita
329 937 403 981 est,
427 946 550 972 nemo
570 932 765 971 omnibus
785 932 897 970 horis
918 932 1038 981 sapit.
1098 931 1189 970 Hoc
1210 932 1405 982 quicquid
1427 936 1490 971 est
1510 933 1619 981 mali,
1638 933 1742 972 meis
1762 949 1805 981 50

150 999 355 1049 imputare
393 999 491 1038 fatis
530 999 643 1038 libet.
701 998 809 1046 Quid
847 998 961 1035 enim
998 997 1110 1036 aliud
1149 998 1331 1038 faciam?
1386 999 1463 1038 Vir
1496 999 1647 1050 probus
1681 1002 1743 1038 est

152 1064 294 1113 Faber,
324 1064 523 1113 eruditus,
556 1063 776 1110 humanus,
806 1061 982 1111 denique
1010 1063 1132 1100 vetus
1161 1063 1287 1101 etiam
1315 1064 1485 1103 amicus.
1545 1065 1624 1103 Sed
1654 1077 1743 1102 eam

150 1129 390 1169 felicitatem
419 1129 525 1168 mihi
552 1129 700 1180 genius
730 1128 894 1178 aliquis,
927 1127 1084 1177 opinor,
1114 1129 1249 1167 malus
1278 1130 1456 1168 inuidit:
1487 1133 1527 1168 et
1556 1144 1668 1169 nunc
1697 1143 1744 1169 eo

151 1209 246 1234 sum
265 1196 310 1234 in
329 1196 470 1234 virum
489 1195 629 1233 animo
659 1196 705 1232 vt
737 1193 844 1232 mihi
863 1193 1133 1232 vehementer
1161 1195 1386 1233 molestum
1416 1194 1473 1233 sit
1500 1195 1689 1234 futurum
1709 1195 1743 1233 si

150 1262 371 1312 quisquam
408 1261 458 1299 de
497 1260 628 1299 Fabro
665 1272 756 1298 inea
794 1272 915 1298 causa
951 1258 1069 1309 peius
1089 1260 1253 1299 sentiat.
1313 1261 1374 1299 De
1411 1261 1744 1300 recriminatione
1763 1277 1803 1309 55

149 1340 360 1366 rumorem
379 1328 580 1377 spargunt
599 1325 778 1376 quidam,
802 1325 874 1375 qui
892 1325 1196 1364 monomachiis
1215 1326 1455 1366 huiusmodi
1475 1326 1740 1366 delectantur.

149 1392 367 1433 Caeterum
394 1393 504 1430 inter
522 1404 599 1430 nos
623 1391 861 1429 animorum
880 1403 1107 1428 consensus
1126 1393 1212 1429 est:
1245 1405 1378 1441 neque
1398 1405 1495 1430 vero
1516 1392 1744 1431 committe-

149 1470 244 1496 mus
277 1460 324 1496 vt
356 1459 445 1496 tam
477 1459 660 1496 veterem
689 1458 859 1506 tamque
897 1468 1137 1505 syncaeram
1168 1457 1397 1496 amicitiam
1427 1470 1509 1496 vna
1539 1457 1744 1496 nubecula

149 1522 313 1563 dissidii
340 1523 530 1562 videatur
555 1522 796 1561 aboleuisse.
858 1521 903 1561 Si
925 1521 1034 1560 inter
1058 1521 1294 1561 Barnabam
1321 1525 1362 1561 et
1390 1523 1572 1562 Paulum
1598 1522 1744 1562 incidit

148 1589 398 1640 παροξυσμὸς,
439 1588 538 1638 quid
575 1600 735 1626 nouum
772 1587 810 1625 si
847 1587 959 1626 inter
995 1600 1073 1625 nos
1120 1587 1295 1626 humani
1333 1587 1530 1638 quiddam
1571 1588 1745 1627 extitit?
1762 1590 1805 1622 60

148 1655 361 1704 Quantum
388 1654 483 1694 istic
511 1653 663 1692 eruditi
691 1653 879 1692 tribuant
905 1652 1073 1702 scriptis
1098 1655 1202 1692 meis
1226 1654 1392 1693 nescio:
1422 1656 1531 1693 certe
1556 1654 1624 1693 hic
1647 1654 1743 1704 plus

147 1719 339 1759 tribuunt
364 1732 490 1770 quam
508 1730 740 1768 agnoscam.
791 1717 846 1756 Et
865 1720 1007 1756 tamen
1025 1731 1111 1756 non
1137 1717 1290 1757 desunt
1315 1719 1387 1768 qui
1412 1719 1574 1757 fortiter
1599 1719 1746 1769 obgan-

147 1786 292 1835 niant3
331 1786 402 1825 sed
421 1785 626 1825 eiusmodi
644 1785 774 1823 ferme
792 1787 839 1823 vt
867 1786 938 1823 aut
958 1796 1045 1822 non
1064 1784 1203 1834 legant
1223 1797 1324 1832 mea,
1348 1786 1420 1823 aut
1440 1785 1745 1835 qualiacunque

147 1854 260 1901 sunt,
283 1852 438 1891 frustra
457 1851 605 1889 lecturi
625 1851 723 1889 sint.
784 1849 899 1898 Quod
920 1849 964 1888 ni
986 1863 1054 1887 me
1079 1851 1142 1888 tot
1161 1849 1365 1888 bonorum
1390 1850 1575 1889 virorum
1593 1851 1745 1889 candor

148 1916 442 1965 consolaretur,
464 1916 709 1955 iamdudum
735 1915 963 1965 poeniteret
990 1917 1202 1953 tantarum
1229 1915 1482 1965 vigiliarum,
1507 1928 1609 1964 quas
1639 1927 1744 1953 com·
1759 1918 1802 1958 65

149 1982 347 2021 munibus
386 1982 551 2030 studiis,
591 1980 806 2032 praecipue
843 1994 941 2019 vero
979 1981 1120 2029 sacris,
1160 1993 1234 2030 pro
1272 1993 1363 2018 mea
1400 1980 1516 2019 virili
1552 1980 1744 2018 iuuandis

147 2048 330 2086 insumo.

203 2113 408 2151 Rumores
437 2125 539 2162 quos
559 2111 684 2161 vulgo
713 2113 913 2161 spargunt
941 2111 992 2149 de
1021 2110 1177 2159 Tamis,
1200 2111 1407 2161 plerisque
1429 2110 1610 2160 suspecti
1629 2112 1741 2158 sunt,

149 2178 259 2229 quod
298 2177 424 2216 toties
462 2178 547 2215 iam
584 2176 743 2226 experti
780 2175 867 2215 sint
904 2175 985 2215 alio
1017 2177 1200 2225 spectare
1238 2176 1424 2226 remiges,
1458 2175 1538 2214 alio
1571 2175 1742 2225 prouehi

149 2243 367 2295 cymbam:
405 2255 479 2281 nec
509 2254 685 2292 vsquam
714 2254 803 2279 esse
830 2241 969 2280 verius
997 2242 1040 2279 τὸ
1069 2243 1209 2279 Πολλὰ
1235 2243 1282 2280 τὰ
1309 2243 1477 2291 πολέμου
1507 2242 1602 2280 κενά.
1662 2241 1740 2280 Sed
1760 2250 1803 2285 70

149 2308 345 2360 quicquid
365 2308 472 2346 istuc
491 2306 650 2357 negocii
668 2308 741 2354 est,
764 2319 908 2356 precor
925 2309 971 2346 vt
991 2306 1184 2346 omnibus
1203 2306 1307 2345 bene
1325 2308 1459 2346 vertat
1476 2321 1485 2354 ;
1518 2306 1742 2356 suscipitur

192 2422 245 2451 43.
272 2412 428 2443 Ioannes
445 2435 453 2442 .
472 2434 480 2442 .
497 2434 505 2442 .
523 2420 576 2450 45.
594 2410 703 2441 sacris
719 2411 792 2440 add.
804 2412 833 2440 F
843 2408 1049 2450 (Stoesleius
1065 2407 1109 2439 Ν2
1125 2420 1132 2439 :
1157 2409 1354 2440 Stocslerus
1368 2408 1465 2450 ΓΜ).
1563 2419 1615 2448 45.
1642 2409 1676 2439 ei
1691 2411 1720 2439 D
1737 2421 1744 2439 2

149 2465 188 2487 ea
204 2458 249 2487 H.
387 2455 438 2493 48.
455 2455 578 2485 minus
590 2456 641 2484 F:
663 2453 776 2492 magis
792 2455 830 2485 D.

190 2564 240 2594 43.
267 2553 475 2594 Stocsleius]
552 2552 648 2584 John
728 2551 912 2591 Stokesley
981 2551 1109 2592 Henry
1123 2561 1202 2594 vn1,
1231 2551 1302 2582 and
1329 2551 1367 2582 in
1392 2560 1473 2591 1524
1497 2551 1599 2582 Dean
1621 2551 1659 2582 of
1677 2550 1741 2582 the

149 2599 186 2637 (8
198 2599 296 2638 Sept.
311 2606 394 2636 1475
407 2598 423 2628 ⁴?
438 2615 481 2619 —
496 2596 516 2626 8
530 2597 624 2636 Sept.
641 2596 749 2636 1539).
773 2595 830 2626 He
840 2605 911 2626 was
981 2595 1115 2635 Chapel
1141 2595 1264 2636 Royal.
1310 2595 1367 2626 He
1391 2594 1584 2635 supported
1610 2595 1739 2634 Henry

149 2641 282 2673 Fellow
299 2640 338 2671 of
350 2640 538 2680 Magdalen
553 2639 701 2680 College,
713 2638 857 2677 Oxford,
870 2639 910 2669 in
978 2639 1085 2670 about
1108 2639 1173 2670 the
1199 2639 1349 2678 divorce,
1368 2639 1440 2669 and
1463 2638 1587 2669 whilst
1609 2638 1739 2668 abroad

151 2695 244 2725 1495,
261 2684 332 2715 and
348 2686 441 2715 after
456 2683 616 2722 residing
630 2684 733 2714 there
749 2682 808 2714 till
828 2691 908 2722 1507
978 2692 1024 2713 on
1040 2683 1116 2713 this
1133 2683 1296 2713 business
1318 2692 1391 2713 was
1412 2682 1606 2721 appointed
1622 2682 1688 2721 Bp.
1704 2681 1743 2712 of

150 2730 194 2760 he
217 2727 391 2768 probably
413 2729 511 2758 went
535 2729 571 2758 to
596 2727 714 2766 Italy3
738 2726 793 2757 for
815 2725 908 2756 from
977 2726 1138 2765 London,
1156 2735 1248 2766 1530,
1262 2727 1301 2756 in
1312 2726 1510 2757 succession
1520 2726 1556 2756 to
1565 2724 1738 2756 Tunstall.

148 2773 209 2804 the
225 2771 445 2811 description
469 2771 507 2802 of
522 2771 582 2803 his
604 2771 841 2801 attainments
864 2770 910 2800 he
976 2770 1027 2800 As
1042 2769 1107 2809 Bp.
1128 2770 1237 2809 being
1250 2771 1306 2800 too
1319 2769 1559 2800 conservative
1572 2770 1609 2799 to
1620 2770 1740 2808 accept

149 2825 233 2855 may
271 2816 313 2846 be
344 2814 532 2845 identified
563 2814 654 2844 with
698 2813 762 2844 the
805 2812 907 2844 ‘GuL
978 2811 1134 2852 Henry's
1165 2813 1319 2852 changes
1350 2813 1388 2842 in
1418 2813 1481 2843 the
1510 2812 1664 2853 Church,
1692 2812 1738 2843 he

147 2859 362 2891 Stokelleius
373 2858 382 2870 ’
398 2858 517 2889 whom
541 2857 630 2888 Pace
653 2859 727 2888 met
747 2858 783 2888 at
800 2856 910 2887 Rome
977 2866 1049 2887 was
1065 2856 1174 2887 much
1191 2856 1359 2887 harassed
1377 2856 1424 2895 by
1438 2854 1636 2888 Cromwell.
1675 2855 1738 2887 See

148 2902 267 2934 before
286 2911 369 2941 1514
395 2901 454 2942 (De
480 2903 608 2940 Fructu,
637 2910 671 2940 p.
699 2900 788 2941 101).
843 2900 911 2931 For
978 2899 1086 2931 DNB.

148 2946 287 2977 similar
311 2946 523 2984 inaccuracy
547 2943 590 2975 cf.
616 2943 701 2984 Epp.
726 2953 799 2984 594.
824 2944 845 2974 6
860 2954 910 2983 n.,
1021 2952 1074 2982 45.
1098 2942 1148 2984 ei]
1164 2953 1204 2974 sc.
1224 2942 1319 2983 Regi.

147 2991 222 3029 604.
241 2999 261 3020 2
274 3000 324 3028 n.,
337 2989 414 3028 966.
426 2989 483 3020 tit.
499 2998 536 3020 n.
583 2987 637 3018 On
653 2987 713 3018 his
724 2989 849 3019 return
864 2987 910 3018 he
1022 2987 1075 3017 60.
1101 2986 1316 3027 παροξυσμὸς]
1333 2986 1420 3017 Acts
1439 2995 1488 3025 15.
1506 2994 1559 3025 39.

149 3035 292 3066 became
333 3032 502 3073 chaplain
547 3031 619 3063 and
666 3031 825 3062 almoner
873 3032 910 3061 to
1023 3039 1077 3068 70.
1102 3029 1236 3071 Πολλὰ]
1252 3033 1358 3068 Adaq.
1379 3038 1471 3070 1919.
