2034 3433
240 185 320 223 364
475 196 482 204 ·
703 178 955 219 LETTERS
995 177 1064 217 OF
1103 177 1372 217 ERASMUS
1710 177 1751 231 [1
1760 190 1781 228 5
1792 192 1805 216 1
1814 180 1840 216 8

240 303 325 328 non
345 288 469 339 paulo
490 288 584 338 plus
609 299 755 336 operae
780 284 911 323 sumit
930 283 975 321 in
994 282 1254 321 adhortando
1274 295 1398 332 quam
1418 282 1464 320 in
1485 282 1693 330 docend03
1722 285 1839 334 quasi

180 366 220 400 70
239 354 487 405 sapientiam
515 365 676 391 amasse
703 349 1002 400 propemodum
1024 361 1190 398 parasse
1219 348 1286 386 sit.
1346 348 1464 397 Quod
1491 350 1611 398 turpe
1634 351 1698 387 est
1722 349 1841 389 iuris-

239 420 383 470 peritis
403 432 448 457 ac
464 416 650 465 medicis,
665 428 841 466 quorum
861 414 1027 463 vtrique
1048 413 1098 451 de
1117 413 1324 452 industria
1343 426 1463 451 suam
1478 415 1613 452 artem
1628 414 1842 454 reddidere

241 484 539 531 difficillimam,
563 495 642 532 quo
662 480 790 519 simul
814 482 856 518 et
875 481 1072 529 quaestus
1092 479 1148 516 sit
1167 479 1333 517 vberior
1355 481 1397 517 et
1421 479 1552 528 gloria
1575 479 1708 518 maior
1733 482 1840 530 apud

241 549 486 599 imperit0s;
521 548 563 586 id
593 546 717 596 longe
750 545 914 595 turpius
943 544 1068 582 fuerit
1101 544 1249 582 fecisse
1286 544 1332 582 in
1370 544 1633 594 philosophia
1671 545 1838 584 Christi.

240 615 334 653 Imo
367 616 510 652 contra
541 612 701 651 conniti
734 624 808 661 par
838 612 912 659 est,
946 613 993 649 vt
1024 622 1117 649 eam
1154 623 1278 660 quam
1317 609 1406 648 fieri
1443 612 1580 660 potest
1618 611 1842 650 reddamus

179 695 217 728 75
238 680 481 719 facillimam
519 680 560 716 et
593 677 791 716 omnibus
827 676 1084 727 expositam:
1128 689 1263 725 neque
1300 675 1405 713 illud
1444 676 1499 714 sit
1534 676 1656 715 nobis
1687 676 1838 725 studio,

238 749 283 784 vt
302 745 385 795 ipsi
404 744 557 783 literati
576 744 804 791 videamur,
825 743 897 781 sed
916 744 964 780 vt
984 741 1314 792 quamplurimos
1336 742 1387 780 ad
1409 741 1693 781 Christianam
1710 743 1840 782 vitam

237 810 510 861 pelliciamus.

291 876 534 915 Adornatur
561 875 646 914 iam
673 874 832 913 bellum
862 874 906 912 in
931 874 1096 922 Turcas,
1120 874 1230 923 quod
1254 886 1498 923 quocunque
1525 874 1700 912 consilio
1724 875 1842 912 insti-

238 944 389 990 tutum,
411 941 666 991 precandum
687 944 765 989 est,
781 954 866 979 non
889 942 933 978 vt
951 940 1093 989 paucis
1113 939 1377 989 quibusdam,
1397 939 1469 977 sed
1489 942 1535 979 vt
1556 940 1601 978 in
1621 952 1842 978 commune

179 1018 220 1048 80
239 1008 342 1046 bene
362 1009 498 1046 vertat
517 1006 725 1046 omnibus.
785 1006 864 1044 Sed
887 1006 987 1056 quid
1007 1006 1200 1044 futurum
1214 1005 1478 1054 arbitramur,
1498 1006 1535 1043 si
1554 1005 1678 1044 victis
1694 1005 1843 1056 (neque

238 1073 354 1111 enim
391 1073 620 1120 vniuersos,
656 1072 816 1122 opinor,
857 1072 965 1110 ferro
998 1071 1317 1120 trucidabimus)
1354 1074 1401 1109 vt
1440 1071 1658 1110 Christum
1688 1070 1841 1121 ample-

237 1140 413 1186 ctantur,
434 1137 634 1176 Occamos
653 1141 725 1176 aut
746 1137 966 1176 Durandos
988 1138 1061 1176 aut
1080 1137 1225 1176 Scotos
1243 1139 1315 1175 aut
1335 1137 1549 1176 Gabrieles
1567 1138 1639 1175 aut
1659 1137 1840 1176 Aluaros

239 1203 575 1254 proposuerimus
591 1204 612 1242 ⁸?
669 1204 776 1252 Quid
807 1203 1052 1254 cogitabunt
1079 1203 1151 1241 aut
1181 1203 1281 1252 quid
1311 1203 1491 1241 sentient
1519 1203 1636 1252 (sunt
1661 1203 1775 1241 enim
1799 1204 1842 1241 et

238 1269 314 1318 illi,
345 1272 393 1307 vt
427 1269 535 1307 nihil
563 1269 688 1317 aliud,
722 1271 831 1307 certe
859 1268 1080 1317 homines),
1112 1268 1185 1307 vbi
1213 1268 1421 1307 audierint
1452 1269 1643 1318 spinosas
1675 1269 1770 1307 illas
1799 1270 1841 1307 et

180 1347 219 1386 85
239 1335 564 1374 inextricabileis
592 1335 776 1385 argutias
808 1335 858 1373 de
887 1334 1154 1381 instantibus,
1178 1334 1226 1372 de
1247 1333 1587 1382 formalitatibus,
1610 1334 1660 1372 de
1680 1333 1836 1384 quiddi-

238 1401 409 1448 tatibus,
443 1401 492 1439 de
522 1401 828 1439 relationibus?
861 1400 1102 1450 praesertim
1132 1399 1204 1438 vbi
1238 1399 1421 1439 viderint
1454 1400 1505 1439 de
1535 1400 1588 1438 iis
1623 1401 1724 1439 adeo
1757 1412 1840 1438 non

239 1467 463 1505 conuenire
496 1467 608 1505 inter
641 1480 815 1516 magnos
849 1466 945 1504 illos
976 1465 1190 1515 religionis
1222 1465 1487 1515 professores,
1523 1468 1569 1504 vt
1603 1466 1840 1515 frequenter

240 1545 370 1582 vsque
392 1533 443 1570 ad
466 1532 677 1582 pallorem,
701 1544 831 1581 Vsque
856 1531 906 1569 ad
935 1530 1135 1579 conuicia,
1158 1543 1289 1580 vsque
1312 1531 1363 1569 ad
1386 1534 1518 1581 sputa,
1540 1543 1840 1582 nonnunquam

239 1599 281 1636 et
301 1610 429 1647 vsque
447 1598 498 1636 ad
523 1610 685 1647 pugnos
713 1597 897 1635 inuicem
921 1595 1201 1646 digladientur
1216 1611 1225 1643 ;
1255 1596 1325 1635 vbi
1343 1596 1652 1636 Praedicatores
1671 1610 1746 1647 pro
1765 1609 1840 1635 suo

178 1689 221 1722 90
240 1662 400 1701 Thoma
436 1663 626 1701 cominus
663 1664 788 1712 atque
820 1661 985 1700 eminus
1019 1661 1275 1710 dimicantes,
1310 1661 1531 1701 Minoritas
1569 1664 1714 1701 contra
1746 1661 1840 1700 sub-

239 1728 457 1767 tilissimos
486 1742 532 1766 ac
563 1728 797 1778 seraphicos
835 1727 1023 1766 doctores
1052 1727 1205 1765 iunctis
1237 1727 1491 1767 vmbonibus
1522 1730 1698 1776 tuentes,
1732 1728 1837 1766 alios

238 1795 285 1832 vt
315 1794 559 1842 nominales,
596 1794 700 1832 alios
735 1796 782 1832 vt
812 1793 942 1831 reales
974 1792 1115 1842 loqui;
1154 1792 1190 1831 si
1227 1793 1413 1832 viderint
1446 1807 1534 1832 rem
1571 1807 1700 1845 vsque
1737 1793 1838 1832 adeo

239 1859 450 1897 difficilem
486 1872 574 1898 esse
604 1862 650 1897 vt
680 1871 897 1909 nunquam
930 1858 1031 1897 satis
1069 1858 1308 1897 discussum
1345 1859 1400 1897 sit
1430 1860 1582 1910 quibus
1615 1859 1754 1898 verbis
1786 1859 1837 1898 de

239 1925 407 1964 Christo
440 1926 496 1964 sit
522 1925 806 1976 loquendum:
840 1924 1009 1975 perinde
1039 1925 1155 1975 quasi
1183 1938 1279 1963 cum
1316 1938 1481 1964 moroso
1518 1926 1711 1976 quopiam
1743 1937 1841 1976 agas

179 2015 219 2047 95
239 1991 452 2038 daemone,
475 2004 599 2041 quem
628 1991 672 2029 in
701 1992 818 2029 tuam
846 1990 979 2041 ipsius
1007 1990 1233 2040 perniciem
1259 1992 1455 2040 euocaris,
1477 1992 1514 2030 si
1540 1992 1638 2042 quid
1665 1994 1706 2030 te
1729 1990 1842 2030 fefel-

238 2057 332 2095 lerit
345 2056 391 2095 in
404 2057 540 2096 verbis
555 2057 833 2107 praescriptis,
851 2069 896 2095 ac
907 2069 994 2095 non
1008 2056 1146 2106 potius
1159 2069 1254 2095 cum
1266 2057 1591 2096 clementissimo
1607 2058 1837 2106 Seruatore,

239 2123 309 2173 qui
326 2135 350 2160 a
368 2123 490 2161 nobis
511 2124 676 2173 praeter
693 2136 843 2173 puram
858 2122 1173 2172 simplicemque
1188 2123 1321 2162 vitam
1335 2123 1445 2162 nihil
1462 2123 1604 2173 exigit.
1665 2123 1841 2162 Obsecro

239 2193 278 2226 te
296 2202 370 2238 per
390 2189 527 2226 Deum
552 2188 845 2236 immortalem,
867 2187 966 2238 quid
995 2188 1087 2226 istis
1115 2189 1260 2238 agetur
1284 2189 1420 2237 rebus,
1444 2189 1628 2227 maxime
1647 2189 1684 2227 si
1703 2201 1837 2239 super-

238 2254 401 2293 ciliosae
431 2254 640 2293 doctrinae
669 2267 806 2292 mores
836 2256 878 2292 et
902 2254 989 2292 vita
1015 2254 1167 2293 similis
1189 2256 1468 2304 respondeat?
1524 2255 1569 2294 Si
1588 2268 1639 2294 ex
1659 2254 1836 2304 strepitu

164 2349 224 2370 100
239 2323 380 2359 nostro
403 2320 627 2371 plusquam
650 2320 868 2370 tyrannico
895 2319 1181 2370 perspexerint
1205 2320 1479 2359 ambitionem
1503 2323 1703 2369 nostram,
1725 2320 1762 2358 si
1788 2333 1839 2358 ex

240 2386 462 2436 rapacitate
495 2386 727 2435 auaritiam,
759 2386 796 2424 si
829 2398 881 2423 ex
909 2385 1067 2435 stupris
1095 2385 1330 2431 libidinem,
1358 2386 1394 2424 si
1423 2399 1473 2425 ex
1502 2385 1838 2436 oppressionibus

240 2452 448 2499 seuiciam,
468 2465 550 2502 qua
564 2452 701 2490 fronte
719 2452 956 2501 ingeremus
976 2450 1061 2489 illis
1081 2451 1240 2490 Christi
1256 2451 1488 2490 doctrinam
1507 2452 1558 2490 ab
1578 2452 1692 2490 hisce
1711 2450 1836 2490 rebus

239 2519 360 2567 longe
387 2517 551 2568 lateque
579 2517 918 2568 discrepantem?
947 2516 1244 2556 Efficacissima
1266 2517 1420 2556 Turcas
1443 2517 1708 2567 expugnandi
1734 2515 1840 2555 ratio

239 2584 367 2622 fuerit
405 2583 442 2622 si
474 2584 763 2633 conspexerint
801 2584 846 2621 111
879 2582 999 2621 nobis
1036 2582 1196 2620 elucere
1233 2583 1343 2632 quod
1382 2583 1524 2622 docuit
1556 2585 1598 2621 et
1635 2582 1838 2633 expressit

163 2665 221 2696 105
241 2648 430 2687 Christus
449 2663 459 2697 ;
488 2649 527 2687 si
555 2649 761 2688 senserint
787 2660 864 2686 nos
893 2661 978 2686 non
1003 2647 1190 2697 ipsorum
1212 2648 1374 2686 inhiare
1394 2649 1593 2699 imperiis,
1615 2661 1702 2686 11011
1721 2648 1838 2687 sitire

240 2727 400 2762 aurum,
437 2727 522 2753 non
561 2715 720 2753 ambire
757 2713 1050 2764 possessiones,
1091 2714 1163 2752 sed
1201 2716 1362 2762 praeter
1399 2727 1542 2753 eorum
1581 2713 1760 2753 salutem
1797 2715 1838 2751 et

241 2780 396 2818 Christi
433 2781 609 2830 gloriam
646 2780 754 2818 nihil
793 2780 964 2818 omnino
1002 2792 1206 2830 quaerere.
1265 2778 1379 2819 Haec
1417 2782 1481 2818 est
1518 2779 1591 2818 illa
1628 2777 1838 2828 theologia

240 2857 350 2897 vera,
380 2859 586 2895 germana,
621 2846 772 2894 efficax,
811 2858 914 2896 quae
948 2845 1051 2884 olim
1089 2846 1129 2883 et
1166 2845 1513 2895 philosophorum
1548 2844 1770 2894 supercilia
1799 2844 1839 2881 et

285 2962 336 2998 78.
360 2961 400 2991 in
417 2962 564 3002 Turcas]
590 2962 641 2992 Cf.
658 2962 723 3001 Ep.
742 2963 816 3001 785.
831 2970 873 3000 37
887 2971 924 2993 n.
1163 2961 1300 3003 Scotos]
1327 2962 1379 2994 Cf.
1399 2961 1463 3001 Ep.
1480 2970 1556 3000 337.
1573 2962 1639 3000 316
1654 2971 1689 2993 n.

284 3005 338 3034 82.
362 3004 542 3045 Occamos]
569 3005 621 3037 Cf.
640 3006 704 3045 Ep.
721 3014 796 3044 337.
812 3006 877 3044 316
888 3015 926 3035 n.
1163 3004 1363 3046 Gabrieles]
1388 3004 1440 3036 cf.
1459 3004 1523 3045 Ep.
1539 3014 1613 3044 575.
1631 3014 1673 3044 32
1686 3016 1720 3038 n.

331 3047 535 3089 Durandos]
562 3049 614 3080 Cf.
633 3049 697 3088 Ep.
711 3050 786 3088 396.
803 3058 846 3087 90
859 3058 892 3078 n.
1162 3048 1333 3089 Aluaros]
1356 3048 1410 3079 Cf.
1429 3048 1491 3088 Ep.
1509 3058 1583 3088 575.
1599 3057 1642 3087 34
1654 3058 1690 3082 n.
