2034 3433
129 178 231 233 858]
708 184 778 222 rro
817 183 973 223 PAUL
1011 184 1156 224 vonz
1647 188 1726 225 373

129 283 356 334 prophanis
389 284 514 324 rebus
547 285 784 333 immersus,
826 287 1032 326 malorum
1070 287 1308 337 principum
1345 287 1470 327 malis
1514 288 1724 339 obsequiis

130 349 307 398 deditus,
338 350 384 388 in
416 350 527 389 hunc
565 363 651 389 non
688 351 836 390 itidem
873 353 1166 400 vociferantur,
1209 353 1279 402 qui
1322 355 1436 392 totus
1483 354 1724 403 prophanus

128 416 276 454 tractet
304 417 562 454 sacrosancta
590 416 801 465 mysteria.
862 417 939 456 Est
968 418 1153 456 sacerdos
1181 418 1448 467 sycophanta,
1482 419 1554 468 qui
1583 419 1727 468 lingua
1745 433 1808 464 430

129 479 338 519 virulenta
385 481 696 531 mendaciisque
752 481 941 521 confictis
987 483 1139 521 lacerat
1187 483 1341 521 famam
1385 483 1571 522 hominis
1616 484 1725 522 nihil

129 545 375 594 commeriti,
415 546 501 584 imo
540 546 801 590 benemeriti,
840 560 913 586 cur
949 547 1016 585 hic
1056 561 1140 586 non
1178 548 1466 593 vociferamur,
1496 548 1552 587 ‘O
1590 549 1725 587 scelus

129 610 409 649 horrendum!
452 612 558 649 'Tun’
591 611 737 661 lingua
781 612 976 650 Tartareo
1014 625 1175 651 veneno
1213 613 1355 661 tincta,
1401 613 1492 652 tun’
1536 627 1605 652 ore
1643 628 1726 664 quo

129 675 294 726 iugulas
333 676 610 723 innocentem,
655 680 695 715 et
734 677 904 716 conficis
949 680 991 716 et
1027 678 1161 716 sumis
1201 691 1347 727 corpus
1385 678 1502 717 illius
1540 680 1610 729 qui
1652 692 1726 729 pro

129 741 272 790 impiis
303 741 431 779 etiam
459 743 651 780 mortuus
679 742 798 781 est-:2²
858 744 917 781 At
947 742 1024 780 hoc
1053 742 1155 780 mali
1186 743 1243 780 sic
1274 743 1525 793 negligimus
1552 747 1599 782 vt
1627 744 1726 782 hinc
1742 759 1804 791 435

130 819 232 854 pene
269 805 437 844 laudem
478 806 615 845 ferant
654 807 724 857 qui
774 808 1019 859 religionem
1064 807 1425 856 religiosissimam
1462 808 1722 857 profitentur.

129 870 391 921 Reprehendi
404 873 616 910 merentur
632 872 703 922 qui
716 874 951 922 pernicioso
963 872 1106 922 populi
1119 872 1306 922 exemplo
1319 872 1457 921 palam
1473 874 1724 912 concubinas

127 936 242 974 domi
270 935 400 975 alunt.
461 936 564 985 Quis
592 938 748 987 neget?
804 939 884 977 Sed
913 938 982 976 hic
1011 937 1181 975 morbus
1209 951 1293 976 non
1316 938 1440 988 paulo
1467 941 1529 977 est
1548 939 1727 978 inuisior

127 1000 307 1040 Christo.
367 1001 461 1039 Non
496 1001 665 1041 damnat
698 1003 827 1053 igitur
862 1003 1063 1053 butyrum
1097 1003 1167 1052 qui
1201 1002 1264 1040 illi
1297 1003 1471 1052 praefert
1504 1003 1611 1051 mel;
1651 1017 1726 1042 nec

127 1066 272 1115 probat
298 1066 449 1104 febrim
479 1067 551 1116 qui
579 1070 722 1106 monet
752 1068 997 1118 phrenesim
1026 1081 1116 1106 esse
1145 1068 1279 1117 magis
1298 1068 1525 1106 vitandam.
1585 1069 1724 1120 Neque
1742 1086 1806 1118 440

127 1131 248 1170 facile
265 1131 379 1170 dictu
400 1132 455 1170 sit
474 1134 627 1181 quanta
645 1146 809 1172 morum
830 1134 920 1173 lues
932 1147 982 1172 ex
1001 1133 1243 1171 huiusmodi
1264 1133 1539 1182 praeposteris
1558 1135 1724 1174 iudiciis

127 1198 330 1235 nascatur.

183 1266 275 1306 Iam
304 1266 504 1317 quaedam
533 1268 591 1307 ita
603 1272 764 1319 recepta
790 1272 890 1309 sunt
916 1271 960 1308 in
988 1269 1174 1308 ordinem
1202 1269 1409 1306 virtutum
1433 1270 1479 1307 vt
1502 1283 1724 1319 personam

127 1332 294 1381 pietatis
314 1332 493 1372 habeant
512 1334 652 1372 verius
674 1348 800 1384 quam
820 1336 907 1374 vim
928 1334 1095 1384 pietatis
1114 1348 1123 1381 ;
1152 1333 1250 1372 adeo
1263 1336 1309 1372 vt
1325 1334 1408 1371 nisi
1430 1334 1725 1384 circumspecte

125 1410 235 1447 agas,
265 1398 463 1447 pietatem
491 1411 634 1437 veram
664 1413 832 1449 prorsus
863 1401 1122 1450 extinguant.
1182 1398 1227 1436 Si
1258 1399 1480 1437 mediocris
1510 1399 1723 1449 religionis
1742 1413 1803 1444 445

126 1463 256 1512 pestis
285 1463 477 1501 latuisset
505 1464 551 1502 in
578 1466 837 1514 ceremoniis,
861 1465 1018 1504 Paulus
1047 1477 1132 1503 non
1160 1466 1248 1502 tam
1277 1464 1425 1502 acriter
1453 1464 1497 1502 in
1527 1464 1723 1503 omnibus

126 1528 215 1566 suis
262 1527 452 1577 epistolis
500 1529 544 1566 in
593 1542 661 1568 eas
711 1530 1098 1569 destomacharetur.
1171 1528 1314 1578 Neque
1361 1530 1502 1567 tamen
1548 1542 1724 1579 vsquam

127 1593 378 1631 damnamus
402 1593 635 1633 moderatas
657 1596 921 1643 ceremonias,
944 1597 985 1633 at
1006 1608 1092 1633 non
1117 1594 1291 1633 ferimus
1318 1594 1362 1632 in
1389 1594 1456 1632 his
1486 1595 1660 1644 puppim
1679 1608 1725 1633 ac

126 1671 301 1708 proram,
324 1658 433 1708 quod
460 1658 541 1697 dici
565 1659 681 1709 solet,
707 1661 1006 1700 sanctimoniae
1029 1659 1243 1698 constitui.
1299 1659 1434 1698 Diuus
1460 1661 1725 1709 Augustinus

125 1724 261 1762 vetuit
279 1724 408 1762 etiam
428 1737 481 1762 ne
501 1724 651 1774 clerici,
678 1739 782 1776 quos
801 1725 918 1764 domi
938 1725 1084 1774 alebat,
1107 1724 1284 1764 notabili
1303 1725 1460 1763 vestitu
1481 1727 1700 1764 vterentur
1715 1740 1725 1773 ;
1742 1738 1805 1770 450

125 1789 197 1828 s'ed
231 1789 269 1827 si
298 1790 580 1828 commendari
608 1790 767 1829 vellent
794 1791 958 1841 populo,
990 1791 1177 1829 moribus
1207 1790 1609 1839 commendarentur,
1640 1804 1724 1830 non

125 1854 326 1892 vestibus.
387 1854 508 1893 Nunc
529 1868 654 1905 quam
675 1857 788 1905 noui,
812 1869 936 1906 quam
957 1856 1184 1906 prodigiosi
1206 1855 1371 1894 cultus!
1429 1856 1572 1905 Neque
1584 1857 1725 1895 tamen

126 1919 203 1957 hoc
221 1919 426 1967 insector3
455 1919 562 1958 illud
588 1920 780 1970 demiror,
805 1922 900 1972 plus
927 1921 1027 1960 satis
1052 1921 1119 1960 his
1144 1921 1273 1960 tribui
1297 1934 1401 1970 quae
1422 1921 1612 1959 fortassis
1636 1922 1725 1959 iure

127 1983 371 2034 reprehendi
408 1986 610 2034 poterant,
641 1999 786 2025 rursus
824 1989 913 2026 tam
951 1999 1098 2037 parum
1137 1987 1267 2025 tribui
1303 1987 1355 2024 iis
1386 1999 1488 2036 quae
1517 1986 1606 2024 sola
1635 1999 1725 2024 con-

127 2048 318 2087 ueniebat
346 2050 534 2099 spectari.
598 2050 693 2090 Non
721 2052 903 2091 insector
931 2052 1132 2091 conuiciis
1162 2052 1269 2102 quod
1300 2051 1563 2089 Franciscani
1590 2064 1720 2099 suam,
1742 2064 1804 2096 455

126 2113 391 2152 Benedictini
414 2127 534 2153 suam
560 2116 869 2166 amplectantur
894 2117 1106 2167 regulam3
1136 2117 1206 2155 sed
1234 2116 1341 2167 quod
1363 2116 1532 2166 quidam
1552 2116 1723 2155 illorum

127 2178 222 2228 plus
242 2178 328 2217 illis
349 2179 542 2217 tribuunt
562 2193 685 2230 quam
712 2181 954 2231 Euangelio.
1012 2182 1129 2230 Quod
1157 2182 1318 2220 vtinam
1339 2194 1423 2219 non
1444 2181 1488 2218 in
1507 2181 1724 2232 plerosque

127 2245 306 2283 istorum
344 2246 573 2293 competat!
631 2245 726 2283 Non
755 2247 937 2285 insector
965 2246 1075 2297 quod
1103 2247 1176 2284 alii
1205 2246 1390 2296 piscibus
1417 2247 1622 2293 victitant,
1653 2246 1724 2285 alii

127 2309 410 2359 leguminibus
439 2311 510 2347 aut
539 2309 691 2357 herbis,
714 2311 789 2349 alii
809 2312 930 2359 ouis;
960 2311 1031 2350 sed
1061 2311 1264 2350 admoneo
1292 2311 1562 2349 vehementer
1589 2324 1723 2350 errare

124 2387 197 2413 eos
234 2374 306 2424 qui
343 2373 514 2412 Iudaico
551 2375 692 2413 animo
721 2389 772 2414 ex
800 2376 867 2415 his
896 2377 1080 2415 iustitiae
1108 2377 1416 2426 persuasionem
1446 2376 1640 2423 induunt,
1673 2389 1723 2414 ex
1741 2378 1804 2419 460

127 2439 366 2478 huiusmodi
392 2439 516 2489 nugis
542 2439 593 2479 ab
613 2440 966 2480 homuncionibus
990 2442 1164 2491 repertis
1183 2454 1225 2480 se
1252 2440 1423 2479 caeteris
1450 2442 1721 2491 anteponunt,

126 2517 224 2543 cum
265 2504 417 2542 iisdem
454 2518 528 2554 pro
566 2505 685 2545 nullo
718 2506 823 2544 vitio
855 2506 1056 2545 habeatur
1089 2507 1244 2545 famam
1282 2506 1457 2544 alienam
1496 2506 1724 2546 mendaciis

127 2570 344 2608 incessere.
403 2569 465 2607 De
503 2570 691 2609 ciborum
729 2570 892 2610 delectu
930 2571 1039 2609 nihil
1070 2584 1246 2620 vsquam
1285 2571 1483 2621 praecipit
1519 2571 1721 2620 Christus,

128 2633 237 2672 nihil
251 2634 458 2684 Apostoli,
473 2634 632 2674 Paulus
652 2649 772 2686 saepe
787 2636 1043 2675 dehortatur.
1102 2636 1368 2675 Virulentam
1382 2636 1723 2675 obtrectationem

126 2701 341 2737 execratur
364 2699 568 2748 Christus,
597 2700 856 2740 detestantur
878 2700 1143 2751 Apostolicae
1172 2701 1326 2739 literae.
1383 2700 1439 2738 Et
1466 2702 1607 2739 tamen
1636 2701 1723 2740 illic
1741 2703 1803 2745 465

128 2763 324 2803 volumus
351 2764 583 2814 religiosuli
610 2767 752 2815 videri,
776 2766 845 2805 hic
871 2767 997 2805 fortes
1023 2779 1169 2805 sumus
1188 2768 1228 2804 et
1249 2765 1459 2815 intrepidi.
1519 2765 1632 2804 Haec
1652 2766 1723 2816 qui

126 2828 324 2867 admonet
361 2843 456 2868 cum
489 2830 535 2869 in
570 2844 717 2881 genere
746 2834 838 2870 tum
867 2833 1064 2879 amanter,
1094 2844 1256 2881 (1110030,
1282 2843 1385 2868 1111111
1415 2831 1451 2869 13
1480 2830 1723 2881 religionem

173 2942 246 2970 454.
271 2933 316 2963 iis
333 2943 372 2965 a:
396 2933 454 2964 his
470 2934 505 2967 β.
639 2935 713 2974 456.
739 2934 1010 2975 amplectuntur
1025 2935 1069 2965 H.
1203 2934 1275 2971 460.
1300 2933 1358 2964 his
1375 2947 1394 2965 α
1411 2945 1418 2964 :
1442 2933 1540 2965 hisce
1556 2935 1661 2965 rebus
1678 2937 1719 2965 H.

131 3010 135 3013 -
173 3041 247 3071 449.
272 3007 433 3074 proram]
456 3032 509 3065 Cf.
524 3036 628 3072 Adaq.
647 3033 678 3065 8.
1048 3031 1290 3072 Augustinus]
1317 3031 1369 3063 Cf.
1390 3032 1450 3072 Ep.
1469 3043 1543 3072 447.
1561 3034 1678 3072 515-8.
