2034 3433
317 159 370 197 38
782 155 1032 197 LETTERS
1069 154 1138 193 OF
1177 153 1444 193 ERASMUS
1785 151 1908 206 [1517

279 279 296 311 5
315 263 356 301 et
376 261 609 312 Georgiani,
632 273 733 311 quas
759 259 820 299 ais
846 260 886 298 te
912 269 1129 308 nunquam
1154 255 1381 306 accepisse3
1410 257 1581 306 eiusque
1604 254 1665 294 rei
1682 253 1846 304 culpam
1866 254 1911 293 in

315 340 383 366 me
402 326 625 366 transferre
639 324 805 365 videris.
852 324 892 362 A
909 336 988 373 qua
1007 324 1149 360 tamen
1163 320 1230 360 vel
1248 323 1290 360 te
1310 321 1455 369 iudice,
1474 320 1556 360 nisi
1576 319 1756 359 nimium
1775 319 1909 368 fallor,

314 392 512 432 facillime
540 405 606 431 me
634 390 827 429 liberabo.
883 388 1054 428 Etenim
1083 386 1339 437 apertissime
1368 387 1583 427 ostendam
1616 385 1724 424 nihil
1753 384 1798 423 in
1826 384 1913 424 illis

315 458 468 498 litteris
493 457 544 497 ad
568 460 609 496 te
637 455 876 495 fidelissime
903 451 1158 504 perferendis
1182 465 1207 491 a
1227 465 1292 491 me
1311 453 1470 492 factum
1490 466 1578 492 esse
1598 451 1707 502 quod
1729 464 1752 490 a
1771 453 1912 490 nostra

316 525 510 573 amicitia,
545 536 668 574 quam
707 535 781 572 ego
818 518 1125 570 religiosissime
1155 517 1245 557 colo
1275 531 1517 569 semperque
1551 518 1694 566 colam,
1729 517 1913 556 alienum

259 605 298 626 ¹0
316 591 451 630 fuerit.
511 590 660 628 Fateor
687 587 817 637 igitur
844 586 939 625 illas
966 585 1127 624 litteras
1154 583 1260 622 mihi
1285 582 1336 623 ab
1366 584 1594 623 Ammonio
1621 585 1763 623 nostro
1787 582 1916 622 fuisse

316 655 464 696 missas
491 656 614 705 atque
642 652 833 700 redditas,
856 664 952 689 cum
981 650 1027 688 in
1055 649 1201 687 castris
1224 648 1426 687 Elueticis
1454 662 1586 688 essem
1614 662 1741 699 prope
1765 647 1917 687 Medio·

317 721 471 760 lanum.
520 719 600 759 Sed
620 732 667 757 eo
686 719 871 767 tempore
890 715 997 754 mihi
1015 714 1183 753 fuerunt
1203 714 1362 763 allatae,
1384 727 1463 765 quo
1483 727 1568 753 non
1587 714 1712 753 modo
1730 727 1816 753 non
1835 713 1915 752 tibi

316 789 408 825 tuas
435 785 506 824 sed
535 797 609 823 nec
638 782 743 832 Regi
776 795 868 820 meo
898 781 956 830 (re
985 780 1027 819 id
1056 781 1238 819 maxime
1267 779 1516 830 postulante)
1544 779 1809 819 tabellarium
1841 779 1914 818 ali-

316 863 440 901 quem
458 849 623 889 mittere
642 846 849 898 potuerim
866 861 875 895 3
906 859 1004 885 nam
1025 845 1168 884 omnia
1187 845 1338 884 itinera
1358 859 1462 896 quae
1482 845 1748 884 Germaniam
1768 857 1914 883 versus

259 934 297 966 15
315 916 552 962 tendebant,
569 915 619 954 ab
635 913 826 953 hostibus
839 913 1022 963 vndique
1036 913 1231 963 occupata
1244 911 1359 950 fuere
1373 927 1382 960 3
1412 911 1538 962 idque
1556 911 1745 950 consulto
1758 910 1915 949 factum

315 981 406 1029 fuit,
429 982 475 1019 vt
500 981 543 1018 et
570 979 731 1018 litterae
758 979 926 1017 nostrae
952 979 993 1016 et
1019 977 1193 1028 pecunia
1219 977 1264 1016 in
1290 977 1548 1027 stipendium
1572 976 1761 1015 militum
1787 975 1916 1014 missa

314 1046 637 1097 interciperetur.
698 1045 787 1095 Quo
806 1044 965 1083 factum
984 1045 1047 1082 est
1061 1045 1108 1082 vt
1126 1044 1219 1083 tuas
1237 1043 1345 1094 apud
1366 1056 1434 1081 me
1453 1043 1612 1082 litteras
1630 1041 1916 1093 compluribus

315 1113 460 1152 diebus
482 1112 662 1152 retinere
688 1124 861 1161 cogerer,
883 1123 935 1148 ne
961 1109 1216 1160 negligentia
1234 1122 1325 1148 mea
1344 1109 1565 1148 manifeste
1584 1108 1775 1159 perirent.
1836 1108 1914 1147 Sed

314 1181 360 1218 vt
387 1179 574 1229 primum
599 1178 739 1216 hostes
765 1190 861 1215 cum
879 1176 923 1215 vi
944 1177 1036 1215 tum
1062 1175 1303 1215 necessitate
1329 1175 1534 1225 compulsi
1560 1175 1631 1215 illa
1656 1175 1914 1226 reliquerunt

257 1260 297 1282 20
315 1244 412 1293 loca,
441 1243 600 1283 litteras
628 1243 890 1293 perferendas
917 1241 969 1279 ad
997 1243 1038 1279 te
1067 1241 1163 1280 dedi
1191 1241 1355 1280 cuidam
1377 1241 1439 1290 (vt
1467 1241 1699 1290 videbatur)
1718 1253 1915 1291 perquam

315 1309 489 1349 honesto
517 1308 607 1348 viro
635 1310 744 1347 recta
771 1306 978 1345 Basileam
1006 1306 1249 1356 profecturo,
1281 1308 1323 1344 et
1352 1307 1419 1344 cui
1446 1306 1559 1345 fama
1586 1308 1633 1345 tu
1658 1305 1782 1356 (quod
1810 1305 1917 1344 mihi

314 1377 553 1426 pergratum
586 1374 682 1425 fuit)
713 1373 831 1412 fuisti
869 1371 1124 1411 notissimus.
1183 1373 1279 1411 Vno
1310 1385 1407 1411 vero
1445 1374 1540 1422 post
1573 1385 1716 1411 mense
1745 1371 1917 1422 perueni

314 1441 573 1489 Tridentum,
592 1439 661 1479 vbi
680 1438 868 1478 intellexi
886 1439 925 1476 te
945 1450 995 1475 ex
1013 1437 1176 1476 Basilea
1195 1437 1331 1476 nescio
1351 1451 1432 1488 quo
1452 1437 1710 1477 discessisse:
1741 1439 1784 1477 id
1804 1437 1914 1488 quod

316 1505 486 1545 fortasse
516 1506 667 1544 feceras
697 1506 793 1542 ante
824 1503 1053 1542 aduentum
1083 1501 1200 1542 illius
1238 1503 1304 1542 cui
1333 1504 1426 1542 tuas
1457 1503 1508 1542 ad
1542 1504 1583 1540 te
1614 1503 1709 1542 dedi
1739 1503 1912 1542 litteras

257 1588 296 1621 ²5
316 1571 462 1621 Itaque
496 1570 595 1610 hinc
628 1569 796 1608 coniitio
828 1568 1016 1607 euenisse
1038 1569 1083 1606 vt
1114 1567 1275 1607 litterae
1308 1568 1405 1608 illae
1432 1568 1641 1619 perierint,
1672 1570 1715 1608 et
1745 1568 1916 1608 fortasse

316 1637 489 1676 nuntius
507 1650 590 1675 vna
609 1649 703 1674 cum
730 1635 891 1674 litteris.
952 1634 1060 1673 Nam
1079 1635 1125 1673 vt
1144 1634 1375 1684 periculum
1401 1634 1452 1674 ab
1472 1635 1663 1674 hostibus
1688 1634 1917 1674 imminens

314 1705 484 1751 taceam,
506 1703 716 1741 latronum
737 1700 860 1750 plena
878 1701 995 1738 erant
1016 1700 1168 1738 omnia.

370 1767 460 1806 Hac
489 1767 539 1806 de
568 1780 610 1805 re
639 1765 778 1816 sepius
803 1764 882 1803 tibi
908 1764 1136 1814 scripturus
1162 1777 1295 1803 eram:
1325 1765 1397 1803 sed
1422 1764 1473 1804 ab
1496 1764 1571 1803 illo
1597 1767 1785 1816 tempore
1810 1779 1914 1805 nun-

316 1845 441 1883 quam
470 1831 542 1871 vbi
573 1831 759 1870 locorum
792 1843 901 1869 esses
933 1829 1074 1868 audire
1106 1829 1225 1879 potui
1262 1831 1357 1868 ante
1390 1830 1588 1869 instantis
1618 1832 1774 1870 mensis
1805 1831 1914 1870 diem

258 1915 299 1947 30
317 1898 524 1936 decimum
540 1896 746 1947 quintum,
765 1909 845 1945 quo
861 1895 1021 1933 litteras
1041 1907 1064 1933 a
1083 1894 1200 1933 Moro
1220 1896 1361 1933 nostro
1381 1908 1465 1933 non
1481 1897 1567 1934 tam
1583 1895 1787 1935 Britanno
1802 1910 1914 1935 nunc

317 1977 440 2013 quam
472 1962 680 2012 Vtopiano
713 1961 876 2011 accepi;
919 1961 1070 2011 quibus
1104 1960 1292 1999 intellexi
1328 1960 1407 1999 tibi
1439 1961 1547 2010 apud
1582 1961 1915 2001 illustrissimum

317 2030 559 2079 Principem
578 2029 710 2076 tuum,
732 2027 888 2077 Regem
908 2026 1176 2074 Catholicum,
1202 2026 1356 2076 optime
1382 2039 1469 2066 esse
1497 2029 1537 2066 et
1564 2027 1797 2067 honorifice.
1859 2028 1916 2067 Es

316 2096 442 2144 enim,
459 2097 506 2134 vt
519 2093 653 2142 audio,
670 2093 810 2143 amplo
824 2094 971 2131 auctus
990 2092 1213 2131 sacerdotio
1233 2095 1274 2131 et
1293 2093 1338 2131 in
1359 2093 1688 2132 consiliariorum
1708 2094 1916 2145 regiorum

317 2161 506 2200 ordinem
535 2159 701 2198 ascitus.
760 2158 822 2196 De
841 2171 920 2208 quo
940 2160 986 2197 vt
1005 2158 1277 2197 vehementer
1304 2158 1472 2208 gaudeo,
1503 2159 1561 2197 ita
1589 2173 1714 2210 supra
1742 2161 1914 2199 modum

259 2242 298 2275 35
317 2225 434 2265 doleo
467 2226 508 2263 te
539 2223 805 2262 Britanniam
844 2224 1029 2262 nostram
1068 2223 1298 2273 reliquisse,
1332 2237 1406 2263 nec
1440 2224 1526 2263 vlla
1559 2225 1644 2264 illic
1677 2226 1914 2266 conditione

317 2289 484 2330 retineri
512 2288 719 2339 potuisse:
748 2288 927 2337 tametsi,
953 2290 1000 2327 vt
1026 2289 1166 2327 Morus
1192 2289 1297 2327 mihi
1323 2289 1496 2340 scripsit,
1525 2303 1549 2328 a
1575 2291 1915 2330 reuerendissimo

317 2355 486 2395 domino
517 2353 729 2393 Cardinali
759 2353 1009 2392 Eboracensi
1039 2353 1258 2404 magnifica
1296 2356 1404 2395 esset
1436 2354 1514 2394 tibi
1548 2355 1685 2394 oblata
1718 2356 1909 2395 conditio.

318 2421 399 2459 Sed
428 2420 661 2468 vbicunque
690 2420 892 2458 terrarum
922 2419 1015 2467 eris,
1048 2419 1185 2457 Deum
1223 2418 1503 2458 immortalem
1532 2433 1674 2470 precor
1700 2423 1746 2459 vt
1775 2421 1914 2460 omnia

317 2484 507 2534 secunda,
530 2484 664 2523 fausta
684 2486 724 2522 et
743 2484 876 2523 felitia
895 2484 973 2523 tibi
993 2485 1202 2523 eueniant.

361 2607 393 2636 5.
417 2599 440 2632 β
455 2608 461 2629 :
480 2597 676 2636 Georgeani
692 2609 720 2627 α.
809 2599 832 2632 β
847 2609 854 2628 :
871 2598 1039 2638 accipisse
1056 2608 1086 2628 α.
1176 2597 1324 2636 eiusque
1340 2598 1363 2632 β
1381 2607 1388 2627 :
1403 2595 1565 2637 eiusdem
1581 2607 1609 2628 α.
1702 2607 1730 2636 7.
1757 2599 1780 2632 β
1793 2610 1798 2628 ;
1816 2608 1916 2638 apar-

319 2641 457 2672 tissime
468 2652 496 2671 α.
604 2651 652 2680 13.
678 2642 701 2675 β
718 2653 723 2672 :
750 2641 956 2673 tabilarium
969 2652 1000 2672 α.
1119 2650 1168 2680 17.
1193 2642 1216 2674 β
1234 2651 1241 2670 :
1265 2642 1351 2680 aput
1367 2651 1398 2671 α.
1517 2650 1566 2679 19.
1591 2642 1614 2674 β
1630 2651 1637 2670 :
1661 2641 1872 2674 necescitate
1885 2654 1915 2674 α.

318 2686 370 2715 28.
396 2686 418 2719 β
436 2696 443 2715 z
463 2685 644 2724 scipturus
653 2695 684 2715 a.
774 2695 825 2724 39.
851 2687 897 2719 βε
920 2684 1090 2715 euenient
1100 2695 1129 2715 α.
1341 2699 1344 2704 ·

363 2802 413 2823 11.
439 2791 701 2832 Mediolanum]
717 2792 805 2823 Pace
821 2802 893 2823 was
908 2792 1000 2824 with
1017 2792 1080 2823 the
1150 2799 1244 2830 1931.

318 2836 426 2866 Swiss
457 2837 575 2867 before
606 2836 728 2875 Milan,
762 2845 804 2874 24
843 2836 966 2867 March
987 2853 1030 2859 —-
1046 2846 1079 2876 p.
1234 2834 1452 2875 discessisse]
1489 2846 1516 2866 0.
1548 2844 1586 2865 12
1622 2836 1705 2876 May
1738 2839 1841 2877 1516;
1865 2838 1906 2869 cf.

322 2888 359 2918 15
377 2879 481 2919 April
500 2879 582 2918 1516
597 2890 604 2918 ;
620 2889 677 2910 see
694 2879 837 2910 Brewer
852 2880 889 2919 ii,
909 2889 968 2919 pp.
985 2879 1082 2910 lxix-
1150 2879 1212 2918 Ep.
1231 2887 1305 2918 407.

319 2923 427 2952 lxxvi.
1193 2931 1245 2961 33.
1271 2920 1481 2962 sacerdotio]
1500 2922 1550 2954 Cf.
1571 2923 1635 2963 Ep.
1653 2924 1727 2963 436.
1746 2933 1765 2963 5
1778 2934 1813 2954 n.

363 2974 416 3004 23.
439 2964 668 3006 Tridentum]
694 2966 782 2997 Pace
809 2975 881 2996 was
911 2967 950 2996 in
974 2966 1083 2997 Trent
1236 2965 1539 3006 consiliariorum]
1557 2965 1609 2998 Cf.
1622 2966 1686 3006 Ep.
1697 2976 1772 3006 370.
1786 2968 1826 2998 18
1838 2977 1873 2998 n.

323 3018 428 3048 12-23
453 3008 536 3048 May
559 3011 665 3047 1516;
697 3019 752 3040 see
770 3009 913 3040 Brewer
929 3010 965 3041 ii.
988 3010 1081 3048 1877,
1192 3018 1242 3048 37.
1269 3008 1442 3049 conditio]
1460 3009 1512 3041 Cf.
1531 3010 1618 3050 Epp.
1640 3020 1702 3049 577
1719 3010 1789 3042 and
1805 3011 1880 3050 694.
