2034 3433
147 163 168 198 8
178 175 191 198 1
200 158 245 213 0]
559 160 711 199 FROM
751 159 1015 198 WILLIAM
1053 160 1325 199 BUDAEUS
1659 162 1708 198 27
1714 161 1737 198 7

145 266 350 305 actionem
371 278 592 315 causaeque
613 264 808 303 dicendae
837 264 1014 302 liberum
1034 264 1251 302 arbitrium
1272 263 1481 314 denegem.
1542 264 1673 314 Atqui
1705 264 1740 301 si
1759 278 1820 311 315

147 332 273 370 huius
307 331 365 370 rei
384 331 508 370 iudex
527 330 740 380 legitimus
763 329 946 378 fuissem,
969 332 1010 367 et
1029 342 1053 368 a
1079 343 1144 368 me
1168 331 1213 367 tu
1243 329 1432 379 petiisses
1452 331 1498 368 vt
1524 329 1601 367 tibi
1620 342 1739 378 agere

148 396 237 447 lege
257 396 407 444 liceret,
429 397 476 434 vt
494 396 701 434 actionem
720 396 808 445 ipse
829 395 909 433 tibi
929 407 1076 444 negare
1097 395 1185 433 iure
1214 408 1299 433 non
1325 394 1562 444 potuissem,
1583 394 1641 432 ita
1661 393 1737 432 tibi

146 462 319 500 modum
349 461 512 500 dicendi
541 461 592 499 ad
621 459 881 510 clepsydram
911 459 1161 499 statuissem.
1222 460 1281 498 At
1301 459 1397 497 vide
1417 472 1540 509 quem
1570 458 1736 496 tandem

145 539 271 577 aquae
306 526 384 564 tibi
423 525 595 564 modum
631 525 846 564 infuderis.
910 525 1003 563 Non
1042 525 1204 563 inuitus
1240 525 1353 572 facio,
1384 526 1430 563 vt
1464 525 1664 562 strennue
1698 524 1738 561 te

146 591 355 641 castigem,
398 591 464 629 cui
509 590 667 629 iamdiu
705 590 893 628 inuidere
925 589 1038 639 coepi
1072 592 1118 628 vt
1145 590 1378 627 luminibus
1416 588 1520 627 meis
1557 588 1736 626 nimium
1757 601 1820 632 320

146 656 361 695 efficienti:
391 658 432 694 et
452 656 654 694 hactenus
680 668 798 705 aegre
819 654 898 693 tuli
918 655 963 693 in
983 654 1272 703 epistolaribus
1292 653 1447 692 nostris
1466 653 1738 692 altercationi-

144 721 222 759 bus
242 735 308 759 me
329 734 490 770 semper
512 720 753 759 inferiorem
780 719 1029 759 discessisse.
1089 720 1166 758 Sed
1187 732 1328 757 vereor
1347 732 1399 757 ne
1419 731 1588 757 omnem
1608 718 1652 755 in
1671 730 1738 756 me

144 786 248 825 iram
269 789 385 824 tuam
398 786 571 834 deriues,
588 788 629 824 et
644 786 681 824 si
701 785 887 823 nondum
902 785 1024 835 plane
1039 784 1370 834 indignationem
1382 783 1500 822 illam
1515 783 1735 830 deuorasti,

146 851 211 889 vel
250 851 489 891 deuoratam
528 864 614 889 non
652 851 890 898 concoxisti‚
917 863 968 888 ne
1003 852 1050 887 tu
1089 849 1284 899 reliquias
1321 849 1366 887 in
1403 862 1468 886 me
1503 860 1663 898 regeras
1696 849 1736 885 et

143 929 308 966 expuas,
331 916 632 966 epistolamque
649 915 754 954 mihi
776 928 902 954 Vnam
922 914 1226 953 amarulentam
1246 913 1411 952 scribas.
1471 914 1627 952 Verum
1646 925 1731 961 age,
1756 925 1817 957 325

142 981 363 1029 piacularis
395 994 480 1020 esse
510 994 596 1020 non
625 993 766 1019 recuso
800 982 841 1019 et
869 980 914 1018 in
944 979 1070 1018 Fabri
1099 979 1238 1017 locum
1266 978 1428 1028 prodire
1456 977 1734 1024 succidaneus,

144 1046 244 1084 dum
283 1046 405 1085 modo
450 1046 712 1085 stomachum
759 1058 994 1095 perpurges,
1034 1044 1161 1083 simul
1199 1045 1241 1082 et
1278 1043 1508 1092 suspicione
1546 1042 1621 1080 illa
1664 1044 1737 1080 tua

141 1111 343 1161 defungar
375 1112 458 1161 περὶ
495 1114 565 1149 τῶν
598 1111 954 1162 λεπτολογημάτων.
1014 1109 1105 1147 Hoc
1146 1108 1294 1147 multis
1331 1110 1496 1158 gratum
1533 1107 1621 1155 erit,
1662 1107 1734 1156 qui

142 1175 339 1215 interesse
367 1176 553 1226 publicae
571 1174 768 1214 vtilitatis
797 1175 972 1213 credunt
1001 1176 1042 1212 te
1069 1174 1120 1212 ab
1149 1173 1222 1212 illa
1251 1173 1516 1212 contentione
1545 1172 1734 1210 animum

142 1241 369 1289 deflectere,
393 1255 446 1279 ne
467 1241 509 1279 id
529 1241 607 1279 tibi
632 1253 833 1290 parergon
857 1239 1087 1290 praeclarae
1113 1239 1343 1289 cuiuspiam
1371 1237 1735 1277 commentationis
1755 1249 1817 1281 330

142 1318 302 1344 remora
321 1306 376 1344 sit
396 1305 463 1344 vel
482 1307 812 1344 auocamentum.

196 1370 309 1409 Haec
337 1371 388 1409 ad
419 1373 460 1408 te
487 1370 644 1420 scripsi,
668 1370 734 1409 vir
762 1370 1023 1418 amicissime,
1045 1369 1185 1419 potius
1204 1370 1251 1407 vt
1279 1369 1469 1407 animum
1498 1382 1639 1407 meum
1658 1368 1735 1407 tibi

140 1438 312 1473 testarer
344 1435 558 1485 literisque
577 1435 661 1474 tuis
695 1435 999 1486 responderem,
1027 1447 1153 1484 quam
1186 1434 1294 1484 quod
1328 1433 1611 1472 admonitione
1644 1446 1735 1472 mea

140 1513 256 1550 egere
282 1502 323 1539 te
350 1502 551 1550 putarem.
610 1501 743 1550 Atqui
766 1500 903 1539 libens
931 1500 1008 1538 hoc
1031 1499 1209 1546 fecerim,
1232 1499 1267 1537 si
1287 1498 1453 1548 possim,
1471 1500 1517 1536 vt
1537 1498 1609 1548 qui
1628 1498 1734 1536 mihi

140 1565 384 1604 maledicere
417 1565 609 1615 gestiant,
641 1566 691 1604 ad
727 1566 905 1605 officium
935 1566 976 1604 et
1008 1564 1256 1603 modestiam
1292 1564 1360 1603 vel
1393 1563 1635 1613 perferendo
1668 1563 1734 1602 vel
1755 1577 1816 1609 335

138 1630 371 1680 spernendo
400 1630 719 1669 obtrectationes
746 1631 960 1669 reducam:
991 1630 1056 1668 sin
1086 1629 1128 1668 id
1157 1629 1314 1667 efficere
1338 1642 1508 1678 nequeO,
1531 1630 1638 1667 certe
1657 1629 1734 1667 hoc

140 1708 223 1734 non
243 1695 522 1734 commiserim
541 1697 588 1734 vt
607 1697 659 1735 ab
677 1695 1018 1746 aequanimitatis
1037 1694 1247 1744 proposito
1267 1695 1308 1732 et
1328 1693 1584 1732 constantiae
1603 1694 1732 1743 gradu

139 1760 344 1799 dimoueri
362 1774 430 1799 me
455 1761 592 1798 sinam
616 1760 752 1799 aliena
771 1760 1046 1810 improbitate.
1107 1758 1276 1797 Etenim
1301 1759 1425 1797 habet
1449 1759 1526 1797 hoc
1545 1771 1568 1797 a
1588 1760 1734 1797 natura

138 1826 322 1876 impetus
341 1826 576 1864 inuectiuae
597 1826 875 1864 contentionis
893 1827 951 1873 vt,
975 1825 1012 1864 si
1030 1824 1245 1874 ingruenti
1265 1823 1442 1872 cesseris,
1465 1823 1609 1862 irritus
1635 1837 1732 1861 mox

139 1890 365 1940 irrisusque
393 1894 516 1941 atque
543 1891 744 1929 euanidus
769 1890 988 1938 fathiscat,
1018 1890 1125 1928 sicut
1151 1889 1274 1927 turbo
1295 1889 1420 1927 elisus
1441 1888 1605 1938 rapidas
1624 1888 1732 1926 vires
1752 1899 1816 1931 340

138 1956 304 2002 amittit,
328 1956 363 1993 si
383 1956 541 1994 obicem
561 1969 645 1994 non
666 1955 850 1995 offendit.
894 1955 978 1993 Hic
998 1967 1069 1993 sus
1089 1954 1320 1992 Mineruam
1341 1954 1502 2001 docebo,
1524 1953 1733 2003 librosque

139 2024 234 2059 tuos
253 2020 365 2059 adire
384 2022 426 2059 te
445 2021 606 2059 iubebo.
641 2020 762 2059 Miles
781 2020 894 2058 enim
915 2022 1012 2058 tuus
1033 2019 1305 2067 Christianus,
1329 2018 1435 2056 mihi
1455 2018 1731 2066 omnibusque

139 2084 469 2134 probatissimus,
507 2098 573 2123 me
612 2085 752 2123 docuit
790 2098 875 2123 non
913 2097 1001 2123 esse
1033 2098 1084 2123 ex
1122 2097 1199 2123 vsu
1238 2083 1477 2133 disciplinae
1516 2082 1732 2121 castrensis

137 2149 315 2188 delectos
344 2150 501 2188 Christi
536 2149 693 2192 milites
721 2149 1008 2188 huiuscemodi
1035 2149 1277 2187 velitatione
1305 2148 1558 2198 tyrocinium
1587 2148 1727 2192 facere,

139 2227 213 2252 nec
253 2214 408 2253 Christi
451 2214 703 2252 athletarum
746 2227 834 2253 esse
878 2213 1194 2264 pugillationem
1241 2213 1448 2261 infestam,
1499 2215 1545 2250 vt
1591 2214 1729 2251 tecum
1749 2227 1812 2258 345

139 2279 366 2328 obsignatis
384 2278 537 2317 tabulis
557 2291 688 2328 agam.

194 2343 351 2382 Mirum
380 2345 442 2396 est
475 2344 742 2382 Tunstallum
771 2343 821 2382 ad
853 2357 919 2381 me
947 2357 1033 2382 non
1062 2343 1338 2391 rescripsisse:
1380 2355 1523 2381 vereor
1550 2343 1595 2380 vt
1629 2343 1730 2382 satis

138 2409 250 2447 salue
269 2422 313 2447 se
332 2408 467 2447 adhuc
487 2408 691 2447 habuerit.
738 2408 948 2458 Epistolae
965 2421 1079 2446 meae
1095 2408 1146 2446 acl
1167 2420 1261 2446 eum
1281 2408 1519 2457 exemplum
1541 2408 1729 2446 nondum

138 2473 280 2523 recepi,
301 2475 348 2512 vt
376 2475 498 2512 antea
526 2474 577 2512 ad
606 2475 648 2512 te
676 2473 835 2524 scripsi,
858 2476 981 2523 atque
1008 2472 1118 2512 haud
1148 2473 1231 2511 scio
1260 2486 1313 2511 an
1334 2472 1543 2522 perditum
1562 2472 1626 2511 sit.
1684 2473 1729 2511 Si

137 2541 277 2576 tamen
312 2551 560 2588 magnopere
593 2539 744 2577 habere
777 2541 956 2588 exoptas,
987 2551 1037 2576 ex
1070 2538 1218 2576 scheda
1246 2538 1408 2576 restitui
1436 2538 1598 2587 poterit,
1634 2551 1727 2576 cum
1748 2551 1811 2584 350

137 2603 214 2640 erit
243 2602 350 2640 mihi
378 2603 524 2641 ocium.
583 2604 818 2653 Stephanus
846 2605 985 2642 noster
1012 2603 1186 2641 antistes
1214 2615 1265 2640 ex
1285 2602 1379 2641 aula
1398 2603 1479 2640 huc
1500 2603 1549 2640 ad
1569 2602 1727 2652 aliquot

138 2668 225 2706 dies
239 2668 379 2706 venit:
409 2668 480 2706 sed
508 2668 662 2707 iterum
691 2669 923 2716 accersitus,
945 2668 1139 2717 perendie
1160 2680 1399 2705 reuersurus
1419 2668 1492 2715 est,
1516 2680 1589 2704 nec
1616 2680 1727 2706 nunc

136 2735 199 2771 est
218 2732 262 2770 in
290 2733 401 2777 vrbe,
423 2732 494 2771 sed
514 2746 604 2771 cras
623 2734 845 2781 rediturus,
868 2735 914 2771 vt
933 2733 1061 2780 aiunt,
1086 2734 1126 2770 et
1146 2745 1243 2770 mox
1264 2732 1375 2770 viam
1400 2731 1593 2771 initurus.
1653 2732 1728 2770 Bis

180 2838 253 2867 324.
281 2829 475 2860 concoxisti
490 2832 624 2866 scripse:
647 2831 843 2870 concepisti
858 2832 910 2860 E:
935 2830 1155 2869 concoquisti
1171 2831 1209 2859 N.
1329 2837 1402 2867 330.
1428 2827 1523 2859 EN2:
1546 2828 1726 2868 praeclare

136 2874 171 2901 H
184 2874 279 2903 Lond.
385 2881 458 2911 334.
484 2873 603 2912 Atque
619 2875 662 2904 H.
754 2883 830 2913 342.
855 2873 952 2904 adire
968 2875 1017 2903 E:
1042 2873 1167 2904 audire
1183 2875 1224 2904 N.

177 2972 252 3008 346.
276 2969 486 3010 obsignatis]
499 2970 551 3002 cf.
562 2971 634 3003 Cic.
644 2974 729 3004 Tusc.
740 2983 770 3012 5.
783 2982 831 3004 11.
841 2982 893 3011 33.
963 2973 1076 3011 609.3‚
1091 2972 1199 3010 767.6,
1213 2971 1407 3011 819.15·25‚
1421 2971 1492 3001 and
1509 2970 1532 3002 1.
1547 2980 1611 3011 455
1628 2974 1724 3011 infra.

179 3015 253 3052 348.
280 3013 476 3054 Epistolae]
508 3015 570 3055 Ep.
603 3015 666 3055 583
680 3027 689 3055 ;
735 3016 777 3048 cf.
804 3016 892 3056 Epp.
1007 3025 1079 3055 351.
1106 3014 1324 3055 Stephanus]
1342 3014 1511 3046 Poncher.
