2034 3433
147 142 246 197 648]

145 247 364 287 videbatur
386 252 562 298 κτυπεῖτε,
584 252 631 289 vt
657 250 711 289 sit
740 252 971 292 trochaicus
997 252 1422 304 brachycatalecticus.
1483 256 1654 295 Certum
1676 261 1738 296 est

144 325 232 352 esse
252 313 477 354 clausulam
497 315 676 354 Graecae
694 317 937 356 comoediae.
984 318 1267 358 Praecesserat
1286 321 1424 358 autem
1444 320 1489 359 in
1509 321 1737 371 exemplari

144 380 286 418 nostro
313 381 355 418 et
384 380 490 419 alter
516 380 614 419 huic
643 381 797 420 similis
824 383 1069 432 trochaicus,
1099 386 1172 423 aut
1201 386 1308 423 certe
1336 384 1642 436 hemistichion,
1666 387 1736 426 sed

144 443 290 493 figuris
320 444 620 484 elementorum
653 447 752 486 adeo
786 448 1021 498 deprauatis
1052 451 1099 488 vt
1132 449 1231 500 quid
1265 450 1469 501 scriptum
1507 453 1613 490 esset
1652 465 1737 491 non

146 508 398 558 quiuerimus
416 510 625 549 coniicere.
1757 532 1797 562 45

199 573 292 613 Iam
311 575 419 625 quod
439 577 501 614 est
519 575 563 614 in
582 577 844 626 Vespasiano,

667 147 737 186 TO
775 148 890 188 THE
930 150 1159 189 READER
1686 155 1733 192 '71

950 655 977 692 ὦ
1005 656 1146 707 Λάχης,
1178 658 1318 709 Λάχης,

363 716 450 755 ὅταν
478 715 508 754 δ’
537 718 724 769 ἀποθάνῃς
753 718 854 759 αὖθις
883 718 925 764 ἐξ
950 722 1118 772 ὑπαρχῆς
1148 722 1278 774 εἷρήσῃ
1309 723 1492 772 Κήρυλος,

146 811 180 849 si
202 811 299 862 quid
320 812 643 862 suffragarentur
661 813 923 863 exemplaria,
947 814 1096 854 lubens
1114 814 1286 866 legerIm
1307 816 1358 856 ad
1378 817 1488 857 hunc
1508 817 1701 857 modum:

953 912 980 950 ὦ
1008 914 1148 965 Λάχης,
1179 915 1319 966 Λάχης,
1757 943 1798 974 50

520 977 607 1015 ὅταν
635 976 664 1014 δ’
693 977 880 1028 ἀποθάνῃς
909 977 1011 1018 αὖθις
1040 979 1137 1029 ἔσσῃ
1168 980 1354 1029 Κήρυλος,

945 1075 979 1114 Ο
999 1075 1167 1125 Laches,
1189 1076 1358 1125 Laches,

414 1140 474 1178 At
503 1139 574 1179 vbi
602 1142 792 1178 mortuus
819 1139 960 1189 fueris,
991 1153 1134 1179 rursus
1163 1141 1245 1180 eris
1274 1142 1467 1192 Cerylus:

146 1205 192 1241 vt
217 1204 244 1242 ὦ
269 1204 399 1255 Λάχης
424 1205 554 1256 Λάχης
578 1205 633 1244 sit
659 1204 842 1244 clausula
866 1204 1017 1255 prioris
1045 1206 1252 1253 carminis,
1279 1206 1344 1244 cui
1372 1207 1552 1245 succedit
1581 1207 1741 1258 integer

145 1269 346 1308 iambicus
364 1269 562 1319 trimeter,
584 1270 750 1309 tametsi
771 1270 848 1308 hac
869 1270 917 1308 de
937 1282 979 1307 re
1000 1270 1132 1308 nolim
1154 1271 1411 1310 contendere.
1759 1280 1798 1313 55

200 1335 416 1374 Caeterum
454 1335 502 1374 de
535 1348 806 1374 nummorum
842 1334 1040 1384 analogia,
1079 1335 1115 1373 si
1150 1335 1247 1385 quid
1287 1349 1310 1374 a
1347 1335 1515 1374 Budaeo
1548 1336 1742 1375 dissentit

146 1400 357 1450 Egnatius,
385 1400 576 1439 Portium
604 1413 728 1439 suum
753 1402 928 1449 secutus,
952 1400 1062 1450 quod
1090 1400 1211 1439 nobis
1237 1413 1311 1439 nec
1338 1400 1473 1440 ocium
1498 1401 1742 1452 suppetebat

146 1477 220 1503 nec
239 1464 289 1503 ad
308 1465 421 1503 hunc
446 1464 629 1504 laborem
654 1465 818 1515 proprie
843 1465 1092 1515 pertinebat,
1115 1479 1200 1504 non
1225 1465 1304 1504 fuit
1331 1467 1516 1505 studium
1539 1469 1737 1506 excutere.

145 1529 398 1568 Addidimus
428 1532 568 1569 autem
601 1530 794 1579 indicem,
827 1544 906 1581 quo
940 1530 1208 1580 potissimum
1244 1531 1539 1570 annotauimus
1572 1533 1609 1570 si
1643 1532 1741 1582 quid

147 1607 254 1633 noue
283 1597 522 1646 praeterque
553 1595 812 1645 superiorum
844 1597 1040 1634 autorum
1077 1597 1434 1645 consuetudinem,
1469 1599 1539 1635 aut
1574 1597 1609 1635 si
1642 1598 1740 1647 quid
1759 1604 1801 1636 60

145 1660 272 1699 etiam
305 1660 549 1699 Graecanice
582 1660 741 1699 dictum
769 1662 843 1708 est,
876 1673 927 1699 ne
961 1661 1068 1699 nihil
1097 1661 1152 1700 sit
1181 1661 1287 1700 lucri
1317 1661 1427 1711 quod
1458 1661 1655 1701 lectorem
1690 1663 1741 1700 ad

145 1726 368 1764 emendum
388 1725 548 1764 inuitet.
609 1725 692 1764 Nec
718 1726 797 1764 hoc
822 1728 962 1765 tamen
990 1726 1129 1764 solum
1154 1727 1326 1774 accedet,
1350 1727 1452 1777 quin
1473 1729 1514 1766 et
1543 1727 1740 1777 quicquid

144 1790 292 1830 adiecit
325 1789 536 1840 Egnatius,
572 1790 639 1829 hic
676 1790 816 1839 habes,
854 1793 895 1830 et
928 1793 1136 1841 praeterea
1169 1791 1371 1831 nonnulla
1409 1805 1513 1842 quae
1551 1805 1626 1831 nos
1663 1793 1742 1831 soli

145 1858 272 1894 etiam
300 1855 573 1894 restituimus,

199 1921 314 1959 Bene
342 1921 444 1969 vale,
478 1920 717 1959 charissime
748 1921 888 1969 lector,
922 1923 963 1960 et
997 1921 1111 1960 hisce
1143 1922 1296 1961 nostris
1326 1921 1536 1961 laboribus
1568 1922 1742 1961 feliciter
1759 1926 1799 1969 65

148 1073 189 1112 id
210 1075 282 1121 est,

145 1986 291 2025 fruere.
352 1997 421 2026 AN.
441 1999 637 2025 M.D.XV11.

191 2104 293 2182 4862&
325 2108 397 2137 add.
427 2116 459 2145 7.
603 2106 655 2144 65.
683 2105 943 2137 charissime..
964 2129 971 2137 .
991 2107 1045 2138 66.
1068 2106 1185 2137 fruere
1217 2117 1274 2137 om.
1307 2118 1339 2146 γ.
1497 2116 1553 2138 AN.
1586 2115 1742 2138 M.D.xvn

148 2158 205 2180 om.
263 2173 270 2180 .

191 2272 244 2309 46.
270 2269 501 2310 Vespasiano]
517 2279 592 2309 cap.
610 2278 660 2308 23.
979 2270 1026 2300 H.
1066 2270 1214 2310 Froben,
1254 2271 1287 2301 J.
1326 2271 1527 2311 Herwagen
1550 2271 1632 2302 'and
1663 2271 1740 2302 Nic.

190 2325 242 2354 47.
267 2311 291 2344 ὧ
303 2314 422 2354 Λάχηςῖ(
442 2314 536 2344 Men.
550 2316 604 2343 Fr.
619 2312 688 2353 (ed.
704 2312 817 2351 Kock)
832 2321 907 2350 921.

191 2358 244 2396 48.
272 2355 350 2387 ὅταν
366 2356 409 2397 δ’]
427 2356 479 2388 Cf.
502 2356 550 2387 id.
569 2366 642 2394 223.
660 2366 690 2395 2,
709 2355 829 2386 where
846 2355 908 2385 the

148 2401 296 2441 reading
311 2402 342 2431 is
356 2412 363 2431 z

213 2443 293 2475 ἐπὰν
308 2443 477 2484 ἀποθάνῃς,
494 2441 582 2474 αὖθις
598 2442 631 2482 ἐξ
646 2442 745 2483 ἀρχῆς
761 2441 838 2472 ἔσει.

190 2498 243 2527 57.
268 2486 450 2527 Fortium]
483 2486 690 2518 Leonardus
720 2486 763 2516 de
794 2485 912 2516 Portis

149 2531 194 2571 (c.
226 2533 309 2570 1464
325 2550 368 2555 —
382 2540 420 2570 15
450 2531 545 2570 Sept.
579 2531 689 2571 1545),
723 2539 744 2560 a
778 2529 911 2568 lawyer

149 2575 186 2606 of
197 2575 362 2614 Vicenza,
385 2575 516 2606 author
536 2574 574 2605 of
592 2577 636 2605 De
656 2575 797 2612 sestertio,
816 2583 909 2610 pecu-

148 2621 222 2657 niis,
238 2621 426 2655 ponderibus
446 2621 472 2648 et
490 2621 647 2649 mensuris
667 2619 814 2654 antiquis,
863 2616 910 2647 In

149 2662 207 2692 his
230 2662 431 2697 Suetonius,
455 2662 547 2700 Aug.
575 2662 668 2700 1516,
686 2661 727 2691 f0.
744 2680 775 2702 ῑ,
798 2660 911 2700 Egna-

149 2705 223 2735 tius
239 2706 348 2735 states
364 2705 446 2736 that
466 2705 496 2735 it
517 2705 591 2736 had
614 2705 702 2735 been
726 2703 910 2743 composed

149 2748 218 2779 five
240 2757 346 2787 years
368 2747 486 2779 before
502 2758 511 2787 ;
532 2748 597 2779 but
618 2748 682 2778 the
704 2748 843 2787 preface
864 2746 911 2776 he

150 2793 260 2822 wrote
276 2792 330 2822 for
346 2801 391 2821 an
408 2791 559 2829 edition,
574 2791 727 2831 perhaps
744 2791 807 2821 the
820 2790 907 2826 first,

151 2835 189 2866 of
201 2835 264 2865 the
280 2837 323 2865 De
337 2837 481 2872 sestertio,
498 2844 556 2866 aa.
573 2837 600 2865 et
613 2837 644 2874 l.,
660 2835 777 2865 shows
786 2834 867 2864 that
881 2834 910 2864 it

150 2887 223 2909 was
245 2880 308 2908 not
330 2877 476 2917 printed
497 2878 556 2908 till
579 2888 674 2909 some
697 2887 798 2917 years
820 2877 912 2908 after

150 2921 215 2952 the
237 2921 439 2952 Suetonius.
485 2921 571 2951 This
597 2921 736 2952 edition
762 2930 836 2951 was
859 2930 913 2951 re-

151 2965 298 3005 printed
320 2964 367 3004 by
381 2964 479 2995 John
499 2963 646 3004 Froben,
664 2975 722 2996 aa.
738 2974 747 3002 ;
771 2963 842 2995 and
862 2964 911 3002 by

976 2313 1196 2353 Episcopius,
1220 2313 1342 2344 March
1369 2323 1460 2353 1530.
1496 2314 1631 2345 Panzer
1654 2315 1741 2346 cites

976 2365 1023 2386 an
1040 2356 1188 2396 edition,
1207 2356 1326 2396 Rome,
1346 2357 1384 2390 F.
1402 2358 1447 2389 M.
1463 2357 1602 2397 Calvus,
1627 2366 1717 2397 1524.

1019 2399 1185 2430 Budaeus
1208 2409 1255 2430 on
1277 2401 1427 2440 reading
1449 2401 1632 2440 Egnatius'
1658 2403 1741 2432 note

976 2443 1096 2474 feared
1125 2443 1206 2474 that
1233 2443 1279 2473 he
1306 2444 1423 2484 might
1453 2445 1495 2475 be
1526 2444 1682 2484 thought
1705 2448 1741 2476 to

976 2487 1067 2516 have
1082 2487 1266 2517 borrowed
1277 2487 1368 2518 from
1379 2488 1532 2527 Portius,
1547 2488 1618 2519 and
1630 2488 1740 2528 urged

976 2530 1152 2570 Egnatius
1167 2531 1203 2560 to
1219 2531 1276 2570 get
1292 2530 1354 2561 the
1371 2531 1461 2562 book
1474 2531 1620 2571 printed
1638 2532 1740 2572 (ΒΕ.4

977 2583 1034 2612 24:
1052 2583 1093 2612 27
1108 2573 1195 2604 Nov.
1213 2574 1322 2615 1518).
1370 2575 1541 2606 Erasmus
1551 2575 1667 2605 raised
1681 2575 1740 2606 the

978 2618 1142 2655 question
1167 2616 1204 2647 of
1230 2617 1438 2657 plagiarism
1462 2618 1567 2657 again
1591 2619 1631 2648 in
1659 2627 1739 2657 1527

979 2660 1109 2699 (Lond.
1141 2670 1198 2691 xx.
1225 2670 1254 2699 9,
1279 2661 1348 2692 LB.
1382 2661 1473 2701 875),
1509 2661 1580 2692 and
1611 2661 1739 2692 moved

978 2703 1145 2734 Budaeus
1160 2705 1196 2734 to
1213 2704 1357 2743 inquire
1373 2704 1411 2735 of
1426 2705 1458 2736 J.
1475 2705 1642 2742 Lascaris,
1656 2705 1739 2735 who

977 2746 1116 2786 replied
1143 2747 1244 2787 (ΒΕ.3
1271 2747 1295 2779 1·“.
1325 2757 1384 2786 131
1413 2748 1470 2788 νο)
1495 2748 1574 2779 that
1599 2748 1644 2778 he
1668 2748 1739 2779 had

978 2800 1063 2821 seen
1087 2800 1107 2820 a
1130 2800 1193 2821 ms.
1218 2801 1306 2830 copy
1334 2791 1372 2821 of
1399 2791 1553 2822 Portius’
1578 2791 1666 2822 book
1698 2791 1738 2822 in

977 2833 1047 2863 Leo
1070 2832 1121 2864 x's
1144 2833 1243 2874 early
1263 2844 1366 2874 years
1387 2836 1423 2865 at
1444 2834 1577 2872 Rome;
1600 2835 1645 2866 cf.
1665 2835 1739 2865 also

978 2876 1063 2908 BE.¹
1082 2878 1152 2916 163,
1168 2877 1240 2908 and
1253 2877 1365 2910 Lond.
1378 2879 1474 2909 xxiv.
1491 2878 1542 2916 18,
1556 2878 1626 2909 LB.
1643 2880 1736 2918 1198.

1020 2920 1089 2951 For
1103 2920 1246 2951 Portius
1262 2931 1317 2952 see
1329 2922 1370 2952 A.
1387 2922 1428 2953 G.
1442 2921 1480 2951 di
1491 2921 1601 2953 Santa
1613 2922 1736 2953 Maria.

977 2966 1118 2994 Scrittori
1136 2965 1300 3005 Vicentim',
1319 2965 1370 2996 iii.
1391 2965 1506 3005 (1775)
1521 2975 1578 3005 pp.
1596 2965 1738 2995 210-28.
