2034 3433
85 153 183 208 990]
574 156 646 196 'ro
681 155 831 196 JOHN
870 156 1180 197 CLAYMOND
1583 162 1659 200 621

84 273 192 299 noue
222 260 293 299 sed
326 260 410 300 iam
443 261 544 300 olim
585 262 707 300 notae
739 263 1054 312 perspectaeque
1090 261 1320 312 probitatis,
1354 275 1462 301 nouo
1494 262 1665 314 collegio

81 325 344 375 praefecerit3
373 325 445 376 qui
462 325 647 376 primum
664 326 797 377 possis
822 339 890 366 eas
912 326 1052 366 literas
1070 329 1110 366 et
1131 341 1225 366 cum
1245 327 1448 378 dignitate
1466 329 1661 379 profiteri,
1685 342 1726 374 30

81 389 231 429 deinde
263 390 397 441 possis
416 391 483 430 vel
502 403 611 430 vnus
637 403 726 431 esse
753 391 999 431 documento
1028 392 1198 442 optimis
1225 392 1357 432 literis
1382 406 1477 432 cum
1496 393 1665 444 optimis

79 455 264 494 moribus
283 455 465 495 maxime
483 457 713 495 conuenire.
773 456 887 496 Facit
907 456 1019 495 enim
1038 470 1262 507 paucorum
1280 457 1579 508 improbitasvt
1594 459 1664 509 qui

80 519 203 559 bonis
222 520 355 559 literis
380 533 527 571 parum
553 520 655 560 bene
674 520 832 569 volunt,
856 521 1162 561 calumnientur
1186 522 1262 561 hoc
1283 523 1515 562 studiorum
1534 536 1665 573 genus

79 597 342 635 corrumpere
361 586 493 624 vitam
512 585 739 624 humanam
765 587 805 624 et
831 598 1002 625 auocare
1028 599 1052 625 a
1078 586 1231 636 pietate
1251 587 1499 628 Christiana.
1558 588 1665 627 Sunt

77 651 221 688 autem
245 650 353 700 apud
380 663 467 698 nos,
488 650 704 700 praecipue
729 650 968 699 Germanos,
998 651 1168 690 iuuenes
1192 651 1366 702 aliquot,
1384 653 1472 691 vita
1498 653 1665 703 quidem
1685 665 1725 697 35

80 714 253 765 integra,
275 715 347 754 sed
384 715 456 765 qui
493 715 552 754 sic
589 717 770 754 asserant
806 715 998 755 meliores
1029 715 1172 755 literas
1198 718 1244 755 vt
1269 716 1313 755 in
1346 716 1495 755 harum
1525 717 1666 757 hostes

80 792 230 829 magna
248 779 436 819 libertate
455 779 570 818 velut
591 781 632 826 ἐξ
649 781 797 829 ἁμαξῶν
816 779 1126 819 debacchentur.

135 844 341 895 Equidem
369 858 454 883 non
482 857 586 895 nego
604 844 769 884 veniam
797 845 974 884 dandam
1001 846 1136 894 aetati,
1159 845 1242 884 imo
1268 847 1393 885 etiam
1410 847 1535 897 genti,
1555 861 1666 898 prae-

81 909 227 948 sertim
247 922 342 948 cum
359 911 447 948 tam
473 909 628 948 acerbis
653 909 757 948 odiis
776 909 991 949 irritentur
1009 912 1055 948 vt
1074 910 1119 948 in
1137 910 1393 950 aduersarios
1411 911 1518 950 nihil
1537 912 1667 962 possit

83 973 185 1013 satis
217 986 409 1024 asperum
438 973 529 1012 dici.
589 974 668 1013 Sed
698 975 839 1013 tamen
867 988 959 1013 mea
993 975 1198 1014 sententia
1230 974 1354 1025 longe
1381 976 1479 1026 plus
1512 977 1667 1016 adferet
1685 987 1728 1018 40

84 1039 285 1077 momenti
302 1041 373 1078 tua
391 1039 576 1078 modesta
595 1039 778 1089 grauitas
797 1041 840 1078 et
861 1040 1022 1079 erudita
1041 1040 1202 1089 lenitas,
1218 1040 1295 1079 hos
1309 1040 1436 1079 etiam
1455 1041 1526 1092 qui
1545 1042 1666 1081 modo

84 1103 370 1152 reclamabant,
395 1104 466 1154 qui
494 1117 608 1143 arma
635 1107 776 1143 contra
802 1104 997 1152 ferebant,
1021 1105 1065 1143 in
1093 1118 1166 1144 sua
1185 1108 1315 1145 castra
1332 1108 1597 1156 pertractura,
1618 1120 1667 1145 ex

85 1168 366 1207 infestissimis
393 1168 583 1208 hostibus
609 1169 874 1208 fidelissimos
902 1169 1057 1210 milites
1083 1183 1128 1208 ac
1152 1173 1474 1221 propugnatores
1492 1172 1663 1211 futuros.

84 1232 188 1272 Plus
207 1233 330 1272 efficit
350 1233 421 1284 qui
449 1246 523 1272 sua
550 1233 829 1273 moderatione
857 1234 1052 1273 omnibus
1079 1235 1340 1274 commendat
1365 1235 1493 1275 bonas
1510 1236 1663 1285 literas,

86 1311 212 1350 quam
248 1298 320 1349 qui
357 1311 453 1337 cum
488 1299 766 1349 pertinacibus
800 1299 947 1338 harum
992 1300 1258 1350 sycophantis
1293 1300 1456 1340 assidue
1492 1301 1662 1340 rixatur.
1683 1312 1725 1345 45

88 1363 176 1413 Ego
195 1363 303 1413 quod
322 1363 492 1402 tandem
511 1364 783 1403 contumeliae
803 1377 933 1414 genus
958 1378 1043 1403 non
1068 1378 1162 1404 sum
1187 1378 1332 1415 passus
1353 1365 1405 1404 ab
1424 1365 1517 1405 istis
1533 1367 1666 1417 philo-

87 1427 294 1467 barbaris!
353 1428 462 1476 Quos
508 1429 714 1468 tumultus
759 1430 1010 1468 excitarunt!
1059 1444 1160 1480 quas
1206 1443 1370 1469 mouere
1415 1432 1668 1482 tragoedias!

89 1505 191 1544 quas
236 1494 480 1532 struxerunt
525 1493 719 1532 insidias!
774 1494 881 1532 Mihi
927 1507 1024 1533 sane
1071 1508 1144 1533 nec
1177 1509 1335 1545 vngues
1381 1496 1549 1535 deerant
1594 1510 1669 1536 nec

89 1559 233 1597 dentes
261 1570 336 1596 nec
364 1558 508 1606 telum,
531 1558 566 1596 si
595 1558 784 1597 libuisset
803 1559 876 1607 vti,
899 1572 1031 1608 neque
1060 1572 1154 1598 sum
1180 1560 1348 1610 ignarus
1367 1560 1517 1610 quibus
1535 1562 1670 1601 modis

89 1622 292 1662 eiusmodi
310 1624 500 1672 portenta
517 1623 731 1662 tractanda
748 1623 834 1662 sint
850 1638 859 1671 ;
887 1637 1034 1663 verum
1054 1624 1234 1664 iudicaui
1248 1638 1333 1664 non
1353 1625 1489 1664 solum
1508 1625 1672 1666 Christo
1691 1637 1732 1669 50

89 1700 179 1727 esse
198 1686 354 1737 gratius
371 1688 646 1727 verumetiam
663 1689 715 1727 ad
735 1689 1002 1739 prouehenda
1015 1689 1189 1728 rectiora
1207 1690 1345 1729 studia
1364 1690 1671 1739 conducibilius,

89 1754 162 1791 aut
181 1752 405 1791 moderatis
423 1753 654 1792 rationibus
672 1754 830 1802 placare
848 1754 1131 1802 reclamantes,
1154 1756 1226 1793 aut
1246 1757 1353 1794 certe
1373 1755 1523 1803 cedere,
1546 1756 1673 1794 donec

90 1817 290 1867 temporis
317 1830 534 1867 progressu
562 1820 633 1857 aut
661 1821 877 1858 euanescat
903 1820 989 1858 illis
1022 1819 1163 1858 stolidi
1191 1821 1366 1870 pectoris
1391 1822 1572 1872 impetus
1604 1823 1674 1860 aut

91 1881 172 1932 ipsi
190 1881 443 1931 resipiscant.
504 1881 588 1920 Nec
606 1882 740 1921 adhuc
758 1896 826 1921 me
845 1883 970 1922 huius
988 1884 1147 1922 consilii
1164 1885 1358 1934 poenitet.

147 1945 241 1985 Non
260 1958 436 1985 ausurus
455 1959 579 1994 eram,
604 1947 840 1986 doctissime
859 1948 1120 1998 Claymmde,
1137 1950 1177 1987 te
1196 1950 1299 1988 meis
1318 1950 1448 1990 literis
1465 1950 1674 1999 lacessere,
1694 1957 1732 1991 55

92 2010 175 2050 nisi
194 2011 418 2050 Cutbertus
436 2011 686 2061 Tunstallus,
702 2013 881 2052 Thomas
898 2012 1050 2061 Morus,
1065 2013 1266 2053 Ricardus
1278 2014 1433 2054 Paceus
1444 2015 1531 2055 suis
1544 2015 1678 2054 literis

93 2086 246 2124 magno
265 2088 466 2113 consensu
486 2088 651 2114 morum
670 2078 838 2116 tuorum
856 2077 899 2115 τὸ
919 2078 1123 2128 εὔχρηστον
1135 2091 1180 2117 ac
1192 2078 1431 2118 facilitatem
1449 2079 1676 2129 integritati

94 2152 237 2189 parem
264 2139 573 2189 praedicassent.
634 2141 790 2190 Quibus
817 2142 1031 2181 autoribus
1058 2143 1187 2182 fretus
1212 2156 1296 2182 non
1314 2144 1473 2183 veritus
1498 2157 1591 2182 sum
1609 2144 1676 2183 vel

94 2205 170 2243 hac
188 2217 318 2243 manu
345 2204 424 2243 tibi
452 2205 636 2254 scribere,
659 2219 739 2256 qua
767 2206 877 2246 soleo
904 2207 1202 2257 cogitationum
1222 2221 1409 2248 mearum
1429 2209 1676 2249 celeritatem

96 2282 282 2319 aequare.
342 2269 457 2308 Bene
476 2270 578 2309 vale.
1692 2278 1738 2310 60

152 2333 330 2372 Louanii
350 2334 497 2384 quinto
518 2334 657 2374 Galen.
678 2335 819 2375 Iulias.
842 2336 964 2375 Anno
984 2350 1026 2375 Μ.
1044 2351 1082 2376 D.
1099 2350 1184 2375 xlx.

432 2467 526 2507 991.
586 2466 649 2507 To
680 2466 1003 2515 TRANQUILLUS
1035 2470 1349 2512 ANDRONICUS.

146 2555 307 2601 Farrago
325 2567 360 2601 p.
379 2556 435 2592 62.
1380 2560 1601 2608 <Louvain.>

147 2613 186 2648 F.
204 2625 240 2659 p.
260 2624 348 2659 229:
374 2613 466 2648 HN:
491 2613 605 2650 Lond.
624 2615 670 2651 iv.
694 2626 755 2652 10:
783 2616 856 2652 LB.
874 2627 951 2662 439.
1351 2621 1395 2655 28
1413 2619 1509 2654 June
1531 2629 1631 2665 1519.

145 2692 235 2733 [The
251 2693 349 2724 dates
365 2703 423 2724 are
439 2694 682 2725 corroborated
698 2695 745 2735 by
760 2695 821 2726 the
838 2699 1060 2728 movements
1075 2698 1113 2728 of
1126 2698 1291 2728 Erasmus
1305 2698 1378 2729 and
1396 2698 1633 2731 Andronicus.

142 2735 372 2777 Tranquillus
393 2736 609 2768 Parthenius
626 2737 855 2770 Andronicus
874 2749 947 2770 was
961 2749 982 2770 a
998 2740 1118 2771 native
1139 2741 1177 2771 of
1196 2741 1331 2781 Ragusa
1350 2742 1390 2772 in
1411 2742 1599 2781 Dalmatia,
1621 2742 1680 2773 his

101 2780 230 2811 second
246 2789 351 2811 name
368 2780 474 2819 being
489 2779 633 2812 derived
649 2781 741 2812 from
756 2783 818 2813 the
840 2782 1024 2822 Partheni,
1042 2784 1121 2814 who
1143 2785 1181 2814 in
1202 2785 1347 2815 ancient
1369 2786 1474 2816 times
1489 2786 1678 2817 inhabited

100 2822 182 2854 that
206 2823 338 2862 region.
398 2823 485 2854 This
512 2823 619 2863 witty
643 2825 715 2856 and
739 2826 904 2856 versatile
930 2826 1155 2867 adventurer,
1184 2827 1275 2859 after
1300 2838 1320 2858 a
1344 2828 1459 2859 round
1487 2829 1525 2859 of
1546 2829 1678 2859 Italian

102 2866 341 2897 Universities
352 2885 395 2890 —
408 2866 539 2906 Padua,
569 2867 736 2908 Bologna,
769 2869 884 2908 Siena,
919 2868 1080 2909 Perugia,
1112 2870 1222 2901 Rome
1233 2880 1430 2910 —appears
1456 2870 1505 2913 (c.
1535 2881 1615 2911 1517
1640 2875 1678 2903 at

102 2907 265 2951 Vienna)
280 2909 460 2950 soliciting
475 2910 537 2941 the
552 2910 612 2941 aid
628 2911 666 2942 of
678 2911 859 2942 Vadianus
875 2912 947 2943 and
966 2912 1113 2953 offering
1129 2917 1164 2944 to
1180 2915 1312 2945 lecture
1328 2924 1373 2945 on
1389 2914 1593 2953 Quintilian
1608 2915 1679 2947 and

127 3005 179 3035 5ο.
206 2996 280 3028 sint
296 2999 346 3027 E:
368 2998 453 3028 sunt
467 2999 509 3029 H.
607 3007 659 3037 53.
686 2998 747 3029 ille
765 3000 806 3030 N.
895 3008 946 3038 54.
971 2999 1038 3040 ipsi
1053 3003 1125 3032 add.
1144 3003 1187 3032 Η.
1276 3002 1328 3032 61.
1354 3001 1424 3033 Iul.
1441 3005 1485 3034 F:
1510 3001 1598 3033 Iulii
1613 3005 1656 3034 H.
