2034 3433
140 167 239 223 9Y6]
546 167 616 207 ΤΟ
654 166 848 206 ERARD
886 167 960 206 DE
1000 165 1075 205 LA
1111 165 1308 205 MARCK
1632 167 1708 205 483

139 273 325 314 verbum.
377 272 534 311 Rursus
551 271 598 309 in
616 270 851 309 executione
871 270 1124 308 demonstrat
1142 270 1402 309 autoritatem
1414 269 1706 319 Apostolicam,
1727 274 1767 306 80

138 339 307 378 tradens
326 337 496 376 Satanae
521 335 659 375 virum
687 335 759 385 qui
786 335 914 385 patris
935 348 1105 374 onrem
1130 335 1209 373 sibi
1235 334 1498 373 adiunxerat:
1528 335 1571 373 in
1594 335 1711 373 cuius

141 403 201 442 rei
227 403 364 442 locum
392 414 502 440 nunc
531 400 726 439 successit
748 400 1129 438 excommunicatio.
1185 400 1294 449 Quae
1318 399 1429 438 hisce
1457 399 1710 450 temporibus

141 480 233 507 mea
256 466 459 506 sententia
480 465 574 515 plus
600 464 699 503 satis
724 464 769 502 in
794 466 989 514 promptu
1014 467 1086 511 est,
1110 464 1210 503 dum
1238 465 1389 514 passim
1417 467 1458 503 et
1486 465 1711 514 quamlibet

140 532 303 571 friuolis
334 531 384 570 de
416 529 548 569 causis
576 529 806 568 intentatur
832 529 992 568 fulmen
1021 529 1125 567 illud
1158 529 1393 577 terrificum,
1424 542 1497 568 nec
1530 542 1711 579 vnquam

140 597 276 636 acrius
312 609 435 646 quam
474 607 567 633 cum
605 593 816 643 pecuniola
852 594 1132 643 periclitatur:
1174 607 1267 632 cum
1304 593 1468 641 Paulus,
1503 594 1548 633 ni
1580 595 1706 642 fallor,
1728 598 1767 640 85

142 664 303 712 praeter
321 661 610 710 Hymenaeum
628 660 669 698 et
684 659 978 706 Alexandrum,
992 672 1124 697 vnum
1144 660 1264 697 modo
1283 658 1497 697 tradiderit
1516 658 1686 698 Satanae
1702 674 1712 705 ;

141 726 237 765 illos
261 725 367 776 quod
386 724 648 775 pertinaciter
673 723 915 763 obsisterent
943 724 1177 774 EuangeliO,
1201 737 1296 762 cum
1321 724 1570 762 haberentur
1596 723 1711 762 Chri-

145 791 427 840 stiani—quos
448 791 495 828 vt
518 789 734 828 damnatos
752 788 938 838 legimus,
960 788 1017 827 ita
1037 802 1121 827 non
1139 788 1316 838 legimus
1336 788 1571 836 restitutos;
1600 788 1711 826 hunc

142 856 193 895 ob
211 855 425 906 publicum
445 854 647 904 vulgoque
673 855 817 892 notum
838 854 1052 893 incestum.
1111 854 1165 891 Et
1184 855 1323 891 tamen
1342 866 1416 891 nec
1434 854 1476 890 in
1497 853 1606 890 hunc
1626 866 1710 902 pro-

141 920 356 959 nunciauit
367 919 448 958 nisi
462 932 511 957 ex
525 918 812 957 communibus
827 919 1013 957 omnium
1025 918 1242 969 suffragiis,
1256 931 1329 956 nec
1343 930 1516 968 vsquam
1530 917 1711 956 hominis
1729 932 1770 963 90

143 999 296 1025 nomen
322 983 515 1035 prodidit,
539 983 586 1021 in
605 983 839 1021 damnando
865 982 1020 1021 crimen
1045 985 1207 1022 notasse
1233 984 1475 1030 contentus;
1504 982 1548 1021 in
1577 996 1710 1021 recon-

136 1049 316 1089 ciliando
335 1062 386 1087 ne
405 1048 590 1086 criminis
609 1047 776 1097 quidem
790 1047 888 1086 facit
907 1048 1171 1095 mentionem,
1186 1049 1233 1086 vt
1251 1048 1295 1086 in
1313 1047 1515 1097 flagitium
1531 1047 1711 1086 seuitum

142 1114 362 1164 intelligas,
393 1127 478 1152 non
505 1113 550 1151 in
578 1113 802 1151 hominem.
862 1113 1004 1162 Neque
1033 1115 1122 1151 tum
1152 1113 1261 1151 aliud
1291 1115 1375 1151 erat
1403 1112 1512 1151 tradi
1539 1113 1712 1151 Satanae

143 1192 267 1231 quam
286 1179 337 1218 ad
355 1180 520 1228 tempus
538 1177 664 1216 vitari
689 1191 713 1216 a
738 1177 899 1225 ceteris,
919 1191 999 1228 quo
1023 1178 1153 1227 pudor
1176 1178 1226 1217 ad
1250 1176 1572 1227 resipiscentiam
1591 1177 1713 1216 addu-

143 1247 262 1284 ceret.
321 1243 429 1283 Nam
448 1243 491 1282 id
506 1243 703 1282 admiscet
721 1243 945 1282 sententiae
964 1243 1130 1291 Paulus,
1152 1242 1196 1280 in
1219 1242 1481 1281 afflictionem
1501 1242 1643 1290 carnis,
1665 1244 1712 1281 vt
1731 1256 1770 1288 95

142 1309 314 1359 spiritus
341 1309 482 1348 saluus
510 1307 582 1346 fiat
609 1308 655 1346 in
684 1307 748 1346 die
781 1308 980 1347 Domini:
1019 1310 1064 1346 vt
1091 1308 1180 1358 ipsa
1206 1320 1365 1357 quoque
1394 1306 1600 1354 seueritas,
1634 1305 1713 1356 qua

142 1375 331 1413 medetur
355 1373 473 1421 malo,
499 1372 626 1422 spiret
642 1372 835 1422 Apostoli
860 1372 1112 1412 charitatem.
1168 1373 1228 1411 At
1245 1385 1342 1410 mox
1365 1371 1540 1410 eundem
1561 1374 1713 1421 quanto

143 1439 279 1479 studio
297 1438 557 1478 commendat
575 1437 811 1485 Corinthiis,
828 1439 874 1476 vt
893 1439 1120 1476 correctum
1143 1437 1290 1475 blande
1312 1436 1511 1485 recipiant
1529 1436 1573 1473 in
1592 1449 1714 1474 suum

140 1504 404 1550 consortium,
428 1502 628 1541 sollicitus
648 1515 700 1540 ne
720 1501 904 1552 grauiore
923 1515 1106 1541 moerore
1125 1501 1418 1541 absorberetur.
1477 1500 1569 1539 Hac
1587 1513 1715 1550 poena

141 1572 234 1608 tum
253 1570 339 1607 erat
358 1568 551 1606 contenta
569 1566 718 1605 lenitas
735 1566 983 1616 Apostolica.
1736 1581 1795 1603 100

197 1633 364 1673 Adhaec
389 1645 483 1671 cum
511 1632 650 1682 plures
677 1634 812 1671 essent
840 1632 912 1682 qui
940 1633 1164 1682 peccarant,
1186 1631 1231 1670 in
1254 1644 1384 1670 vnum
1408 1632 1540 1678 modo,
1562 1644 1641 1680 quo
1660 1630 1714 1669 sit

143 1699 235 1738 aliis
253 1698 450 1747 exemplo,
473 1696 608 1735 voluit
627 1696 969 1744 animaduertere,
987 1696 1058 1734 sed
1080 1696 1174 1735 miti
1196 1696 1405 1746 supplicio,
1428 1697 1513 1734 imo
1536 1695 1714 1734 remedio

141 1764 279 1815 potius
308 1775 431 1813 quam
459 1761 668 1811 supplicio.
727 1762 890 1801 Ceteros
912 1775 984 1810 per
1009 1761 1203 1811 epistolas
1231 1762 1381 1800 crebris
1400 1761 1525 1800 minis
1544 1761 1712 1809 territat,

143 1842 225 1880 quo
253 1827 503 1877 resipiscant,
535 1826 668 1865 veluti
695 1839 779 1865 non
807 1826 1025 1865 habiturus
1051 1826 1259 1865 saeuiendi
1287 1826 1352 1865 ius
1378 1826 1421 1864 in
1448 1839 1517 1865 eos
1545 1825 1616 1875 qui
1644 1838 1717 1864 sua

145 1895 291 1944 sponte
308 1892 588 1942 resipuissent.
647 1891 770 1929 Nunc
797 1904 923 1941 quam
949 1891 1162 1941 tyrannice
1181 1891 1364 1930 seuimus
1386 1892 1429 1929 in
1448 1890 1713 1941 plebeculam,
1737 1903 1794 1936 105

145 1958 226 2008 ipsi
250 1958 369 1996 nobis
393 1956 628 2007 grauiorum
656 1956 858 1994 scelerum
887 1956 1060 1995 conscii!
1117 1956 1194 1995 Sed
1223 1956 1390 1995 interim
1420 1956 1544 1994 huius
1571 1955 1717 1994 incesti

146 2023 333 2063 damnati
363 2035 410 2060 ac
446 2022 598 2070 recepti
635 2023 889 2070 argumento,
929 2022 1144 2072 explosum
1175 2023 1239 2060 est
1272 2021 1418 2070 dogma
1449 2020 1635 2059 Montani
1671 2034 1716 2060 ac

147 2087 380 2135 Nouatiani,
404 2087 474 2136 qui
493 2086 656 2135 lapsum
683 2086 862 2134 grauiter
885 2099 908 2124 a
932 2087 1135 2136 baptismo
1161 2100 1245 2124 non
1271 2087 1473 2136 recipiunt
1491 2086 1534 2123 in
1553 2098 1716 2135 gregem

146 2152 439 2193 Christianum.
517 2151 763 2200 Quanquam
799 2151 1025 2200 Augustini
1061 2151 1315 2201 temporibus
1353 2151 1478 2190 semel
1518 2151 1717 2189 duntaxat

147 2218 320 2257 dabatur
356 2216 469 2255 locus
515 2215 700 2265 publicae
738 2216 1025 2264 poenitentiae,
1060 2230 1111 2254 ne
1150 2216 1355 2265 frequenti
1393 2228 1469 2254 vsu
1505 2215 1716 2254 vilesceret
1737 2227 1797 2249 110

145 2281 400 2327 remedium3
442 2279 606 2318 etiamsi
637 2279 808 2328 relapsis
840 2279 884 2317 in
916 2280 1025 2318 idem
1054 2280 1259 2330 flagicium
1288 2293 1372 2318 non
1399 2280 1545 2319 adimit
1576 2279 1716 2318 veniae

148 2360 263 2398 spem
280 2345 388 2396 apud
408 2345 555 2392 Deum,
578 2344 652 2382 hac
678 2344 728 2382 de
753 2357 795 2382 re
821 2344 1009 2393 pluribus
1034 2345 1236 2383 disserens
1261 2345 1306 2383 in
1332 2344 1501 2394 epistola
1519 2344 1570 2383 ad
1591 2344 1717 2382 Mace·

149 2412 331 2458 donium,
363 2422 465 2460 quae
491 2421 602 2447 nunc
630 2409 803 2447 habetur
830 2408 918 2447 liiii.
990 2409 1058 2447 Ab
1089 2409 1230 2447 eodem
1260 2408 1446 2458 exemplo
1476 2411 1592 2447 natae
1619 2410 1717 2447 sunt

146 2477 363 2515 canonicae
400 2473 703 2520 satisfactiones,
745 2486 844 2523 quas
881 2474 981 2512 olim
1024 2474 1304 2512 seuerissimas
1347 2474 1471 2512 fuisse
1514 2474 1719 2512 testantur

148 2543 334 2580 veterum
352 2538 596 2588 pontificum
616 2537 786 2577 decreta.
846 2538 913 2577 Ab
932 2539 998 2577 his
1016 2551 1160 2577 rursus
1179 2540 1288 2577 ortas
1306 2539 1472 2588 apparet
1491 2551 1590 2588 quas
1608 2551 1718 2577 nunc
1740 2551 1796 2583 ¹15

149 2605 275 2655 vulgo
311 2605 460 2643 vocant
496 2602 802 2652 indulgentias3
850 2603 1000 2653 quibus
1036 2603 1195 2642 vtinam
1231 2603 1349 2641 nobis
1385 2603 1596 2651 contingat
1633 2604 1718 2641 tam

151 2671 300 2721 pietate
337 2668 533 2707 ditescere
572 2680 694 2717 quam
732 2668 988 2718 quorundam
1026 2681 1142 2707 arcae
1178 2668 1362 2706 nummis
1394 2667 1717 2717 locupletantur!

155 2737 213 2774 Ac
241 2735 424 2784 primum
453 2732 502 2771 de
530 2733 674 2782 poenis
701 2732 940 2772 solennibus
967 2733 1017 2771 ab
1045 2733 1230 2782 episeopo
1258 2732 1426 2771 indictis
1464 2732 1718 2771 relaxabatur

149 2799 319 2849 aliquid,
347 2798 417 2837 sed
441 2799 485 2836 vt
510 2810 638 2848 parce,
663 2797 720 2836 ita
749 2810 832 2836 non
860 2798 940 2836 nisi
969 2797 1020 2836 ob
1048 2810 1192 2848 graues
1219 2797 1386 2847 piasque
1414 2810 1579 2845 causas;
1609 2809 1718 2836 nunc

387 2896 440 2935 85.
466 2895 504 2925 ni
522 2895 625 2927 fallor
640 2898 714 2927 add.
731 2896 759 2928 δ.
895 2896 964 2926 118.
989 2895 1039 2926 Ac
1056 2919 1064 2927 .
1083 2918 1091 2926 .
1109 2918 1118 2927 .
1139 2904 1209 2926 122.
1227 2904 1346 2926 causas
1362 2897 1434 2926 add.
1453 2906 1482 2933 η.

195 2974 246 3012 85.
272 2972 416 3013 Paulus]
446 2983 459 3003 1
485 2950 574 3003 ffiim.
591 2981 617 3004 1.
634 2982 694 3011 20;
710 2971 752 3003 cf.
768 2982 798 3004 2.
813 2972 901 3003 Tim.
1015 2971 1065 3002 86.
1091 2969 1219 3011 vnum]
1240 2980 1252 3000 1
1272 2970 1348 3001 Cor.
1367 2980 1395 3009 5.
1412 2979 1442 3010 5.

148 3026 181 3048 2.
204 3017 287 3057 17,8.
1021 3023 1091 3046 112.
1115 3013 1277 3054 epistola]
1293 3014 1380 3053 Aug.
1401 3017 1456 3051 Ep.
1477 3022 1548 3052 153.

890 3071 983 3108 112
