2034 3433
137 169 235 224 735]
1649 182 1725 226 165

496 262 631 315 735743
691 261 756 302 To
788 261 1070 304 PAsoHAsms
1100 263 1367 305 BERSELIUS.

179 359 366 396 Deventer
383 361 460 396 MS.
480 372 536 406 91,
556 361 580 396 f.
600 363 645 397 80
661 366 711 395 v0.
1383 365 1559 403 Louvain.

180 418 250 453 LB.
268 418 365 465 App.
387 430 466 463 217.
1259 435 1280 469 9
1298 423 1506 478 December
1524 425 1676 472 (1517>.

177 509 364 545 :Between
381 510 561 542 Erasmus)
578 512 787 543 settlement
806 514 843 543 at
866 512 1027 544 Louvain
1051 514 1089 544 in
1114 515 1198 553 July
1219 524 1300 554 1517
1320 515 1367 556 (p.
1387 518 1421 555 3)
1441 517 1512 548 rnd
1530 517 1592 547 the
1608 517 1723 557 publi-

550 555 667 585 cation
685 555 723 585 of
735 556 800 595 Ep.
818 557 880 594 748
896 557 935 587 in
953 555 998 587 D²
1018 558 1056 588 in
1073 559 1163 597 Aug.
1187 558 1298 599 1518.]

573 653 775 683 ERASMVS
808 654 1024 685 BERSELIO
1056 656 1137 685 SVO
1168 656 1200 685 S.
1229 656 1270 685 1).

182 743 274 782 Pno
308 746 371 782 tot
401 744 524 782 toties
563 744 749 793 repetitis
788 745 1069 793 ternionibus.
1092 747 1157 785 vir
1185 748 1352 797 optime,
1388 762 1530 798 precor
1563 753 1609 790 vt
1643 751 1719 789 tibi

128 809 256 847 semel
291 810 431 848 omnia
463 811 549 848 sint
577 824 627 848 ex
656 811 787 848 animi
820 811 882 849 tui
915 812 1130 850 sententia.
1203 814 1329 862 Apud
1368 814 1718 855 humanissimum

127 875 364 926 Principem
388 875 494 914 nihil
524 889 691 925 prorsus
718 877 865 925 ambio,
895 877 976 915 nisi
1006 877 1115 927 quod
1146 877 1261 916 heroi
1290 880 1498 929 suffragiis
1528 882 1717 920 omnium

129 941 415 979 laudatissimo
434 941 617 991 primum
638 943 772 990 notus,
792 942 939 981 deinde
959 942 1087 980 etiam
1107 944 1421 982 commendatus
1436 958 1524 984 esse
1540 946 1717 995 cupiam,

125 1005 368 1054 praesertim
398 1019 493 1044 cum
519 1006 555 1044 is
581 1009 723 1045 euecto
752 1007 955 1045 Aliandro
982 1007 1184 1045 bonarum
1211 1007 1446 1047 litterarum
1470 1011 1618 1059 mystis
1642 1023 1715 1049 ceu
1735 1021 1753 1055 5

123 1070 290 1121 signum
310 1071 517 1110 extulerit.
576 1071 777 1121 Baptista,
797 1073 833 1110 si
853 1073 975 1111 nobis
993 1073 1116 1119 fauet,
1139 1087 1223 1111 non
1244 1074 1460 1123 degenerat
1479 1076 1530 1114 ab
1551 1076 1716 1126 ingenio

126 1136 305 1175 fraterno
324 1150 334 1174 :
363 1136 488 1175 etiam
509 1139 632 1186 atque
652 1137 779 1176 etiam
798 1139 838 1175 te
858 1150 956 1187 rogo
977 1139 1023 1175 vt
1043 1138 1258 1176 hominem
1284 1139 1386 1177 meis
1406 1140 1542 1178 verbis
1561 1141 1715 1180 salutes

123 1200 356 1251 diligenter.
416 1202 596 1241 Domino
622 1202 763 1251 Leoni,
786 1205 960 1253 patrono
989 1204 1120 1242 veteri
1146 1206 1187 1242 et
1212 1205 1332 1243 vnice
1360 1205 1626 1256 obseruando,
1651 1208 1713 1246 fac

122 1279 190 1305 me
223 1268 485 1306 commendes
514 1281 599 1306 non
633 1268 868 1317 vulgariter.
944 1270 1198 1308 Fortunatus
1227 1270 1332 1308 mihi
1360 1270 1502 1310 videor
1529 1273 1595 1310 cui
1623 1286 1712 1311 con·

119 1331 261 1381 tigerit
288 1333 333 1370 in
363 1332 452 1371 eius
479 1333 559 1371 viri
589 1333 779 1373 cubiculo
807 1335 986 1382 versari;
1015 1335 1151 1373 nescio
1181 1349 1260 1385 quo
1293 1338 1412 1384 pacto
1441 1337 1550 1374 mihi
1579 1338 1711 1388 magis
1734 1348 1773 1371 10

118 1397 304 1436 arrident
342 1397 491 1446 omnia,
527 1399 688 1448 quoties
725 1400 761 1437 is
792 1402 832 1438 et
867 1402 985 1438 autor
1017 1403 1057 1438 et
1095 1400 1244 1449 hospes
1282 1400 1483 1439 domicilii
1520 1402 1636 1441 venit
1667 1403 1709 1441 in

117 1464 314 1501 mentem.
375 1463 583 1502 Salutabis
624 1466 665 1503 et
704 1465 977 1514 Gaspardum,
1013 1466 1227 1504 hominem
1265 1468 1312 1504 vt
1349 1466 1456 1504 mihi
1494 1467 1611 1506 visus
1649 1472 1711 1507 est

115 1527 336 1574 eruditum,
367 1529 475 1578 quod
507 1529 553 1566 in
582 1529 773 1579 theologo
802 1544 960 1569 nouum
990 1544 1073 1569 non
1102 1533 1176 1578 est,
1209 1531 1295 1578 sed,
1325 1531 1433 1580 quod
1463 1544 1603 1570 rarum
1633 1535 1705 1580 est,

116 1592 243 1632 etiam
281 1606 441 1632 comem
475 1607 521 1632 ac
559 1594 772 1633 festiuum.
830 1596 891 1634 De
930 1597 1100 1634 Andrea
1137 1595 1413 1634 Hoechstrato
1442 1596 1573 1635 miror
1601 1597 1706 1636 nihi]

117 1658 261 1697 audiri.
321 1658 439 1706 Quod
474 1660 719 1698 muneribus
746 1659 895 1699 aulicis
924 1674 990 1699 me
1019 1673 1228 1710 prouocas,
1261 1674 1346 1699 non
1375 1662 1538 1700 certabo
1569 1664 1705 1701 tecum
1729 1671 1766 1702 Ι5

113 1724 158 1761 in
190 1723 432 1773 praesentia.
503 1724 684 1763 Tantum
723 1725 1003 1775 Paraphrasin
1034 1726 1156 1764 mitto
1193 1725 1307 1764 velut
1344 1726 1588 1765 arrabonem
1627 1741 1707 1777 quo

111 1801 178 1827 me
196 1788 276 1826 tibi
295 1789 450 1828 arctius
468 1789 738 1840 obstringam.

166 1853 294 1892 Dabis
312 1853 490 1902 veniam,
513 1854 573 1892 mi
593 1855 802 1904 Paschasi,
825 1856 896 1905 qui
917 1858 1005 1894 tam
1025 1855 1208 1905 neglecte
1227 1855 1359 1894 scribo
1379 1856 1429 1894 ad
1451 1857 1490 1893 te
1511 1857 1598 1894 tam
1618 1870 1704 1895 non

113 1917 416 1971 negligendumv
441 1919 632 1958 amicum.
693 1921 774 1960 Sed
807 1923 970 1971 praeter
1002 1921 1229 1959 immensos
1265 1921 1501 1959 studiorum
1535 1921 1703 1960 sudores

113 1982 260 2032 quibus
292 1996 403 2022 nunc
433 1984 647 2033 distineor,
677 1987 739 2024 tot
768 1986 949 2037 vndique
978 1985 1213 2024 litterarum
1242 1986 1448 2024 fasciculis
1479 1985 1630 2024 obruor
1657 1988 1702 2025 vt
1727 1998 1766 2020 20

112 2061 164 2085 ne
186 2049 298 2086 totus
324 2047 491 2098 quidem
519 2062 564 2087 ac
589 2063 743 2089 vacuus
768 2051 818 2089 ad
846 2051 922 2089 hoc
943 2063 1075 2088 vnum
1095 2050 1343 2089 suffecturus
1361 2051 1453 2088 sim.
1516 2050 1702 2089 Efficiam

112 2115 253 2151 tamen
276 2114 322 2151 vt
344 2113 554 2163 intelligas
579 2115 686 2153 mihi
716 2116 986 2155 Paschasium
1009 2116 1119 2154 haud
1144 2129 1350 2165 quaquam
1370 2115 1479 2153 inter
1498 2115 1702 2165 gregarios

109 2176 263 2215 amicos
278 2190 365 2215 esse
381 2178 592 2228 scriptum.
651 2181 765 2219 Bene
779 2180 881 2218 vale.
937 2181 1113 2219 Louanii
1130 2181 1328 2230 postridie
1343 2180 1635 2230 Oonceptionis
1647 2181 1696 2218 V.

151 2300 183 2329 3.
206 2270 284 2322 ‡.B:
309 2291 435 2322 Heroii
450 2294 518 2323 MS.
1336 2294 1384 2323 18.
1412 2293 1571 2332 neglecte
1588 2293 1700 2323 scribo

108 2336 218 2371 scripsi
233 2346 240 2365 ε
263 2334 423 2374 neglecto
438 2338 506 2366 MS.

631 2303 660 2331 5.
686 2294 815 2332 mystis
829 2296 943 2330 scripsi
958 2304 965 2323 :
990 2296 1124 2332 mystes
1139 2296 1207 2324 MS.

644 2346 695 2374 23.
721 2337 892 2376 postridie
908 2340 978 2368 MS.

940 2456 985 2486 he
1035 2457 1176 2486 became
1220 2455 1456 2495 joint-regent
1504 2455 1595 2486 with
1635 2456 1696 2486 the

782 2456 869 2487 “ood

781 2480 801 2496 Ο
937 2500 1121 2530 founder’s
1137 2508 1201 2530 son
1212 2499 1243 2529 N
1245 2498 1390 2531 icholas.
1428 2498 1484 2529 He
1497 2508 1570 2529 was
1580 2500 1696 2530 rector

151 2463 180 2486 1.
205 2454 449 2496 ternionibus]
499 2455 643 2495 triplets
695 2456 734 2486 of

106 2498 236 2529 wishes
251 2508 259 2536 3
283 2508 310 2529 e.
321 2508 352 2537 g.
372 2498 434 2538 Ep.
451 2499 526 2537 619.
540 2509 592 2537 39.

149 2550 179 2581 5.
205 2541 400 2582 Aliandro]
418 2542 523 2573 Dela
550 2542 671 2573 Mai-ck
695 2543 767 2574 had
791 2552 867 2582 pre-

104 2585 230 2615 sented
255 2585 333 2616 him
357 2587 394 2615 to
416 2586 479 2616 the
505 2585 802 2627 Chaneellorship
832 2587 871 2618 of

106 2627 272 2659 chartres
284 2628 322 2658 in
338 2628 360 2659 J
363 2628 427 2668 uly
445 2638 526 2668 1517
540 2640 548 2668 3
573 2629 645 2660 and
658 2631 721 2661 the
737 2630 865 2661 formal

105 2670 300 2702 admission
317 2672 401 2702 took
420 2672 520 2711 place
536 2683 581 2703 on
602 2683 641 2704 10
657 2674 751 2713 Sept.
799 2674 864 2704 See

104 2714 165 2745 Al.
191 2714 228 2745 E.
261 2715 298 2745 ii.
325 2725 422 2754 9152,
448 2716 519 2747 and
544 2717 603 2747 his
628 2720 775 2757 Journal,
806 2718 859 2748 ed.

103 2757 244 2796 Omont,
262 2767 296 2798 p.
316 2768 364 2797 ¹7·

147 2802 178 2832 8.
204 2801 332 2842 Leoni]
371 2801 438 2832 Leo
476 2803 605 2834 Outers
653 2803 693 2834 of
738 2803 860 2835 Hond-

106 2844 256 2884 schoote,
285 2854 397 2875 canon
420 2845 494 2876 and
516 2847 719 2878 chancellor
741 2847 781 2878 of
799 2848 861 2878 the

103 2887 285 2919 cathedral
309 2887 382 2918 and
401 2891 544 2927 provost
562 2891 600 2920 of
620 2890 669 2922 St.
692 2889 810 2921 Paul's
825 2893 861 2922 at

101 2931 216 2971 Liege.
262 2931 308 2962 In
323 2933 519 2963 succession
537 2934 574 2963 to
595 2933 697 2964 Chae.
713 2934 862 2965 Virulus

103 2976 180 3015 (†11
198 2974 282 3014 May
300 2975 410 3014 1493),
429 2975 493 3006 the
514 2976 667 3008 founder
691 2977 763 3007 and
784 2977 862 3009 first

101 3021 224 3058 regent
237 3018 277 3048 of
283 3018 345 3050 the
355 3018 496 3059 College
507 3019 555 3050 du
566 3020 627 3051 Lis
639 3022 675 3051 at
687 3021 858 3060 Louvain,

936 2543 975 2573 of
987 2543 1050 2574 the
1070 2543 1280 2582 University
1297 2543 1386 2582 Aug.
1406 2552 1487 2581 1499
1509 2542 1580 2573 and
1600 2551 1693 2581 1502,

935 2587 1008 2617 and
1025 2588 1167 2617 became
1191 2585 1374 2616 licentiate
1396 2586 1434 2616 of
1451 2586 1575 2617 Canon
1598 2586 1692 2616 Law.

935 2631 989 2661 On
1005 2630 1148 2669 leaving
1164 2629 1325 2660 Louvain
1347 2630 1392 2660 he
1410 2629 1569 2659 founded
1592 2629 1694 2660 three

935 2674 1095 2704 bursaein
1110 2673 1167 2703 his
1185 2673 1328 2712 college.
1369 2673 1439 2703 His
1458 2674 1672 2712 ‘patronage
1684 2671 1691 2681 ’

931 2718 970 2747 of
984 2718 1151 2747 Erasmus
1167 2716 1337 2756 probably
1353 2715 1460 2747 dated
1476 2718 1566 2746 from
1588 2725 1693 2754 1502—

929 2771 962 2800 3.
997 2760 1061 2791 See
1076 2760 1154 2790 Val.
1171 2759 1343 2798 Andreas,
1354 2762 1538 2790 Fasttacafc.
1556 2762 1689 2799 Louan„

929 2815 985 2844 pp.
1005 2813 1056 2843 40⁷
1077 2805 1151 2843 261,
1169 2805 1243 2834 262.

976 2857 1023 2877 12.
1052 2845 1290 2886 Gaspardum]
1310 2845 1362 2876 Of.
1380 2847 1442 2884 Ep.
1462 2846 1535 2884 718.
1553 2846 1575 2875 6
1589 2855 1627 2877 11.

975 2900 1024 2928 14.
1049 2889 1304 2930 Hoechstrato]
1319 2889 1383 2920 See
1400 2890 1461 2928 Ep.
1481 2899 1556 2929 299.

975 2935 1025 2965 16.
1051 2933 1308 2973 Paraphrasin]
1348 2943 1395 2963 on
1419 2932 1481 2963 the
1509 2933 1688 2970 Romans;

929 2977 991 3008 the
1016 2976 1102 3017 only
1130 2987 1198 3007 one
1229 2975 1422 3016 published
1446 2976 1564 3006 before
1594 2984 1686 3015 1519.

929 3021 979 3052 Cf.
1001 3021 1064 3060 Ep.
1079 3030 1096 3058 7
1104 3021 1151 3051 18.
1170 3030 1201 3059 3.
