2034 3433
189 398 230 428 40

197 1699 239 1731 60

204 2360 243 2393 70

246 151 327 188 348
709 150 959 190 LETTERS
999 150 1069 190 OF
1106 149 1372 189 ERASMUS
1718 147 1759 202 [1
1768 159 1790 197 5
1799 162 1813 186 1
1822 150 1844 185 8

247 253 435 292 sedatum
458 267 549 293 esse
565 253 687 303 (quod
717 254 899 291 maxime
926 253 1125 302 oportuit)
1152 255 1291 291 ortum
1317 266 1342 292 a
1366 252 1687 292 Coloniensibus
1710 253 1846 291 incen-

247 319 387 357 dium:
429 320 580 369 quibus
611 332 708 357 sane
739 319 868 357 miror
897 319 968 368 qui
996 320 1085 357 tam
1113 319 1305 368 ineptum
1334 318 1558 368 quicquam
1586 318 1632 355 in
1661 319 1848 356 mentem

248 385 392 422 venire
420 385 565 434 quiuit,
590 386 637 422 vt
667 383 1008 422 Lamentationes
1036 383 1133 422 illas
1162 382 1372 432 ridiculas,
1401 383 1563 431 stultas,
1584 383 1753 421 insanas
1782 382 1849 421 vel

248 452 544 499 componerent
582 449 649 487 vel
689 448 949 499 euulgarent.
1009 448 1226 487 Praeterea
1270 450 1411 487 autem
1450 448 1551 499 quid
1588 449 1731 486 minus
1769 447 1850 486 fuit

249 528 352 565 opus
388 528 513 564 quam
547 527 620 552 ceu
656 513 819 564 dialogo
853 515 1065 563 morologo
1097 514 1253 553 vulnus
1287 514 1473 552 effecisse
1502 516 1549 552 vt
1580 512 1847 560 recruduerit,

249 580 357 630 quod
379 580 531 618 callum
551 581 636 618 iam
657 593 762 630 pene
783 580 1009 619 obduxerat
1022 582 1042 619 ⁸?
1098 580 1295 618 Miseram
1307 593 1405 618 vero
1425 580 1662 618 studiorum
1681 580 1849 625 sortem,

249 645 307 682 sic
328 645 364 682 si
384 647 561 695 pergant
578 646 734 684 eruditi
754 646 941 695 ineptire.
983 647 1023 684 A
1045 646 1250 685 Fabristis
1270 646 1484 685 nihildum
1504 659 1637 696 neque
1656 644 1850 683 videmus

212 722 381 759 :neque
410 710 616 749 audimus.
675 711 831 750 Verum
865 712 963 762 quid
998 714 1056 759 tu,
1080 712 1238 761 optime
1264 712 1471 750 Era-sme‘?
1517 724 1571 750 an
1600 710 1685 749 vlla
1717 707 1853 759 possit

249 789 337 813 esse
368 776 507 814 futura
536 778 623 814 tam
653 777 797 815 acerba
826 778 1063 816 studiorum
1102 780 1272 827 tamque
1300 777 1559 816 ineuitabilis
1590 775 1775 815 conditio
1805 775 1853 813 vt

250 842 301 879 ob
327 855 417 879 eam
442 842 519 880 tibi
546 842 743 881 valeant?
794 844 861 882 Ita
876 846 1002 882 natus
1028 857 1083 891 es,
1106 844 1165 882 ita
1185 844 1421 892 institutus,
1444 844 1504 882 ita
1523 846 1564 882 te
1590 839 1852 892 comparasti,

250 908 296 944 vt
319 907 517 956 quicquid
546 908 825 947 subnascatur
848 908 1013 956 durum,
1034 909 1273 957 molestum,
1296 908 1538 959 perplexum
1566 909 1612 947 in
1642 907 1788 953 literis,
1809 903 1853 943 id

251 974 297 1009 tu
326 985 435 1011 vnus
466 973 600 1020 obeas‚
623 974 743 1022 feras,
768 974 942 1013 deuores
970 975 1135 1024 publice
1166 975 1402 1013 studiorum
1427 973 1624 1013 vtilitatis
1649 973 1851 1022 respectu,

251 1035 461 1076 Libellum
482 1038 532 1077 de
552 1039 664 1078 Iulio
685 1053 720 1078 P.
740 1053 781 1078 M.
805 1040 932 1079 coelis
960 1040 1128 1079 excluso
1155 1041 1313 1090 passim
1336 1041 1481 1090 legunt
1501 1053 1660 1088 omnes,
1684 1040 1726 1076 et
1742 1035 1852 1076 haud

253 1103 336 1140 scio
371 1117 451 1153 quo
484 1106 603 1154 pacto
637 1106 754 1154 pauci
792 1106 1015 1145 damnant:
1057 1107 1137 1144 etsi
1168 1108 1214 1144 tu
1247 1106 1418 1156 quidem
1449 1107 1561 1144 iusta
1594 1106 1640 1144 in
1668 1106 1854 1143 autorem

254 1168 412 1207 ratione
446 1170 728 1218 stomacheris,
760 1172 833 1221 qui
871 1171 1012 1210 literas
1047 1171 1147 1210 facit
1186 1184 1287 1220 esse,
1320 1172 1357 1210 si
1388 1184 1605 1222 nunquam
1638 1171 1754 1219 alias,
1777 1170 1854 1208 hac

254 1235 435 1273 maxime
455 1237 702 1285 tempestate
720 1237 894 1276 inuisas.

309 1299 527 1339 Caeterum
564 1302 642 1340 1100
682 1303 780 1352 quid
814 1316 905 1342 esse
940 1303 1130 1350 dixerim,
1166 1303 1226 1341 mi
1260 1302 1467 1341 Erasme‘?
1523 1303 1585 1341 Tu
1620 1304 1736 1342 vetas
1769 1302 1856 1341 tuis

201 1380 232 1411 '.
255 1365 388 1404 literis
423 1368 697 1416 responderi?
740 1369 848 1418 quod
873 1369 1068 1407 videlicet
1098 1368 1338 1419 propediem
1366 1368 1447 1407 huc
1476 1369 1534 1407 sis
1565 1368 1787 1418 rediturus,
1812 1369 1857 1407 ni

255 1444 319 1469 res
349 1432 572 1481 postularit
602 1432 771 1472 Italiam
790 1436 837 1473 vt
868 1434 1001 1473 adeas.
1061 1434 1169 1483 Quid
1198 1434 1235 1472 si
1263 1435 1374 1473 istuc
1402 1447 1468 1473 res
1498 1434 1731 1484 postularit,
1754 1448 1857 1485 quae

256 1497 345 1544 erit,
368 1497 546 1546 obsecro,
578 1500 736 1537 occasio
782 1501 932 1548 tecum,
950 1500 1116 1550 quando
1149 1513 1285 1538 coram
1320 1513 1405 1538 non
1438 1499 1588 1548 licebit,
1610 1514 1685 1555 per
1713 1500 1855 1538 literas

256 1561 550 1611 colloquendi?
598 1565 690 1613 quis
726 1566 805 1602 erit
834 1567 922 1603 tam
957 1568 1093 1604 certus
1127 1564 1403 1604 tabellarius?
1459 1565 1578 1614 Quod
1611 1566 1649 1604 si
1686 1578 1855 1615 prorsus

257 1626 411 1675 redeas,
442 1628 668 1678 scriptione
702 1630 802 1679 quid
842 1630 949 1668 mihi
987 1631 1127 1680 perit?
1174 1630 1382 1680 siquidem
1419 1632 1461 1668 te
1493 1631 1595 1678 scio,
1618 1644 1855 1682 quanquam

261 1694 640 1743 occupatissimum,
665 1695 731 1733 vel
756 1696 866 1734 inter
893 1696 1182 1746 prandendum
1210 1696 1377 1734 tantum
1406 1696 1606 1745 temporis
1635 1695 1858 1734 suffuratu-

261 1771 367 1807 rum,
391 1773 471 1809 quo
504 1760 726 1809 epistolam
760 1761 868 1799 hanc
897 1762 1020 1811 legas,
1046 1762 1126 1800 etsi
1154 1762 1341 1812 ineptam
1370 1763 1495 1812 atque
1523 1761 1737 1800 incultam.
1797 1761 1859 1800 De

260 1824 412 1873 Anglis
433 1825 585 1875 recipio
606 1839 674 1864 me
694 1829 949 1865 curaturum.
1006 1827 1244 1866 Venerabili
1268 1827 1438 1865 domino
1458 1827 1512 1865 M.
1536 1828 1679 1865 nostro
1692 1827 1856 1874 Atensi,

260 1890 316 1927 ita
341 1891 403 1928 vti
436 1891 631 1940 iusseras,
656 1894 697 1930 te
723 1905 849 1942 quam
877 1893 1189 1931 accuratissime
1218 1892 1521 1931 commendaui.
1580 1892 1709 1931 Crede
1737 1892 1856 1940 mihi,

263 1954 445 2004 Erasme,
467 1956 591 1995 homo
620 1956 733 1996 illico
763 1958 813 1996 ad
844 1959 964 1996 tuum
994 1971 1147 1996 nomen
1177 1957 1340 1996 exiliuit
1368 1957 1538 2007 gaudio:
1568 1959 1661 2006 post
1685 1957 1859 2007 longum

222 2038 236 2068 .·
259 2021 308 2058 de
328 2022 367 2058 te
388 2034 564 2071 eumque
586 2022 864 2062 honorificum
884 2024 930 2061 in
953 2023 1102 2073 primis
1123 2036 1374 2072 sermonem,
1399 2023 1525 2062 iussit
1544 2025 1590 2061 vt
1609 2037 1654 2061 se
1672 2023 1860 2062 vicissim

261 2086 349 2133 tibi,
386 2089 591 2136 quantum
625 2101 804 2138 possem,
840 2089 1188 2137 commendarem,
1210 2091 1257 2127 vt
1287 2089 1337 2128 de
1376 2101 1420 2127 se
1455 2089 1596 2127 omnia
1632 2087 1711 2127 tibi
1744 2088 1862 2139 polli-

260 2152 418 2190 cereris.

314 2216 526 2267 Magnifici
559 2219 720 2257 domini
759 2219 1005 2258 Cancellarii
1039 2220 1308 2269 Burgundiae
1348 2221 1527 2258 mortem
1562 2220 1647 2258 scio
1678 2219 1733 2258 ab
1767 2219 1862 2258 aliis

262 2283 512 2332 nunciatam,
549 2286 594 2322 vt
642 2297 729 2323 non
773 2285 830 2323 sit
867 2298 970 2334 opus
1011 2284 1195 2324 dolorem
1239 2287 1362 2323 tuum
1405 2285 1539 2323 denuo
1581 2284 1858 2323 exhulcerare.

264 2348 520 2397 Linguarum
565 2350 767 2400 professio
812 2351 982 2400 pulchre
1021 2350 1130 2400 apud
1168 2364 1243 2389 nos
1280 2350 1529 2400 procederet,
1575 2350 1613 2388 si
1653 2350 1862 2400 stipendia

263 2413 431 2452 tandem
450 2414 742 2454 exoluerentur
761 2418 802 2454 et
823 2416 1036 2454 doceretur
1054 2416 1205 2465 gratis:
1235 2415 1391 2465 alioqui
1410 2415 1491 2454 scis
1511 2428 1559 2453 eo
1578 2414 1862 2454 Louanienses

265 2479 429 2528 ingenio
447 2481 495 2517 vt
514 2493 632 2530 aegre
659 2481 882 2531 quicquam
901 2481 1012 2520 dent.
1073 2480 1123 2519 Id
1136 2480 1313 2530 quidem
1333 2480 1439 2518 male
1459 2479 1585 2518 habet
1605 2480 1861 2518 Matthaeum

306 2606 359 2635 47.
384 2597 528 2628 valeant
542 2600 572 2628 E
587 2610 594 2628 ι
617 2598 756 2630 vileant
771 2601 812 2630 H.
928 2609 965 2630 es
979 2602 1055 2630 add.
1071 2600 1113 2629 H.
1267 2608 1319 2636 50.
1344 2608 1373 2628 P.
1386 2607 1421 2629 M.
1438 2608 1497 2628 om.
1513 2600 1556 2629 H.
1691 2606 1743 2636 52.
1769 2606 1861 2627 nun-

264 2649 371 2678 quam
386 2643 437 2670 E:
460 2651 619 2679 vnquam
637 2644 678 2672 N.
813 2643 865 2682 58.
891 2642 989 2682 Quod
1006 2645 1053 2674 E:
1079 2641 1172 2681 Quid
1191 2643 1231 2671 N.
1363 2642 1416 2673 62.
1441 2641 1486 2672 M.
1504 2641 1629 2672 nostro
1645 2650 1704 2671 om.
1720 2643 1763 2671 H.

308 2757 360 2793 38.
386 2766 405 2786 a
417 2756 708 2798 Coloniensibus]
720 2757 772 2789 Cf.
788 2759 874 2798 Epp.
890 2767 962 2797 794.
974 2767 1026 2797 35,
1098 2757 1197 2787 them
1211 2756 1239 2794 ';
1268 2757 1310 2788 cf.
1330 2757 1405 2788 Ter.
1424 2759 1530 2788 Andr.
1550 2757 1626 2795 696.

265 2801 337 2830 821.
360 2800 408 2830 18,
1141 2810 1195 2839 50.
1220 2800 1333 2841 Iulio]
1351 2800 1416 2831 See
1433 2799 1498 2840 Ep.
1512 2809 1575 2838 502
1589 2799 1720 2830 introd.

310 2853 361 2879 40.
387 2843 695 2885 Lamentationes]
719 2844 773 2876 Cf.
788 2845 851 2884 Ep.
867 2847 941 2875 622.
1140 2844 1192 2874 68.
1217 2843 1386 2884 mortem]
1416 2844 1466 2875 At
1494 2843 1690 2884 Saragossa,
1722 2852 1740 2882 7
1767 2843 1862 2873 June

310 2896 361 2922 42.
386 2886 543 2928 dialogo]
575 2888 648 2918 The
686 2889 827 2924 Defensio
867 2891 1032 2919 Reuchlz'm
1103 2888 1196 2927 1518.

284 2929 346 2967 Ep.
365 2931 440 2960 680.
454 2932 496 2960 26
508 2931 561 2972 11.)
576 2931 696 2962 which
709 2932 740 2962 is
753 2932 793 2961 in
809 2931 872 2962 the
887 2932 981 2962 form
998 2931 1036 2962 of
1145 2941 1195 2969 70.
1223 2929 1420 2971 stipendia]
1438 2930 1490 2962 cf.
1510 2940 1543 2970 p.
1563 2939 1635 2969 113.

267 2982 287 3001 a
299 2971 471 3011 dialogue.
1145 2984 1196 3013 72.
1225 2972 1463 3014 Matthaeum]
1477 2974 1636 3011 Adrian3
1652 2972 1695 3003 cf.
1709 2973 1770 3012 Ep.
1787 2970 1861 3001 686.

312 3025 363 3053 47.
382 3016 449 3045 tibi
462 3017 622 3057 valeant]
641 3021 649 3035 ‘
660 3027 730 3057 you
743 3018 873 3049 should
887 3018 1033 3049 dismiss
1107 3027 1176 3056 511.
1192 3017 1266 3048 and
1284 3017 1311 3048 E
1330 3020 1363 3047 in
1379 3027 1481 3054 marq.
