2034 3433
318 151 396 190 194
779 150 1029 190 LETTERS
1068 149 1136 186 OF
1175 149 1443 188 ERASMUS
1781 147 1906 202 [1518

315 253 360 291 in
379 253 634 291 immensum
653 251 851 290 attollens
872 250 1026 296 omnia,
1049 250 1094 287 vt
1120 262 1196 287 nec
1223 249 1431 299 deprecari
1459 249 1581 288 liceat
1609 251 1718 298 quod
1743 251 1816 291 illa
1845 254 1908 291 tot

314 318 470 367 linguis
493 318 650 364 tribuit,
674 329 749 354 nec
771 315 879 354 tueri
904 327 1052 365 queam
1072 314 1182 364 quod
1202 313 1395 364 imponit.
1457 313 1549 353 Scio
1573 314 1682 352 nihi‘l
1707 329 1795 355 esse
1820 318 1908 366 pul-

315 383 455 421 chrius
475 396 598 432 quam
618 380 875 432 principibus
894 379 1100 430 placuisse
1120 378 1223 419 viris
1243 393 1251 425 ;
1280 379 1352 417 sed
1373 379 1543 418 interim
1563 379 1665 418 dum
1685 380 1774 430 ipse
1794 381 1909 420 domi

315 461 382 485 me
406 460 497 485 meo
523 447 672 485 metior
697 445 811 495 pede,
835 458 961 495 quam
987 447 1152 495 gratum
1179 445 1242 483 est
1263 443 1404 482 animo
1425 457 1494 483 eos
1514 444 1628 483 viros
1647 444 1751 483 bene
1770 446 1820 484 de
1840 459 1907 485 me

256 522 298 544 10
315 512 476 560 sentire,
502 511 653 561 quibus
679 513 725 548 vt
751 510 918 560 probari
940 510 1271 559 pulcherrimum
1298 512 1370 558 est,
1395 509 1454 548 ita
1479 509 1694 559 displicere
1721 511 1908 561 turpissi-

313 589 441 623 mum,
464 578 553 614 tam
572 575 797 614 molestum
817 577 879 614 est
898 575 1008 614 nihil
1032 589 1119 614 esse
1139 574 1249 625 quod
1269 574 1440 613 illorum
1460 575 1526 613 vel
1544 575 1699 613 amicae
1719 576 1769 614 de
1788 575 1909 615 nobis

314 641 499 691 opinioni
525 641 591 679 vel
618 640 859 690 magnificae
886 640 1162 690 expectationi
1189 639 1464 690 respondeat:
1492 642 1540 679 vt
1564 640 1649 678 iam
1674 653 1759 680 non
1779 640 1907 680 aliam

312 706 487 755 gratiam
517 706 650 744 famae
676 705 945 744 buccinatrici
974 706 1145 744 debeam
1172 718 1298 755 quam
1324 704 1515 743 indoctus
1541 705 1801 744 citharoedus
1824 706 1862 744 ei
1885 719 1908 744 a

314 783 393 819 quo
432 770 476 808 in
515 770 727 809 theatrum
768 770 1159 820 frequentissimum
1200 770 1451 819 producatur
1483 782 1604 808 aurea
1632 763 1752 820 palla,
1784 784 1908 809 aurea

255 849 295 880 15
313 835 490 885 insignis
515 835 685 883 cithara,
708 849 817 883 mox,
841 837 888 874 vt
917 849 1063 874 canere
1095 835 1259 885 ceperit,
1281 834 1557 873 exibilandus.
1618 835 1736 873 Nihil
1765 836 1811 874 in
1840 850 1907 875 me

313 900 558 939 visendum:
588 903 629 939 et
653 902 797 939 tamen
822 901 857 938 si
878 901 977 950 quid
999 902 1071 948 est,
1095 901 1135 939 id
1156 900 1518 939 lucubrationibus
1537 900 1643 939 meis
1667 913 1907 951 expressum

314 966 384 1004 est.
435 965 530 1004 Illic
547 966 706 1016 optima
722 966 854 1004 nostri
873 979 969 1016 pars
989 969 1052 1005 est
1068 980 1077 1014 3
1108 966 1215 1016 quod
1232 967 1431 1016 superest,
1447 966 1665 1004 theruncio
1680 979 1766 1005 non
1780 980 1912 1010 emas.

367 1031 567 1069 Attamen
589 1033 678 1069 tam
698 1033 885 1069 amanter
903 1031 1108 1070 inuitatus
1135 1030 1403 1081 cupidissime
1429 1031 1688 1070 aduolassem
1713 1031 1764 1070 ad
1790 1034 1908 1071 tuam

313 1095 614 1135 celsitudinem.
678 1096 757 1134 Sed
786 1096 971 1146 primum
1001 1096 1177 1134 deterret
1208 1095 1370 1134 coelum
1402 1096 1625 1146 plusquam
1656 1096 1905 1145 hybernum,

257 1177 296 1197 20
314 1161 461 1199 deinde
480 1161 674 1200 valetudo
694 1174 789 1200 cum
807 1175 881 1211 per
901 1175 944 1200 se
963 1161 1183 1209 imbecilla,
1198 1162 1291 1199 tum
1307 1161 1542 1200 immodicis
1561 1161 1606 1199 in
1626 1161 1778 1211 quibus
1796 1167 1909 1201 1111110

315 1239 455 1264 versor
480 1226 690 1265 laboribus
716 1227 775 1265 sic
802 1226 950 1265 afflicta
974 1229 1019 1265 vt
1047 1240 1137 1265 eam
1160 1227 1232 1265 vix
1257 1227 1370 1265 domi
1395 1226 1562 1265 abditus
1588 1229 1717 1266 tuear.
1776 1228 1909 1267 Tanta

314 1291 427 1330 enim
447 1292 713 1330 contentione
737 1292 891 1330 desudo
914 1292 960 1330 111
980 1292 1100 1330 Nouo
1121 1293 1385 1331 Testamento
1410 1292 1563 1331 iterum
1588 1292 1840 1342 innouando,
1855 1296 1909 1332 vt

314 1357 402 1406 ipse
429 1356 495 1395 his
524 1356 872 1405 inueterauerim3
907 1356 1088 1407 dumque
1112 1357 1218 1395 illud
1242 1370 1266 1395 a
1291 1357 1405 1396 senio
1432 1358 1597 1407 situque
1623 1358 1800 1407 vindico,
1822 1359 1910 1408 ipse

316 1420 422 1459 mihi
441 1421 655 1471 geminum
676 1423 842 1460 senium
867 1435 913 1460 ac
937 1422 1068 1460 situm
1087 1421 1375 1461 contraxerim.
1432 1422 1605 1461 Certum
1625 1424 1688 1461 est
1704 1423 1818 1461 enim
1837 1426 1909 1462 aut

259 1501 296 1533 25
315 1485 485 1524 immori
505 1486 673 1536 negocio
694 1486 823 1525 semel
843 1488 1047 1536 suscepto,
1069 1489 1142 1525 aut
1161 1486 1244 1525 tale
1262 1486 1432 1525 reddere
1450 1487 1498 1525 vt
1523 1488 1564 1525 et
1586 1487 1724 1541 Leone
1751 1487 1909 1526 decimo

316 1550 490 1599 dignum
519 1551 710 1589 videatur
738 1554 778 1590 et
807 1552 1057 1601 posteritate.
1118 1552 1208 1590 Iam
1239 1565 1336 1590 vero
1366 1565 1413 1590 eo
1441 1552 1647 1601 progressi
1675 1565 1820 1591 sumus
1848 1554 1906 1600 vt,

316 1615 412 1653 licet
438 1615 589 1654 mediis
615 1615 748 1654 adhuc
775 1616 818 1654 in
846 1616 1041 1655 fiuctibus
1066 1616 1290 1664 luctemur,
1309 1617 1450 1654 tamen
1474 1616 1616 1666 procul
1641 1619 1785 1666 portus
1810 1631 1908 1668 pau-

316 1679 434 1718 latim
467 1693 553 1719 sese
587 1681 768 1730 aperiat:
820 1681 864 1719 in
904 1694 1037 1730 quem,
1073 1681 1108 1719 si
1146 1680 1304 1720 Christi
1336 1681 1611 1730 aspirauerint
1643 1695 1780 1735 aurae,
1814 1685 1910 1722 ante

318 1745 674 1795 quadragesimam
694 1746 962 1796 appellemus.
1025 1746 1133 1784 Tum
1154 1748 1194 1784 et
1214 1746 1326 1784 coelo
1350 1746 1518 1784 mitiore
1544 1748 1585 1784 et
1611 1746 1751 1785 animo
1776 1747 1911 1796 magis

254 1828 302 1859 *30
318 1822 445 1847 vacuo
471 1822 683 1848 accurram
713 1810 764 1848 ad
796 1810 1183 1849 reuerendissimam
1211 1811 1503 1861 paternitatem
1528 1813 1654 1861 tuam,
1678 1811 1745 1849 vel
1772 1812 1912 1850 hirun-

318 1874 435 1913 dines
451 1889 496 1913 ac
510 1875 685 1913 ciconias
700 1875 981 1925 praeueniens.
1027 1876 1145 1925 Quod
1160 1876 1196 1915 si
1211 1889 1262 1914 ne
1278 1876 1356 1914 hoc
1371 1876 1538 1926 quidem
1553 1889 1690 1915 morae
1705 1877 1908 1928 indulges,

319 1941 567 1990 contemptis
587 1954 632 1979 ac
652 1941 898 1990 posthabitis
918 1941 1113 1980 omnibus
1133 1941 1432 1980 aduolabimus.

375 2005 451 2043 Sed
467 2006 579 2043 hisce
592 2005 640 2044 de
654 2006 777 2044 rebus
794 2006 1007 2056 aliquanto
1020 2006 1224 2057 copiosius
1240 2006 1482 2056 scripsimus
1497 2007 1655 2056 optimo
1668 2006 1911 2050 Paschasio3

320 2070 385 2108 cui
404 2070 551 2109 multis
570 2070 815 2110 nominibus
835 2071 1076 2110 felicissimo
1096 2072 1173 2110 hoc
1192 2074 1332 2110 tamen
1351 2071 1564 2122 praecipue
1583 2072 1777 2122 gratulor,
1802 2072 1911 2122 quod

263 2158 300 2188 35
320 2138 462 2187 gratus
490 2138 553 2175 est
583 2136 774 2187 Principi
804 2150 889 2176 non
918 2138 1059 2176 minus
1078 2137 1256 2188 benigno
1277 2150 1402 2187 quam
1423 2137 1610 2187 potenti:
1639 2150 1762 2187 quem
1791 2137 1913 2176 nobis

321 2214 445 2251 quam
476 2201 714 2240 diutissime
747 2204 911 2241 tueatur
940 2203 1051 2241 Deus
1081 2203 1175 2252 Opt.
1208 2201 1314 2240 Max.
1347 2204 1388 2241 et
1417 2201 1670 2241 incolumem
1702 2204 1744 2240 et
1777 2202 1910 2241 modis

324 2267 518 2306 omnibus
537 2267 767 2306 florentem.
828 2267 1001 2307 Louanii
1020 2268 1220 2318 postridie
1239 2267 1495 2318 epiphaniae.
1557 2268 1639 2306 An.
1664 2280 1880 2306 M·D.XV111.

887 2333 1086 2372 Erasmus
1107 2333 1153 2371 E.
1175 2333 1223 2371 R.
1247 2333 1292 2372 T.
1317 2333 1366 2372 D.
1389 2332 1695 2372 addictissimus
1715 2332 1854 2371 cliens.

366 2450 397 2480 6.
422 2451 470 2479 D:
495 2448 684 2487 deprecare
699 2449 770 2478 MS.
860 2447 926 2478 illa
940 2450 969 2478 D
985 2459 992 2478 ε
1017 2447 1078 2478 ille
1095 2450 1163 2478 MS.
1286 2455 1335 2476 11.
1361 2445 1405 2476 de
1422 2446 1526 2476 nobis
1542 2449 1615 2476 add.
1633 2448 1668 2476 D.
1786 2455 1836 2485 14.
1862 2449 1889 2476 D
1904 2457 1911 2477 :

323 2501 428 2523 aureo
444 2491 539 2532 palla
554 2494 622 2522 MS.
788 2499 837 2529 17.
862 2494 915 2522 est
926 2495 994 2527 post
1010 2499 1216 2530 expressum
1233 2492 1306 2520 add.
1325 2492 1362 2519 D.
1526 2499 1578 2521 22.
1603 2491 1633 2519 D
1647 2501 1652 2519 :
1678 2489 1912 2521 contensione

324 2538 392 2566 MS.
523 2544 575 2573 24.
599 2535 712 2565 situm
729 2537 757 2564 D
771 2545 778 2563 ε
803 2534 902 2565 sitim
919 2537 988 2565 MS.
1120 2544 1172 2572 30.
1199 2532 1535 2563 reuerendissimam
1552 2543 1610 2563 om.
1625 2535 1668 2562 H.
1756 2534 1913 2574 paterni—

323 2580 434 2609 tatem
451 2580 509 2609 MS
522 2589 528 2608 :
553 2578 831 2618 amplitudinem
846 2580 883 2608 F.
1014 2587 1066 2616 31.
1094 2577 1330 2617 praeueniens
1344 2578 1413 2606 MS.
1432 2587 1438 2606 :
1462 2578 1693 2616 praeuertens
1708 2579 1746 2608 D.
1858 2578 1912 2607 in-

325 2621 449 2661 dulges
463 2624 533 2653 MS.
548 2632 555 2651 2
578 2621 742 2660 indulget
759 2623 819 2652 tua
837 2621 1012 2652 celsitudo
1029 2624 1065 2652 D.
1187 2621 1239 2658 36.
1265 2622 1314 2649 D:
1338 2621 1460 2650 tuetur
1477 2622 1544 2650 MS.
1665 2620 1718 2659 38.
1743 2620 1912 2652 Erasmus

326 2690 333 2697 .
352 2690 360 2697 .
379 2689 386 2696 .
406 2665 518 2695 cliens
533 2675 591 2696 om.
609 2667 638 2695 D
656 2665 823 2704 (adictiss.
842 2664 937 2705 MS).

369 2787 400 2815 6.
426 2787 479 2816 tot
495 2784 643 2825 linguis]
660 2784 710 2815 Cf.
726 2784 829 2824 Verg.
843 2787 924 2815 Aen.
944 2795 975 2822 4.
995 2784 1064 2822 183.
1200 2792 1249 2822 13.
1274 2782 1512 2824 citharoedus]
1529 2783 1580 2815 Of.
1593 2783 1698 2814 Auct.
1713 2782 1799 2814 Her.
1812 2793 1841 2821 4.
1857 2792 1909 2821 47.

371 2829 401 2859 8.
425 2827 666 2868 principibus]
683 2827 733 2859 Cf.
749 2827 834 2858 Hor.
848 2830 906 2864 Ep.
925 2837 950 2858 1.
970 2837 1019 2866 17.
1035 2835 1085 2866 35.
1151 2826 1205 2857 60.

370 2881 401 2910 ς,
427 2871 572 2912 metior]
588 2871 639 2901 Cf.
661 2872 747 2903 Hor.
765 2874 825 2908 Ep.
847 2881 873 2902 1.
891 2881 920 2909 7.
937 2871 990 2911 98.
1197 2879 1250 2909 23.
1274 2880 1294 2902 a
1311 2870 1424 2911 senio]
1443 2869 1495 2903 Cf.
1514 2869 1606 2901 Gen.
1623 2879 1674 2901 20.
1696 2880 1723 2901 1.
1744 2879 1794 2901 10.
