2034 3433
110 136 208 191 814]
1626 144 1704 181 285

604 194 702 234 814.
765 193 828 234 To
858 193 1008 234 JAMEs
1042 194 1207 235 FABER.

158 293 343 329 Deventer
361 293 436 328 MS.
457 304 512 339 91,
532 293 557 328 f.
577 295 610 329 6.
1397 297 1573 332 Louvain.

158 351 200 386 D.
221 363 256 396 p.
280 352 368 395 148:
395 352 435 386 F.
455 363 490 396 p.
513 361 602 397 145:
629 350 722 386 HN:
750 352 864 387 Lond.
886 353 940 388 iii.
959 365 1003 398 9:
1032 354 1103 388 LB.
1125 365 1204 399 239.
1318 364 1358 397 17
1376 354 1483 400 April
1506 354 1658 402 (1518).

264 457 469 488 ERASMVS
500 458 833 490 ROTERODAMVS
865 459 1040 491 INSIGNI
1070 461 1179 491 VIRO
1210 461 1375 492 IACOBO
1407 462 1553 492 FABRO

741 528 1023 559 STAPVLENSI.

163 609 267 648 S.D.
293 608 541 648 Doctissime
570 608 762 658 idemque
793 609 945 658 optime
973 610 1120 649 Iacobe
1148 611 1285 655 Faber,
1319 612 1402 648 iam
1442 612 1536 650 vnis
1581 614 1706 661 atque

108 673 246 712 alteris
265 673 399 712 literis
418 675 595 712 testatus
618 687 711 712 sum
732 687 857 723 quam
877 674 1020 712 acerbe
1042 675 1173 713 feram
1195 675 1301 713 hanc
1321 689 1464 714 ansam
1485 677 1706 727 contigisse

109 731 322 777 maledicis
343 739 391 776 de
411 739 531 777 nobis
556 739 775 789 garriendi.
837 739 1173 785 Praesentiebam
1194 740 1271 778 hoc
1297 741 1397 779 mali
1421 741 1705 789 nasciturum;

107 803 178 841 sed
208 803 301 853 quia
324 816 410 841 non
441 805 528 842 erat
561 803 668 842 mihi
699 803 910 853 integrum
941 817 1026 842 non
1059 805 1314 854 respondere,
1342 820 1363 844 e
1393 806 1553 845 duobus
1584 807 1706 845 malis

109 868 217 917 quod
238 868 373 906 leuius
393 868 531 906 visum
552 870 614 907 est
635 868 778 918 delegi.
841 868 962 906 Nunc
987 869 1094 918 quod
1115 883 1245 908 vnum
1265 873 1462 920 superest,
1487 884 1555 910 oro
1574 873 1615 910 te
1633 886 1705 922 per

108 933 389 971 Christianam
416 933 675 982 charitatem,
699 946 772 983 per
797 933 1154 972 sanctissimorum
1181 935 1416 974 studiorum
1440 949 1704 975 communem

109 1011 302 1046 amorem,
324 1011 397 1047 per
414 997 630 1048 vtriusque
649 998 815 1044 famam,
839 1011 942 1047 quae
961 1011 1010 1036 ex
1029 999 1236 1037 amiciciae
1255 1000 1344 1050 lege
1365 1013 1438 1050 par
1460 1002 1522 1039 est
1542 1002 1705 1052 Vtrique

109 1063 219 1102 cordi
249 1076 348 1111 esse,
378 1064 424 1101 vt
457 1063 668 1101 communi
703 1062 840 1101 studio
870 1062 981 1101 malo
1015 1063 1111 1101 huic
1141 1077 1220 1113 qua
1250 1064 1345 1103 licet
1373 1065 1624 1114 medeamur,
1653 1080 1705 1104 ne

108 1129 232 1167 latius
269 1130 406 1178 serpat
453 1128 704 1166 incendium.
783 1128 911 1166 Vides
957 1128 1150 1167 homines
1196 1130 1245 1168 ad
1293 1131 1453 1169 malum
1501 1132 1706 1181 procliues

108 1194 378 1243 vndecunque
395 1192 664 1231 dissidiorum
680 1205 822 1231 causas
837 1193 1024 1243 arripere.
1076 1194 1251 1233 Nullum
1265 1198 1327 1233 est
1342 1209 1447 1245 pene
1462 1198 1704 1236 conuiuium

110 1260 153 1297 in
188 1272 269 1308 quo
300 1271 384 1296 non
414 1258 511 1296 hinc
538 1271 611 1308 pro
643 1258 777 1296 Fabro
806 1259 1004 1297 aduersus
1035 1259 1270 1306 Erasmum,
1297 1261 1395 1299 111110
1429 1275 1502 1311 pro
1532 1263 1704 1301 Erasmo

108 1324 306 1362 aduersus
344 1323 523 1361 Fabrum
563 1323 820 1372 disceptetur,
851 1324 1096 1372 praesertim
1129 1325 1180 1363 ab
1217 1325 1269 1363 iis
1306 1326 1377 1375 qui
1414 1339 1502 1364 rem
1538 1327 1706 1376 penitus

110 1389 313 1438 ignorant.
374 1388 635 1438 sparguntur
655 1390 726 1426 tuo
747 1388 915 1426 nomine
935 1389 1121 1427 diuersae
1141 1403 1273 1437 voces,
1288 1390 1359 1428 alii
1377 1391 1611 1440 praedicant
1633 1393 1705 1430 abs

110 1457 150 1492 te
181 1454 316 1503 parari
350 1453 742 1501 recriminationem,
766 1453 839 1491 alii
868 1456 1020 1502 negant
1048 1454 1212 1504 dignari
1244 1455 1489 1504 respondere
1518 1457 1702 1495 Erasmo.

111 1520 271 1557 Rursus
303 1518 373 1557 alii
405 1518 549 1556 dicunt
579 1519 619 1555 te
650 1531 734 1556 non
764 1518 996 1568 improbare
1025 1519 1132 1569 quod
1163 1532 1230 1557 me
1259 1520 1541 1560 defenderim:
1575 1521 1644 1559 alii
1684 1535 1705 1559 6

109 1585 271 1623 diuerso
290 1584 476 1622 incusare
497 1584 774 1622 temeritatem
794 1597 943 1622 meam.
994 1584 1081 1635 Ego
1100 1585 1208 1635 quod
1227 1585 1278 1624 ad
1298 1599 1364 1624 me
1384 1586 1573 1635 pertinet,
1593 1586 1705 1625 haud

109 1650 292 1688 multum
317 1649 457 1688 laboro
483 1651 624 1688 vtrum
648 1650 896 1699 respondeas
919 1663 1057 1697 1160116,
1081 1650 1203 1688 1110ᾶο
1223 1650 1274 1688 ab
1295 1651 1448 1690 odiosis
1471 1651 1705 1692 istiusmodi

111 1714 233 1753 dictis
262 1716 476 1764 temperes,
513 1727 615 1764 quae
646 1728 721 1753 nec
755 1715 835 1753 tibi
864 1715 1059 1753 decorum
1091 1717 1151 1753 est
1183 1716 1228 1753 in
1258 1716 1440 1754 amicum
1471 1718 1599 1755 iacere
1631 1730 1705 1754 nec

110 1779 216 1818 mihi
244 1780 455 1829 integrum
485 1779 759 1818 dissimulare.
820 1779 1036 1819 Caeterum
1067 1781 1290 1819 molestum
1322 1783 1383 1819 est
1414 1783 1557 1820 nostra
1585 1794 1705 1820 causa

111 1845 192 1883 seri
221 1844 392 1883 dissidia
422 1845 532 1883 inter
563 1844 834 1893 Christianos,
864 1845 1048 1884 exultare
1082 1848 1223 1884 nostra
1253 1846 1508 1885 dissensione
1538 1859 1606 1884 eos
1635 1847 1706 1896 qui

110 1910 194 1948 tuis
214 1922 340 1959 aeque
360 1923 406 1947 ac
425 1910 529 1948 meis
549 1910 699 1948 studiis
723 1910 876 1948 infensi
900 1913 1012 1949 sunt.
1072 1910 1165 1948 Non
1184 1924 1285 1949 voco
1305 1913 1346 1949 te
1366 1911 1417 1949 ad
1435 1911 1703 1961 palinodiam,

112 1974 206 2013 licet
224 1974 410 2024 indignis
425 1975 560 2013 modis
575 1975 655 2014 sim
670 1975 895 2014 lacessitus.
955 1976 1138 2014 Tantum
1153 1975 1328 2025 epistola
1342 1975 1536 2025 quapiam
1554 1977 1706 2013 testare

113 2043 153 2077 te
186 2039 276 2077 veri
305 2039 535 2089 vestigandi
569 2040 706 2078 studio
738 2041 974 2088 decertasse,
997 2042 1203 2078 caeterum
1233 2040 1343 2078 inter
1368 2054 1444 2079 nos
1469 2041 1705 2078 animorum

112 2117 200 2142 esse
219 2104 491 2143 concordiam.
553 2101 669 2153 Quod
689 2105 724 2143 si
744 2118 829 2143 non
855 2105 998 2154 placet,
1024 2105 1201 2154 denique
1225 2105 1370 2143 malim
1395 2107 1436 2143 te
1461 2105 1707 2155 respondere

114 2181 239 2218 quam
269 2168 435 2207 silentio
465 2170 538 2207 tuo
568 2171 707 2218 partes
736 2169 906 2216 irritare,
931 2169 1052 2208 modo
1082 2183 1128 2207 ea
1156 2172 1272 2208 vtare
1301 2169 1575 2219 temperantia
1603 2182 1705 2219 quae
1748 2188 1764 2218 5

113 2233 312 2283 pristinos
331 2235 425 2271 tuos
445 2232 584 2271 deceat
604 2246 750 2272 mores.
808 2233 961 2272 Nullus
980 2234 1223 2272 mortalium
1238 2234 1397 2272 audiuit
1418 2248 1484 2272 me
1504 2234 1554 2272 de
1574 2234 1706 2272 Fabro

112 2299 346 2349 loquentem
369 2297 450 2336 nisi
469 2300 561 2336 tum
581 2300 768 2337 amanter
791 2300 883 2337 tum
911 2299 1148 2337 honorifice.
1206 2299 1388 2337 Tantum
1416 2299 1611 2338 admirari
1638 2313 1706 2337 me

113 2364 243 2402 fateor
263 2363 413 2413 quibus
427 2362 550 2401 rebus
569 2363 770 2401 adductus
789 2376 836 2401 ea
854 2364 899 2401 in
919 2377 986 2401 me
1007 2364 1233 2413 scripseris.
1285 2364 1426 2414 Neque
1442 2377 1559 2402 secus
1573 2365 1706 2403 sentio

113 2441 236 2478 quam
256 2428 413 2477 loquor,
437 2418 542 2466 teste
562 2428 738 2467 Christo.
798 2428 913 2466 Bene
932 2428 1034 2473 vale,
1055 2429 1119 2466 vir
1139 2428 1305 2477 optime.

166 2493 338 2531 Louanii
364 2505 408 2540 15
441 2492 523 2531 Cal.
547 2492 686 2531 Maias.
749 2490 980 2545 [M.1).xvn.]

1494 2558 1702 2596 Erasmus.

158 2688 218 2708 nr.
237 2681 264 2708 D
280 2689 288 2708 z
311 2687 359 2708 AD
375 2687 517 2709 FABRVM
534 2677 717 2710 STAPVLEE.
733 2681 801 2709 MS.
894 2688 921 2709 1.
947 2678 1071 2708 Iacche
1088 2677 1199 2708 Faber
1213 2680 1241 2708 D
1257 2688 1263 2707 :
1287 2678 1343 2707 vir
1358 2680 1428 2708 MS.
1518 2687 1550 2708 2.
1582 2686 1704 2708 ansam

116 2725 154 2760 D,
179 2726 217 2760 cj.
242 2724 299 2759 Ep.
319 2731 391 2762 724.
410 2722 458 2752 8:
489 2731 627 2752 causam
652 2725 722 2754 MS.
810 2722 954 2761 9tigisse
969 2724 1062 2752 MS.:
1087 2721 1253 2760 obtigisse
1270 2723 1308 2751 D.
1442 2730 1473 2758 3.
1505 2720 1592 2751 mali
1616 2723 1703 2752 MS:

114 2765 250 2796 malum
265 2768 307 2795 D.
416 2775 445 2804 7.
469 2775 560 2804 quae
583 2768 671 2797 MS.:
697 2774 804 2805 quam
821 2767 864 2796 H.
965 2775 1014 2803 14.
1038 2764 1253 2804 respondere
1266 2764 1515 2795 Erasn10MS.:
1538 2773 1705 2804 responso

115 2809 304 2839 Erasmum
320 2811 362 2839 H.
434 2809 482 2840 18.
504 2812 553 2840 D:
570 2811 749 2849 tempores
764 2811 832 2840 MS.
878 2818 967 2848 quae
979 2831 987 2839 .
1000 2830 1026 2839 ..
1041 2817 1091 2846 19.
1115 2807 1343 2838 dissimulare
1359 2810 1432 2838 add.
1449 2810 1486 2839 D.
1547 2817 1599 2839 21.
1625 2808 1704 2838 Non

115 2855 184 2883 MS.
207 2851 273 2882 13²:
295 2852 390 2882 Num
412 2850 466 2883 Dl.
576 2861 628 2884 22.
654 2853 736 2884 licet
753 2875 762 2884 .
780 2876 787 2883 .
804 2875 813 2883 .
832 2852 1016 2883 lacessitus
1039 2853 1114 2882 add.
1139 2854 1177 2881 D.
1311 2861 1362 2889 24.
1387 2850 1542 2890 denique
1566 2854 1640 2882 add.
1665 2854 1703 2882 D.

116 2905 168 2934 30.
193 2904 346 2927 numm
361 2897 434 2926 add.
452 2897 494 2926 H.
606 2905 658 2934 31.
684 2896 853 2927 Erasmus
868 2906 927 2926 om.
947 2897 986 2926 D.

669 3003 699 3023 2.
723 2992 857 3034 literis]
874 2993 961 3033 Epp.
978 2993 1053 3031 659.
1072 3002 1145 3031 724.

1728 1212 1765 1232 10

1728 1862 1766 1883 20

1726 2510 1766 2542 30
