<?xml version="1.0" encoding="UTF-8"?>
<!DOCTYPE html PUBLIC "-//W3C//DTD XHTML 1.0 Transitional//EN"
    "http://www.w3.org/TR/xhtml1/DTD/xhtml1-transitional.dtd">
<html xmlns="http://www.w3.org/1999/xhtml" xml:lang="en" lang="en">
 <head>
  <title>
</title>
<meta http-equiv="Content-Type" content="text/html;charset=utf-8" />
  <meta name='ocr-system' content='tesseract 3.04.00' />
  <meta name='ocr-capabilities' content='ocr_page ocr_carea ocr_par ocr_line ocrx_word'/>
</head>
<body>
  <div class='ocr_page' id='page_1' title='image "./opusepistolarumd03erasuoft_0180.png"; bbox 0 0 2034 3433; ppageno 0'>
   <div class='ocr_carea' id='block_1_1' title="bbox 202 386 240 407">
    <p class='ocr_par' dir='ltr' id='par_1_1' title="bbox 202 386 240 407">
     <span class='ocr_line' id='line_1_1' title="bbox 202 386 240 407; baseline 0.053 -2"><span class='ocrx_word' id='word_1_1' title='bbox 202 386 240 407; x_wconf 86' lang='lat'>10</span> 
     </span>
    </p>
   </div>
   <div class='ocr_carea' id='block_1_2' title="bbox 195 1692 235 1722">
    <p class='ocr_par' dir='ltr' id='par_1_2' title="bbox 195 1692 235 1722">
     <span class='ocr_line' id='line_1_2' title="bbox 195 1692 235 1722; baseline 0 -8"><span class='ocrx_word' id='word_1_2' title='bbox 195 1692 235 1722; x_wconf 76' lang='lat'>30</span> 
     </span>
    </p>
   </div>
   <div class='ocr_carea' id='block_1_3' title="bbox 194 2017 232 2047">
    <p class='ocr_par' dir='ltr' id='par_1_3' title="bbox 194 2017 232 2047">
     <span class='ocr_line' id='line_1_3' title="bbox 194 2017 232 2047; baseline 0.053 -2"><span class='ocrx_word' id='word_1_3' title='bbox 194 2017 232 2047; x_wconf 74' lang='lat'>35</span> 
     </span>
    </p>
   </div>
   <div class='ocr_carea' id='block_1_4' title="bbox 199 1021 1253 1073">
    <p class='ocr_par' dir='ltr' id='par_1_4' title="bbox 199 1021 1253 1073">
     <span class='ocr_line' id='line_1_4' title="bbox 199 1021 1253 1073; baseline 0 -12"><span class='ocrx_word' id='word_1_4' title='bbox 199 1041 212 1060; x_wconf 61' lang='grc' dir='ltr'><em>ε</em></span> <span class='ocrx_word' id='word_1_5' title='bbox 255 1025 436 1073; x_wconf 82' lang='lat' dir='ltr'>sumptu,</span> <span class='ocrx_word' id='word_1_6' title='bbox 461 1026 502 1062; x_wconf 91' lang='lat' dir='ltr'>et</span> <span class='ocrx_word' id='word_1_7' title='bbox 530 1023 575 1061; x_wconf 90' lang='lat' dir='ltr'>in</span> <span class='ocrx_word' id='word_1_8' title='bbox 603 1023 786 1073; x_wconf 81' lang='lat' dir='ltr'>negociis</span> <span class='ocrx_word' id='word_1_9' title='bbox 814 1023 934 1072; x_wconf 88' lang='lat' dir='ltr'>longe</span> <span class='ocrx_word' id='word_1_10' title='bbox 964 1021 1253 1061; x_wconf 88' lang='lat' dir='ltr'>odiosissimis.</span> 
     </span>
    </p>
   </div>
   <div class='ocr_carea' id='block_1_5' title="bbox 262 131 1856 186">
    <p class='ocr_par' dir='ltr' id='par_1_5' title="bbox 262 131 1856 186">
     <span class='ocr_line' id='line_1_5' title="bbox 262 131 1856 186; baseline -0.003 -10"><span class='ocrx_word' id='word_1_11' title='bbox 262 139 339 176; x_wconf 82' lang='lat'>142</span> <span class='ocrx_word' id='word_1_12' title='bbox 726 135 977 175; x_wconf 81' lang='lat' dir='ltr'>LETTERS</span> <span class='ocrx_word' id='word_1_13' title='bbox 1016 135 1085 174; x_wconf 77' lang='lat' dir='ltr'>or</span> <span class='ocrx_word' id='word_1_14' title='bbox 1123 134 1390 174; x_wconf 84' lang='lat' dir='ltr'>ERAsMUs</span> <span class='ocrx_word' id='word_1_15' title='bbox 1732 131 1856 186; x_wconf 86' lang='lat'><strong>[1517</strong></span> 
     </span>
    </p>
   </div>
   <div class='ocr_carea' id='block_1_6' title="bbox 254 238 1861 1334">
    <p class='ocr_par' dir='ltr' id='par_1_6' title="bbox 255 238 1861 942">
     <span class='ocr_line' id='line_1_6' title="bbox 259 238 1858 293; baseline -0.003 -11"><span class='ocrx_word' id='word_1_16' title='bbox 259 242 483 293; x_wconf 78' lang='lat' dir='ltr'>Sterlingfi.</span> <span class='ocrx_word' id='word_1_17' title='bbox 507 241 702 290; x_wconf 79' lang='lat' dir='ltr'>accipiam</span> <span class='ocrx_word' id='word_1_18' title='bbox 723 242 764 278; x_wconf 91' lang='lat' dir='ltr'>et</span> <span class='ocrx_word' id='word_1_19' title='bbox 785 238 1068 289; x_wconf 82' lang='lat' dir='ltr'>syngrapham</span> <span class='ocrx_word' id='word_1_20' title='bbox 1092 239 1271 287; x_wconf 90' lang='lat' dir='ltr'>mittam,</span> <span class='ocrx_word' id='word_1_21' title='bbox 1294 252 1337 278; x_wconf 89' lang='lat' dir='ltr'>se</span> <span class='ocrx_word' id='word_1_22' title='bbox 1356 240 1548 289; x_wconf 86' lang='lat' dir='ltr'>protinus</span> <span class='ocrx_word' id='word_1_23' title='bbox 1566 239 1858 279; x_wconf 76' lang='lat' dir='ltr'><strong>resoluturum.</strong></span> 
     </span>
     <span class='ocr_line' id='line_1_7' title="bbox 259 303 1854 357; baseline -0.003 -10"><span class='ocrx_word' id='word_1_24' title='bbox 259 308 431 356; x_wconf 79' lang='lat' dir='ltr'>Quando</span> <span class='ocrx_word' id='word_1_25' title='bbox 443 308 581 357; x_wconf 86' lang='lat' dir='ltr'>igitur,</span> <span class='ocrx_word' id='word_1_26' title='bbox 592 309 637 344; x_wconf 81' lang='lat' dir='ltr'>vt</span> <span class='ocrx_word' id='word_1_27' title='bbox 652 305 784 352; x_wconf 86' lang='lat' dir='ltr'>audio,</span> <span class='ocrx_word' id='word_1_28' title='bbox 797 317 882 342; x_wconf 90' lang='lat' dir='ltr'>non</span> <span class='ocrx_word' id='word_1_29' title='bbox 897 304 993 342; x_wconf 90' lang='lat' dir='ltr'>licet</span> <span class='ocrx_word' id='word_1_30' title='bbox 1010 304 1132 351; x_wconf 86' lang='lat' dir='ltr'>exire,</span> <span class='ocrx_word' id='word_1_31' title='bbox 1150 317 1309 342; x_wconf 82' lang='lat' dir='ltr'>accerse</span> <span class='ocrx_word' id='word_1_32' title='bbox 1321 304 1372 342; x_wconf 87' lang='lat' dir='ltr'>ad</span> <span class='ocrx_word' id='word_1_33' title='bbox 1384 305 1425 342; x_wconf 89' lang='lat' dir='ltr'>te</span> <span class='ocrx_word' id='word_1_34' title='bbox 1440 303 1644 342; x_wconf 89' lang='lat' dir='ltr'>Ioannem</span> <span class='ocrx_word' id='word_1_35' title='bbox 1656 303 1854 352; x_wconf 86' lang='lat' dir='ltr'>Crullem,</span> 
     </span>
     <span class='ocr_line' id='line_1_8' title="bbox 258 368 1861 422; baseline -0.002 -10"><span class='ocrx_word' id='word_1_36' title='bbox 258 375 330 412; x_wconf 90' lang='lat' dir='ltr'>aut</span> <span class='ocrx_word' id='word_1_37' title='bbox 359 374 393 411; x_wconf 91' lang='lat' dir='ltr'>si</span> <span class='ocrx_word' id='word_1_38' title='bbox 425 372 518 422; x_wconf 88' lang='lat' dir='ltr'>quis</span> <span class='ocrx_word' id='word_1_39' title='bbox 546 373 609 410; x_wconf 90' lang='lat' dir='ltr'>est</span> <span class='ocrx_word' id='word_1_40' title='bbox 637 369 771 420; x_wconf 85' lang='lat' dir='ltr'>magis</span> <span class='ocrx_word' id='word_1_41' title='bbox 799 369 985 417; x_wconf 85' lang='lat' dir='ltr'>idoneus,</span> <span class='ocrx_word' id='word_1_42' title='bbox 1014 369 1088 418; x_wconf 89' lang='lat' dir='ltr'>qui</span> <span class='ocrx_word' id='word_1_43' title='bbox 1115 369 1194 407; x_wconf 92' lang='lat' dir='ltr'>tibi</span> <span class='ocrx_word' id='word_1_44' title='bbox 1222 371 1415 407; x_wconf 89' lang='lat' dir='ltr'>numeret</span> <span class='ocrx_word' id='word_1_45' title='bbox 1443 368 1666 418; x_wconf 90' lang='lat' dir='ltr'>pecuniam</span> <span class='ocrx_word' id='word_1_46' title='bbox 1694 381 1740 407; x_wconf 89' lang='lat' dir='ltr'>ac</span> <span class='ocrx_word' id='word_1_47' title='bbox 1769 382 1861 420; x_wconf 87' lang='lat' dir='ltr'>syn-</span> 
     </span>
     <span class='ocr_line' id='line_1_9' title="bbox 258 433 1860 488; baseline -0.002 -12"><span class='ocrx_word' id='word_1_48' title='bbox 258 438 457 488; x_wconf 86' lang='lat' dir='ltr'>grapham</span> <span class='ocrx_word' id='word_1_49' title='bbox 476 449 614 475; x_wconf 87' lang='lat' dir='ltr'>meam</span> <span class='ocrx_word' id='word_1_50' title='bbox 635 434 816 484; x_wconf 77' lang='lat' dir='ltr'>recipiat,</span> <span class='ocrx_word' id='word_1_51' title='bbox 839 436 911 472; x_wconf 89' lang='lat' dir='ltr'>aut</span> <span class='ocrx_word' id='word_1_52' title='bbox 930 434 1037 472; x_wconf 82' lang='lat' dir='ltr'>mihi</span> <span class='ocrx_word' id='word_1_53' title='bbox 1056 434 1274 484; x_wconf 85' lang='lat' dir='ltr'>negocium</span> <span class='ocrx_word' id='word_1_54' title='bbox 1294 433 1554 481; x_wconf 89' lang='lat' dir='ltr'>committat;</span> <span class='ocrx_word' id='word_1_55' title='bbox 1583 433 1731 472; x_wconf 87' lang='lat' dir='ltr'>curabo</span> <span class='ocrx_word' id='word_1_56' title='bbox 1750 436 1796 473; x_wconf 90' lang='lat' dir='ltr'>vt</span> <span class='ocrx_word' id='word_1_57' title='bbox 1814 435 1860 473; x_wconf 91' lang='lat' dir='ltr'>in</span> 
     </span>
     <span class='ocr_line' id='line_1_10' title="bbox 257 498 1860 553; baseline -0.003 -11"><span class='ocrx_word' id='word_1_58' title='bbox 257 503 413 553; x_wconf 85' lang='lat' dir='ltr'>Anglia</span> <span class='ocrx_word' id='word_1_59' title='bbox 444 501 619 552; x_wconf 90' lang='lat' dir='ltr'>pecunia</span> <span class='ocrx_word' id='word_1_60' title='bbox 653 502 896 539; x_wconf 75' lang='lat' dir='ltr'>numeretur</span> <span class='ocrx_word' id='word_1_61' title='bbox 930 500 968 537; x_wconf 90' lang='lat' dir='ltr'>ei</span> <span class='ocrx_word' id='word_1_62' title='bbox 1008 499 1073 538; x_wconf 91' lang='lat' dir='ltr'>cui</span> <span class='ocrx_word' id='word_1_63' title='bbox 1104 498 1286 537; x_wconf 88' lang='lat' dir='ltr'>voluerit</span> <span class='ocrx_word' id='word_1_64' title='bbox 1312 499 1349 537; x_wconf 89' lang='lat' dir='ltr'>is</span> <span class='ocrx_word' id='word_1_65' title='bbox 1380 499 1451 548; x_wconf 89' lang='lat' dir='ltr'>qui</span> <span class='ocrx_word' id='word_1_66' title='bbox 1482 498 1607 537; x_wconf 89' lang='lat' dir='ltr'>dedit.</span> <span class='ocrx_word' id='word_1_67' title='bbox 1667 499 1785 547; x_wconf 81' lang='lat' dir='ltr'>Quod</span> <span class='ocrx_word' id='word_1_68' title='bbox 1823 499 1860 538; x_wconf 91' lang='lat' dir='ltr'>si</span> 
     </span>
     <span class='ocr_line' id='line_1_11' title="bbox 257 564 1856 617; baseline -0.001 -11"><span class='ocrx_word' id='word_1_69' title='bbox 257 567 604 617; x_wconf 87' lang='lat' dir='ltr'>Archiepiscopus</span> <span class='ocrx_word' id='word_1_70' title='bbox 623 579 709 604; x_wconf 87' lang='lat' dir='ltr'>non</span> <span class='ocrx_word' id='word_1_71' title='bbox 728 565 900 610; x_wconf 75' lang='lat' dir='ltr'>dederit,</span> <span class='ocrx_word' id='word_1_72' title='bbox 921 565 1029 615; x_wconf 90' lang='lat' dir='ltr'>quod</span> <span class='ocrx_word' id='word_1_73' title='bbox 1050 567 1193 604; x_wconf 88' lang='lat' dir='ltr'>tamen</span> <span class='ocrx_word' id='word_1_74' title='bbox 1213 577 1330 603; x_wconf 84' lang='lat' dir='ltr'>secus</span> <span class='ocrx_word' id='word_1_75' title='bbox 1349 564 1435 602; x_wconf 86' lang='lat' dir='ltr'>fore</span> <span class='ocrx_word' id='word_1_76' title='bbox 1455 564 1550 613; x_wconf 91' lang='lat' dir='ltr'>scio,</span> <span class='ocrx_word' id='word_1_77' title='bbox 1566 564 1655 613; x_wconf 90' lang='lat' dir='ltr'>ipse</span> <span class='ocrx_word' id='word_1_78' title='bbox 1674 564 1856 604; x_wconf 86' lang='lat' dir='ltr'>reddam.</span> 
     </span>
     <span class='ocr_line' id='line_1_12' title="bbox 258 629 1855 682; baseline -0.001 -11"><span class='ocrx_word' id='word_1_79' title='bbox 258 633 335 681; x_wconf 87' lang='lat' dir='ltr'>Tu,</span> <span class='ocrx_word' id='word_1_80' title='bbox 356 633 391 671; x_wconf 89' lang='lat' dir='ltr'>si</span> <span class='ocrx_word' id='word_1_81' title='bbox 410 631 604 682; x_wconf 88' lang='lat' dir='ltr'>postulat,</span> <span class='ocrx_word' id='word_1_82' title='bbox 628 631 870 669; x_wconf 88' lang='lat' dir='ltr'>fideiubeto:</span> <span class='ocrx_word' id='word_1_83' title='bbox 901 630 1009 680; x_wconf 90' lang='lat' dir='ltr'>quod</span> <span class='ocrx_word' id='word_1_84' title='bbox 1037 630 1116 667; x_wconf 87' lang='lat' dir='ltr'>erit</span> <span class='ocrx_word' id='word_1_85' title='bbox 1143 629 1221 668; x_wconf 83' lang='lat' dir='ltr'>tibi</span> <span class='ocrx_word' id='word_1_86' title='bbox 1247 629 1407 668; x_wconf 89' lang='lat' dir='ltr'>bonum</span> <span class='ocrx_word' id='word_1_87' title='bbox 1436 630 1557 678; x_wconf 87' lang='lat' dir='ltr'>atque</span> <span class='ocrx_word' id='word_1_88' title='bbox 1577 630 1855 677; x_wconf 91' lang='lat' dir='ltr'>commodum,</span> 
     </span>
     <span class='ocr_line' id='line_1_13' title="bbox 257 694 1861 747; baseline -0.001 -12"><span class='ocrx_word' id='word_1_89' title='bbox 257 698 420 747; x_wconf 85' lang='lat' dir='ltr'>quando</span> <span class='ocrx_word' id='word_1_90' title='bbox 441 697 614 747; x_wconf 88' lang='lat' dir='ltr'>pecunia</span> <span class='ocrx_word' id='word_1_91' title='bbox 641 696 824 736; x_wconf 88' lang='lat' dir='ltr'>manebit</span> <span class='ocrx_word' id='word_1_92' title='bbox 853 696 962 746; x_wconf 88' lang='lat' dir='ltr'>apud</span> <span class='ocrx_word' id='word_1_93' title='bbox 991 698 1042 734; x_wconf 92' lang='lat' dir='ltr'>te.</span> <span class='ocrx_word' id='word_1_94' title='bbox 1102 695 1194 734; x_wconf 91' lang='lat' dir='ltr'>Mea</span> <span class='ocrx_word' id='word_1_95' title='bbox 1222 694 1348 733; x_wconf 86' lang='lat' dir='ltr'>refert</span> <span class='ocrx_word' id='word_1_96' title='bbox 1366 697 1414 733; x_wconf 84' lang='lat' dir='ltr'>vt</span> <span class='ocrx_word' id='word_1_97' title='bbox 1442 694 1519 732; x_wconf 90' lang='lat' dir='ltr'>hoc</span> <span class='ocrx_word' id='word_1_98' title='bbox 1550 694 1861 744; x_wconf 87' lang='lat' dir='ltr'>quamprimum</span> 
     </span>
     <span class='ocr_line' id='line_1_14' title="bbox 256 759 1861 812; baseline -0.001 -11"><span class='ocrx_word' id='word_1_99' title='bbox 256 764 338 802; x_wconf 86' lang='lat' dir='ltr'>fiat.</span> <span class='ocrx_word' id='word_1_100' title='bbox 410 762 497 802; x_wconf 83' lang='lat' dir='ltr'>Scis</span> <span class='ocrx_word' id='word_1_101' title='bbox 535 761 840 812; x_wconf 79' lang='lat' dir='ltr'>quamobrem?</span> <span class='ocrx_word' id='word_1_102' title='bbox 908 762 999 809; x_wconf 76' lang='lat' dir='ltr'>Quo</span> <span class='ocrx_word' id='word_1_103' title='bbox 1037 773 1134 799; x_wconf 81' lang='lat' dir='ltr'>mox</span> <span class='ocrx_word' id='word_1_104' title='bbox 1174 760 1224 798; x_wconf 93' lang='lat' dir='ltr'>ad</span> <span class='ocrx_word' id='word_1_105' title='bbox 1263 759 1503 809; x_wconf 80' lang='lat' dir='ltr'>proximum</span> <span class='ocrx_word' id='word_1_106' title='bbox 1541 759 1703 799; x_wconf 82' lang='lat' dir='ltr'>Pascha</span> <span class='ocrx_word' id='word_1_107' title='bbox 1739 760 1861 799; x_wconf 89' lang='lat' dir='ltr'>liceat</span> 
     </span>
     <span class='ocr_line' id='line_1_15' title="bbox 256 824 1860 876; baseline -0.001 -11"><span class='ocrx_word' id='word_1_108' title='bbox 256 829 473 867; x_wconf 73' lang='lat' dir='ltr'>honestius</span> <span class='ocrx_word' id='word_1_109' title='bbox 505 828 661 866; x_wconf 91' lang='lat' dir='ltr'>iterum</span> <span class='ocrx_word' id='word_1_110' title='bbox 694 828 843 876; x_wconf 89' lang='lat' dir='ltr'>petere.</span> <span class='ocrx_word' id='word_1_111' title='bbox 904 826 1182 875; x_wconf 82' lang='lat' dir='ltr'>Quamobrem</span> <span class='ocrx_word' id='word_1_112' title='bbox 1217 825 1296 863; x_wconf 90' lang='lat' dir='ltr'>hoc</span> <span class='ocrx_word' id='word_1_113' title='bbox 1326 838 1424 875; x_wconf 86' lang='lat' dir='ltr'>agas</span> <span class='ocrx_word' id='word_1_114' title='bbox 1454 825 1590 873; x_wconf 89' lang='lat' dir='ltr'>velim,</span> <span class='ocrx_word' id='word_1_115' title='bbox 1624 824 1734 875; x_wconf 91' lang='lat' dir='ltr'>quod</span> <span class='ocrx_word' id='word_1_116' title='bbox 1766 839 1860 864; x_wconf 90' lang='lat' dir='ltr'>meo</span> 
     </span>
     <span class='ocr_line' id='line_1_16' title="bbox 255 892 939 942; baseline -0.003 -10"><span class='ocrx_word' id='word_1_117' title='bbox 255 895 372 942; x_wconf 90' lang='lat' dir='ltr'>bono,</span> <span class='ocrx_word' id='word_1_118' title='bbox 397 893 555 931; x_wconf 87' lang='lat' dir='ltr'>nullius</span> <span class='ocrx_word' id='word_1_119' title='bbox 574 892 837 931; x_wconf 88' lang='lat' dir='ltr'>incommodo</span> <span class='ocrx_word' id='word_1_120' title='bbox 858 892 939 930; x_wconf 89' lang='lat' dir='ltr'>fiet.</span> 
     </span>
    </p>

    <p class='ocr_par' dir='ltr' id='par_1_7' title="bbox 254 955 1861 1334">
     <span class='ocr_line' id='line_1_17' title="bbox 310 955 1860 1006; baseline -0.003 -9"><span class='ocrx_word' id='word_1_121' title='bbox 310 958 452 997; x_wconf 89' lang='lat' dir='ltr'>Morus</span> <span class='ocrx_word' id='word_1_122' title='bbox 483 958 617 997; x_wconf 84' lang='lat' dir='ltr'>adhuc</span> <span class='ocrx_word' id='word_1_123' title='bbox 650 960 713 996; x_wconf 88' lang='lat' dir='ltr'>est</span> <span class='ocrx_word' id='word_1_124' title='bbox 744 957 884 1004; x_wconf 89' lang='lat' dir='ltr'>Caleti,</span> <span class='ocrx_word' id='word_1_125' title='bbox 918 969 1069 1006; x_wconf 90' lang='lat' dir='ltr'>magno</span> <span class='ocrx_word' id='word_1_126' title='bbox 1098 958 1145 995; x_wconf 88' lang='lat' dir='ltr'>vt</span> <span class='ocrx_word' id='word_1_127' title='bbox 1174 958 1344 1006; x_wconf 88' lang='lat' dir='ltr'>apparet</span> <span class='ocrx_word' id='word_1_128' title='bbox 1374 968 1449 993; x_wconf 91' lang='lat' dir='ltr'>suo</span> <span class='ocrx_word' id='word_1_129' title='bbox 1479 957 1573 994; x_wconf 90' lang='lat' dir='ltr'>tum</span> <span class='ocrx_word' id='word_1_130' title='bbox 1605 955 1740 994; x_wconf 88' lang='lat' dir='ltr'>taedio</span> <span class='ocrx_word' id='word_1_131' title='bbox 1767 957 1860 994; x_wconf 91' lang='lat' dir='ltr'>tum</span> 
     </span>
     <span class='ocr_line' id='line_1_18' title="bbox 1309 1020 1861 1071; baseline 0.002 -12"><span class='ocrx_word' id='word_1_132' title='bbox 1309 1021 1375 1060; x_wconf 86' lang='lat' dir='ltr'>Sic</span> <span class='ocrx_word' id='word_1_133' title='bbox 1394 1033 1512 1071; x_wconf 90' lang='lat' dir='ltr'>reges</span> <span class='ocrx_word' id='word_1_134' title='bbox 1537 1020 1663 1059; x_wconf 91' lang='lat' dir='ltr'>beant</span> <span class='ocrx_word' id='word_1_135' title='bbox 1682 1020 1861 1070; x_wconf 88' lang='lat' dir='ltr'>amicos;</span> 
     </span>
     <span class='ocr_line' id='line_1_19' title="bbox 256 1085 1860 1136; baseline -0.001 -8"><span class='ocrx_word' id='word_1_136' title='bbox 256 1090 334 1128; x_wconf 89' lang='lat' dir='ltr'>hoc</span> <span class='ocrx_word' id='word_1_137' title='bbox 353 1092 416 1128; x_wconf 88' lang='lat' dir='ltr'>est</span> <span class='ocrx_word' id='word_1_138' title='bbox 434 1103 458 1128; x_wconf 87' lang='lat' dir='ltr'>a</span> <span class='ocrx_word' id='word_1_139' title='bbox 477 1088 756 1128; x_wconf 80' lang='lat' dir='ltr'>cardinalibus</span> <span class='ocrx_word' id='word_1_140' title='bbox 775 1088 972 1127; x_wconf 88' lang='lat' dir='ltr'>adamari.</span> <span class='ocrx_word' id='word_1_141' title='bbox 1031 1087 1099 1126; x_wconf 85' lang='lat' dir='ltr'>Sic</span> <span class='ocrx_word' id='word_1_142' title='bbox 1123 1089 1163 1126; x_wconf 89' lang='lat' dir='ltr'>et</span> <span class='ocrx_word' id='word_1_143' title='bbox 1189 1087 1372 1125; x_wconf 89' lang='lat' dir='ltr'>Paceum</span> <span class='ocrx_word' id='word_1_144' title='bbox 1392 1087 1477 1125; x_wconf 89' lang='lat' dir='ltr'>iam</span> <span class='ocrx_word' id='word_1_145' title='bbox 1497 1099 1622 1136; x_wconf 89' lang='lat' dir='ltr'>supra</span> <span class='ocrx_word' id='word_1_146' title='bbox 1641 1085 1860 1126; x_wconf 82' lang='lat' dir='ltr'>biennium</span> 
     </span>
     <span class='ocr_line' id='line_1_20' title="bbox 254 1151 1859 1205; baseline -0.002 -12"><span class='ocrx_word' id='word_1_147' title='bbox 254 1155 361 1205; x_wconf 75' lang='lat' dir='ltr'>apud</span> <span class='ocrx_word' id='word_1_148' title='bbox 382 1155 574 1194; x_wconf 89' lang='lat' dir='ltr'>Eluetios</span> <span class='ocrx_word' id='word_1_149' title='bbox 601 1155 831 1204; x_wconf 88' lang='lat' dir='ltr'>relegatum</span> <span class='ocrx_word' id='word_1_150' title='bbox 860 1154 1062 1192; x_wconf 84' lang='lat' dir='ltr'>detinent.</span> <span class='ocrx_word' id='word_1_151' title='bbox 1124 1153 1359 1203; x_wconf 83' lang='lat' dir='ltr'>Epistolam</span> <span class='ocrx_word' id='word_1_152' title='bbox 1387 1151 1502 1191; x_wconf 89' lang='lat' dir='ltr'>illius</span> <span class='ocrx_word' id='word_1_153' title='bbox 1530 1152 1594 1190; x_wconf 85' lang='lat' dir='ltr'>fac</span> <span class='ocrx_word' id='word_1_154' title='bbox 1622 1151 1859 1191; x_wconf 85' lang='lat' dir='ltr'>habeamus.</span> 
     </span>
     <span class='ocr_line' id='line_1_21' title="bbox 254 1217 1858 1267; baseline -0.002 -8"><span class='ocrx_word' id='word_1_155' title='bbox 254 1220 428 1259; x_wconf 88' lang='lat' dir='ltr'>Vtinam</span> <span class='ocrx_word' id='word_1_156' title='bbox 456 1222 528 1259; x_wconf 92' lang='lat' dir='ltr'>tuo</span> <span class='ocrx_word' id='word_1_157' title='bbox 558 1220 631 1259; x_wconf 89' lang='lat' dir='ltr'>fiat</span> <span class='ocrx_word' id='word_1_158' title='bbox 660 1220 877 1258; x_wconf 89' lang='lat' dir='ltr'>commodo</span> <span class='ocrx_word' id='word_1_159' title='bbox 900 1221 948 1258; x_wconf 88' lang='lat' dir='ltr'>vt</span> <span class='ocrx_word' id='word_1_160' title='bbox 976 1219 1044 1257; x_wconf 86' lang='lat' dir='ltr'>hic</span> <span class='ocrx_word' id='word_1_161' title='bbox 1073 1218 1290 1257; x_wconf 90' lang='lat' dir='ltr'>nobiscum</span> <span class='ocrx_word' id='word_1_162' title='bbox 1319 1217 1550 1267; x_wconf 84' lang='lat' dir='ltr'>hybernes;</span> <span class='ocrx_word' id='word_1_163' title='bbox 1581 1217 1740 1256; x_wconf 85' lang='lat' dir='ltr'>affatim</span> <span class='ocrx_word' id='word_1_164' title='bbox 1769 1230 1858 1256; x_wconf 92' lang='lat' dir='ltr'>con-</span> 
     </span>
     <span class='ocr_line' id='line_1_22' title="bbox 254 1282 1859 1334; baseline -0.002 -10"><span class='ocrx_word' id='word_1_165' title='bbox 254 1287 434 1324; x_wconf 85' lang='lat' dir='ltr'>feremus</span> <span class='ocrx_word' id='word_1_166' title='bbox 475 1285 634 1324; x_wconf 87' lang='lat' dir='ltr'>fabulas</span> <span class='ocrx_word' id='word_1_167' title='bbox 681 1287 854 1324; x_wconf 89' lang='lat' dir='ltr'>nostras.</span> <span class='ocrx_word' id='word_1_168' title='bbox 930 1284 1201 1334; x_wconf 88' lang='lat' dir='ltr'>Paraphrasis</span> <span class='ocrx_word' id='word_1_169' title='bbox 1242 1284 1327 1321; x_wconf 89' lang='lat' dir='ltr'>iam</span> <span class='ocrx_word' id='word_1_170' title='bbox 1374 1283 1425 1321; x_wconf 90' lang='lat' dir='ltr'>ad</span> <span class='ocrx_word' id='word_1_171' title='bbox 1473 1282 1628 1321; x_wconf 88' lang='lat' dir='ltr'>calcem</span> <span class='ocrx_word' id='word_1_172' title='bbox 1666 1282 1859 1321; x_wconf 87' lang='lat' dir='ltr'>decurrit.</span> 
     </span>
    </p>
   </div>
   <div class='ocr_carea' id='block_1_7' title="bbox 196 1348 1858 1402">
    <p class='ocr_par' dir='ltr' id='par_1_8' title="bbox 196 1348 1858 1402">
     <span class='ocr_line' id='line_1_23' title="bbox 196 1348 1858 1402; baseline -0.002 -12"><span class='ocrx_word' id='word_1_173' title='bbox 196 1365 210 1385; x_wconf 82' lang='lat'>2</span> <span class='ocrx_word' id='word_1_174' title='bbox 255 1352 442 1402; x_wconf 86' lang='lat' dir='ltr'>Triginta</span> <span class='ocrx_word' id='word_1_175' title='bbox 463 1365 534 1390; x_wconf 77' lang='lat' dir='ltr'>sex</span> <span class='ocrx_word' id='word_1_176' title='bbox 553 1351 788 1401; x_wconf 87' lang='lat' dir='ltr'>philippeos</span> <span class='ocrx_word' id='word_1_177' title='bbox 808 1352 864 1398; x_wconf 90' lang='lat' dir='ltr'>et,</span> <span class='ocrx_word' id='word_1_178' title='bbox 883 1352 931 1389; x_wconf 85' lang='lat' dir='ltr'>vt</span> <span class='ocrx_word' id='word_1_179' title='bbox 952 1349 1110 1400; x_wconf 85' lang='lat' dir='ltr'>opinor,</span> <span class='ocrx_word' id='word_1_180' title='bbox 1134 1351 1340 1398; x_wconf 85' lang='lat' dir='ltr'>praeterea</span> <span class='ocrx_word' id='word_1_181' title='bbox 1365 1348 1563 1386; x_wconf 88' lang='lat' dir='ltr'>nonnihil</span> <span class='ocrx_word' id='word_1_182' title='bbox 1583 1348 1732 1398; x_wconf 88' lang='lat' dir='ltr'>reliqui</span> <span class='ocrx_word' id='word_1_183' title='bbox 1751 1348 1858 1398; x_wconf 89' lang='lat' dir='ltr'>apud</span> 
     </span>
    </p>
   </div>
   <div class='ocr_carea' id='block_1_8' title="bbox 253 1412 1859 2056">
    <p class='ocr_par' dir='ltr' id='par_1_9' title="bbox 253 1412 1859 1597">
     <span class='ocr_line' id='line_1_24' title="bbox 255 1412 1859 1466; baseline -0.002 -10"><span class='ocrx_word' id='word_1_184' title='bbox 255 1417 485 1465; x_wconf 82' lang='lat' dir='ltr'>Nicolaum,</span> <span class='ocrx_word' id='word_1_185' title='bbox 506 1419 553 1455; x_wconf 89' lang='lat' dir='ltr'>vt</span> <span class='ocrx_word' id='word_1_186' title='bbox 580 1416 757 1454; x_wconf 87' lang='lat' dir='ltr'>solueret</span> <span class='ocrx_word' id='word_1_187' title='bbox 783 1429 857 1466; x_wconf 89' lang='lat' dir='ltr'>pro</span> <span class='ocrx_word' id='word_1_188' title='bbox 877 1415 1100 1466; x_wconf 84' lang='lat' dir='ltr'>stragulis3</span> <span class='ocrx_word' id='word_1_189' title='bbox 1131 1416 1172 1453; x_wconf 87' lang='lat' dir='ltr'>et</span> <span class='ocrx_word' id='word_1_190' title='bbox 1196 1415 1255 1453; x_wconf 86' lang='lat' dir='ltr'>ita</span> <span class='ocrx_word' id='word_1_191' title='bbox 1277 1413 1426 1464; x_wconf 89' lang='lat' dir='ltr'>reliqui</span> <span class='ocrx_word' id='word_1_192' title='bbox 1445 1415 1492 1452; x_wconf 90' lang='lat' dir='ltr'>vt</span> <span class='ocrx_word' id='word_1_193' title='bbox 1516 1412 1655 1452; x_wconf 90' lang='lat' dir='ltr'>soluta</span> <span class='ocrx_word' id='word_1_194' title='bbox 1683 1413 1859 1463; x_wconf 88' lang='lat' dir='ltr'>pecunia</span> 
     </span>
     <span class='ocr_line' id='line_1_25' title="bbox 254 1478 1859 1533; baseline -0.003 -12"><span class='ocrx_word' id='word_1_195' title='bbox 254 1483 462 1533; x_wconf 88' lang='lat' dir='ltr'>reliquum</span> <span class='ocrx_word' id='word_1_196' title='bbox 490 1482 568 1521; x_wconf 84' lang='lat' dir='ltr'>tibi</span> <span class='ocrx_word' id='word_1_197' title='bbox 593 1481 836 1520; x_wconf 88' lang='lat' dir='ltr'>restitueret.</span> <span class='ocrx_word' id='word_1_198' title='bbox 896 1481 952 1519; x_wconf 90' lang='lat' dir='ltr'>Et</span> <span class='ocrx_word' id='word_1_199' title='bbox 980 1480 1156 1519; x_wconf 86' lang='lat' dir='ltr'>memini</span> <span class='ocrx_word' id='word_1_200' title='bbox 1186 1492 1255 1518; x_wconf 89' lang='lat' dir='ltr'>me</span> <span class='ocrx_word' id='word_1_201' title='bbox 1284 1478 1496 1529; x_wconf 85' lang='lat' dir='ltr'>scripsisse</span> <span class='ocrx_word' id='word_1_202' title='bbox 1525 1491 1650 1528; x_wconf 90' lang='lat' dir='ltr'>super</span> <span class='ocrx_word' id='word_1_203' title='bbox 1678 1478 1756 1517; x_wconf 89' lang='lat' dir='ltr'>hac</span> <span class='ocrx_word' id='word_1_204' title='bbox 1784 1492 1859 1527; x_wconf 80' lang='lat' dir='ltr'>re3</span> 
     </span>
     <span class='ocr_line' id='line_1_26' title="bbox 253 1545 1209 1597; baseline -0.003 -11"><span class='ocrx_word' id='word_1_205' title='bbox 253 1552 301 1587; x_wconf 89' lang='lat' dir='ltr'>tu</span> <span class='ocrx_word' id='word_1_206' title='bbox 321 1551 462 1586; x_wconf 90' lang='lat' dir='ltr'>tamen</span> <span class='ocrx_word' id='word_1_207' title='bbox 483 1547 591 1586; x_wconf 89' lang='lat' dir='ltr'>nihil</span> <span class='ocrx_word' id='word_1_208' title='bbox 612 1547 841 1597; x_wconf 88' lang='lat' dir='ltr'>respondes.</span> <span class='ocrx_word' id='word_1_209' title='bbox 904 1546 984 1584; x_wconf 86' lang='lat' dir='ltr'>Fac</span> <span class='ocrx_word' id='word_1_210' title='bbox 1004 1548 1049 1584; x_wconf 84' lang='lat' dir='ltr'>vt</span> <span class='ocrx_word' id='word_1_211' title='bbox 1070 1545 1209 1584; x_wconf 82' lang='lat' dir='ltr'>sciam.</span> 
     </span>
    </p>

    <p class='ocr_par' dir='ltr' id='par_1_10' title="bbox 253 1609 1857 1783">
     <span class='ocr_line' id='line_1_27' title="bbox 308 1609 1857 1660; baseline -0.003 -8"><span class='ocrx_word' id='word_1_212' title='bbox 308 1614 371 1652; x_wconf 91' lang='lat' dir='ltr'>Ne</span> <span class='ocrx_word' id='word_1_213' title='bbox 400 1613 589 1651; x_wconf 85' lang='lat' dir='ltr'>remittas</span> <span class='ocrx_word' id='word_1_214' title='bbox 609 1614 734 1652; x_wconf 85' lang='lat' dir='ltr'>Croco</span> <span class='ocrx_word' id='word_1_215' title='bbox 761 1625 859 1650; x_wconf 90' lang='lat' dir='ltr'>suos</span> <span class='ocrx_word' id='word_1_216' title='bbox 887 1611 1015 1650; x_wconf 89' lang='lat' dir='ltr'>libros</span> <span class='ocrx_word' id='word_1_217' title='bbox 1045 1611 1288 1660; x_wconf 83' lang='lat' dir='ltr'>priusquam</span> <span class='ocrx_word' id='word_1_218' title='bbox 1318 1609 1575 1657; x_wconf 86' lang='lat' dir='ltr'>viderimus;</span> <span class='ocrx_word' id='word_1_219' title='bbox 1604 1609 1690 1659; x_wconf 87' lang='lat' dir='ltr'>agit</span> <span class='ocrx_word' id='word_1_220' title='bbox 1713 1609 1857 1648; x_wconf 87' lang='lat' dir='ltr'>Canta-</span> 
     </span>
     <span class='ocr_line' id='line_1_28' title="bbox 254 1674 1857 1728; baseline -0.002 -12"><span class='ocrx_word' id='word_1_221' title='bbox 254 1678 416 1728; x_wconf 89' lang='lat' dir='ltr'>brigiae,</span> <span class='ocrx_word' id='word_1_222' title='bbox 440 1678 527 1716; x_wconf 89' lang='lat' dir='ltr'>illic</span> <span class='ocrx_word' id='word_1_223' title='bbox 550 1679 723 1716; x_wconf 82' lang='lat' dir='ltr'>Graecas</span> <span class='ocrx_word' id='word_1_224' title='bbox 743 1678 1003 1727; x_wconf 87' lang='lat' dir='ltr'>professurus</span> <span class='ocrx_word' id='word_1_225' title='bbox 1022 1676 1175 1715; x_wconf 89' lang='lat' dir='ltr'>literas.</span> <span class='ocrx_word' id='word_1_226' title='bbox 1237 1674 1467 1714; x_wconf 85' lang='lat' dir='ltr'>Dissimula</span> <span class='ocrx_word' id='word_1_227' title='bbox 1486 1674 1602 1713; x_wconf 90' lang='lat' dir='ltr'>illius</span> <span class='ocrx_word' id='word_1_228' title='bbox 1622 1674 1763 1713; x_wconf 90' lang='lat' dir='ltr'>literas</span> <span class='ocrx_word' id='word_1_229' title='bbox 1778 1674 1857 1712; x_wconf 88' lang='lat' dir='ltr'>tibi</span> 
     </span>
     <span class='ocr_line' id='line_1_29' title="bbox 253 1744 445 1783; baseline 0.01 -2"><span class='ocrx_word' id='word_1_230' title='bbox 253 1744 445 1783; x_wconf 89' lang='lat' dir='ltr'>redditas.</span> 
     </span>
    </p>

    <p class='ocr_par' dir='ltr' id='par_1_11' title="bbox 253 1800 1858 2056">
     <span class='ocr_line' id='line_1_30' title="bbox 307 1800 1858 1858; baseline -0.005 -10"><span class='ocrx_word' id='word_1_231' title='bbox 307 1810 489 1848; x_wconf 88' lang='lat' dir='ltr'>Medicus</span> <span class='ocrx_word' id='word_1_232' title='bbox 508 1800 632 1858; x_wconf 88' lang='lat' dir='ltr'>petiit</span> <span class='ocrx_word' id='word_1_233' title='bbox 651 1809 836 1847; x_wconf 89' lang='lat' dir='ltr'>inducias</span> <span class='ocrx_word' id='word_1_234' title='bbox 856 1806 1168 1857; x_wconf 87' lang='lat' dir='ltr'>quatuordecim</span> <span class='ocrx_word' id='word_1_235' title='bbox 1188 1806 1363 1844; x_wconf 89' lang='lat' dir='ltr'>dierum.</span> <span class='ocrx_word' id='word_1_236' title='bbox 1425 1805 1488 1843; x_wconf 83' lang='lat' dir='ltr'>Tu</span> <span class='ocrx_word' id='word_1_237' title='bbox 1515 1805 1550 1843; x_wconf 89' lang='lat' dir='ltr'>si</span> <span class='ocrx_word' id='word_1_238' title='bbox 1577 1805 1684 1843; x_wconf 89' lang='lat' dir='ltr'>forte</span> <span class='ocrx_word' id='word_1_239' title='bbox 1703 1803 1858 1842; x_wconf 86' lang='lat' dir='ltr'>videris</span> 
     </span>
     <span class='ocr_line' id='line_1_31' title="bbox 254 1869 1855 1925; baseline -0.003 -13"><span class='ocrx_word' id='word_1_240' title='bbox 254 1875 479 1924; x_wconf 84' lang='lat' dir='ltr'>hominem,</span> <span class='ocrx_word' id='word_1_241' title='bbox 512 1875 621 1925; x_wconf 89' lang='lat' dir='ltr'>finge</span> <span class='ocrx_word' id='word_1_242' title='bbox 648 1877 690 1912; x_wconf 89' lang='lat' dir='ltr'>te</span> <span class='ocrx_word' id='word_1_243' title='bbox 718 1874 983 1923; x_wconf 88' lang='lat' dir='ltr'>pudefactum</span> <span class='ocrx_word' id='word_1_244' title='bbox 1012 1872 1120 1922; x_wconf 87' lang='lat' dir='ltr'>apud</span> <span class='ocrx_word' id='word_1_245' title='bbox 1145 1885 1211 1910; x_wconf 90' lang='lat' dir='ltr'>me</span> <span class='ocrx_word' id='word_1_246' title='bbox 1237 1871 1283 1909; x_wconf 90' lang='lat' dir='ltr'>ni</span> <span class='ocrx_word' id='word_1_247' title='bbox 1312 1870 1493 1909; x_wconf 88' lang='lat' dir='ltr'>resoluat</span> <span class='ocrx_word' id='word_1_248' title='bbox 1516 1870 1624 1920; x_wconf 91' lang='lat' dir='ltr'>quod</span> <span class='ocrx_word' id='word_1_249' title='bbox 1651 1869 1855 1919; x_wconf 87' lang='lat' dir='ltr'>promisit.</span> 
     </span>
     <span class='ocr_line' id='line_1_32' title="bbox 254 1934 1856 1989; baseline -0.004 -10"><span class='ocrx_word' id='word_1_250' title='bbox 254 1941 373 1979; x_wconf 86' lang='lat' dir='ltr'>Idem</span> <span class='ocrx_word' id='word_1_251' title='bbox 392 1941 500 1979; x_wconf 85' lang='lat' dir='ltr'>dicat</span> <span class='ocrx_word' id='word_1_252' title='bbox 520 1939 573 1979; x_wconf 92' lang='lat' dir='ltr'>M.</span> <span class='ocrx_word' id='word_1_253' title='bbox 594 1939 800 1988; x_wconf 87' lang='lat' dir='ltr'>Nicolaus,</span> <span class='ocrx_word' id='word_1_254' title='bbox 823 1938 896 1989; x_wconf 87' lang='lat' dir='ltr'>qui</span> <span class='ocrx_word' id='word_1_255' title='bbox 919 1937 1097 1977; x_wconf 86' lang='lat' dir='ltr'>audierit</span> <span class='ocrx_word' id='word_1_256' title='bbox 1116 1950 1213 1976; x_wconf 88' lang='lat' dir='ltr'>eum</span> <span class='ocrx_word' id='word_1_257' title='bbox 1233 1936 1292 1975; x_wconf 89' lang='lat' dir='ltr'>sic</span> <span class='ocrx_word' id='word_1_258' title='bbox 1313 1936 1577 1975; x_wconf 88' lang='lat' dir='ltr'>deierantem.</span> <span class='ocrx_word' id='word_1_259' title='bbox 1639 1934 1856 1985; x_wconf 88' lang='lat' dir='ltr'>Optassem</span> 
     </span>
     <span class='ocr_line' id='line_1_33' title="bbox 253 2000 1858 2056; baseline -0.003 -12"><span class='ocrx_word' id='word_1_260' title='bbox 253 2006 440 2056; x_wconf 89' lang='lat' dir='ltr'>sigillum</span> <span class='ocrx_word' id='word_1_261' title='bbox 459 2005 686 2055; x_wconf 85' lang='lat' dir='ltr'>temperius</span> <span class='ocrx_word' id='word_1_262' title='bbox 704 2004 881 2043; x_wconf 90' lang='lat' dir='ltr'>missum</span> <span class='ocrx_word' id='word_1_263' title='bbox 898 2004 1025 2042; x_wconf 88' lang='lat' dir='ltr'>fuisse</span> <span class='ocrx_word' id='word_1_264' title='bbox 1048 2018 1056 2051; x_wconf 93' lang='lat'>;</span> <span class='ocrx_word' id='word_1_265' title='bbox 1085 2004 1155 2042; x_wconf 89' lang='lat' dir='ltr'>sed</span> <span class='ocrx_word' id='word_1_266' title='bbox 1176 2002 1254 2041; x_wconf 87' lang='lat' dir='ltr'>tibi</span> <span class='ocrx_word' id='word_1_267' title='bbox 1275 2001 1383 2040; x_wconf 92' lang='lat' dir='ltr'>nihil</span> <span class='ocrx_word' id='word_1_268' title='bbox 1396 2000 1571 2051; x_wconf 83' lang='lat' dir='ltr'>imputo,</span> <span class='ocrx_word' id='word_1_269' title='bbox 1587 2013 1671 2039; x_wconf 92' lang='lat' dir='ltr'>non</span> <span class='ocrx_word' id='word_1_270' title='bbox 1687 2000 1858 2051; x_wconf 82' lang='lat' dir='ltr'>ignarus</span> 
     </span>
    </p>
   </div>
   <div class='ocr_carea' id='block_1_9' title="bbox 253 2069 1854 2185">
    <p class='ocr_par' dir='ltr' id='par_1_12' title="bbox 253 2069 1854 2185">
     <span class='ocr_line' id='line_1_34' title="bbox 253 2069 1018 2121; baseline -0.004 -11"><span class='ocrx_word' id='word_1_271' title='bbox 253 2072 458 2121; x_wconf 77' lang='lat' dir='ltr'>quomodo</span> <span class='ocrx_word' id='word_1_272' title='bbox 478 2074 550 2110; x_wconf 89' lang='lat' dir='ltr'>tua</span> <span class='ocrx_word' id='word_1_273' title='bbox 568 2070 698 2121; x_wconf 88' lang='lat' dir='ltr'>ipsius</span> <span class='ocrx_word' id='word_1_274' title='bbox 719 2082 816 2121; x_wconf 90' lang='lat' dir='ltr'>agas</span> <span class='ocrx_word' id='word_1_275' title='bbox 834 2069 1018 2120; x_wconf 86' lang='lat' dir='ltr'>negocia.</span> 
     </span>
     <span class='ocr_line' id='line_1_35' title="bbox 305 2130 1854 2185; baseline -0.003 -10"><span class='ocrx_word' id='word_1_276' title='bbox 305 2137 467 2175; x_wconf 88' lang='lat' dir='ltr'>Inclusi</span> <span class='ocrx_word' id='word_1_277' title='bbox 496 2137 580 2175; x_wconf 90' lang='lat' dir='ltr'>tuis</span> <span class='ocrx_word' id='word_1_278' title='bbox 609 2136 743 2174; x_wconf 88' lang='lat' dir='ltr'>literis</span> <span class='ocrx_word' id='word_1_279' title='bbox 772 2135 1030 2185; x_wconf 89' lang='lat' dir='ltr'>syngraphas</span> <span class='ocrx_word' id='word_1_280' title='bbox 1058 2147 1172 2174; x_wconf 88' lang='lat' dir='ltr'>meas</span> <span class='ocrx_word' id='word_1_281' title='bbox 1203 2135 1244 2172; x_wconf 92' lang='lat' dir='ltr'>et</span> <span class='ocrx_word' id='word_1_282' title='bbox 1274 2131 1495 2183; x_wconf 88' lang='lat' dir='ltr'>epistolam</span> <span class='ocrx_word' id='word_1_283' title='bbox 1531 2130 1854 2171; x_wconf 87' lang='lat' dir='ltr'>Cantuariensis.</span> 
     </span>
    </p>
   </div>
   <div class='ocr_carea' id='block_1_10' title="bbox 251 2257 1855 2343">
    <p class='ocr_par' dir='ltr' id='par_1_13' title="bbox 251 2257 1855 2343">
     <span class='ocr_line' id='line_1_36' title="bbox 294 2257 1855 2301; baseline -0.003 -9"><span class='ocrx_word' id='word_1_284' title='bbox 294 2263 324 2293; x_wconf 89' lang='lat'>8.</span> <span class='ocrx_word' id='word_1_285' title='bbox 344 2262 512 2301; x_wconf 77' lang='lat' dir='ltr'>Sterligfi.</span> <span class='ocrx_word' id='word_1_286' title='bbox 532 2264 577 2292; x_wconf 85' lang='lat' dir='ltr'>F:</span> <span class='ocrx_word' id='word_1_287' title='bbox 597 2260 785 2300; x_wconf 74' lang='lat' dir='ltr'>Sterligefi.</span> <span class='ocrx_word' id='word_1_288' title='bbox 797 2261 833 2289; x_wconf 88' lang='lat' dir='ltr'><strong><em>H</em></strong></span> <span class='ocrx_word' id='word_1_289' title='bbox 846 2271 853 2290; x_wconf 89' lang='lat'>:</span> <span class='ocrx_word' id='word_1_290' title='bbox 871 2258 1132 2298; x_wconf 72' lang='lat' dir='ltr'>Stel-lingenses</span> <span class='ocrx_word' id='word_1_291' title='bbox 1146 2258 1204 2290; x_wconf 62' lang='lat' dir='ltr'>NS.</span> <span class='ocrx_word' id='word_1_292' title='bbox 1294 2268 1325 2297; x_wconf 89' lang='lat'>9.</span> <span class='ocrx_word' id='word_1_293' title='bbox 1345 2257 1511 2289; x_wconf 90' lang='lat' dir='ltr'>Crullum</span> <span class='ocrx_word' id='word_1_294' title='bbox 1523 2259 1562 2289; x_wconf 83' lang='lat' dir='ltr'>F.</span> <span class='ocrx_word' id='word_1_295' title='bbox 1664 2267 1713 2297; x_wconf 87' lang='lat'>13.</span> <span class='ocrx_word' id='word_1_296' title='bbox 1733 2257 1855 2288; x_wconf 83' lang='lat' dir='ltr'>tamen</span> 
     </span>
     <span class='ocr_line' id='line_1_37' title="bbox 251 2301 1676 2343; baseline -0.003 -7"><span class='ocrx_word' id='word_1_297' title='bbox 251 2309 298 2336; x_wconf 85' lang='lat' dir='ltr'>F:</span> <span class='ocrx_word' id='word_1_298' title='bbox 322 2308 401 2336; x_wconf 86' lang='lat' dir='ltr'>tum</span> <span class='ocrx_word' id='word_1_299' title='bbox 418 2308 454 2336; x_wconf 88' lang='lat' dir='ltr'>E.</span> <span class='ocrx_word' id='word_1_300' title='bbox 560 2314 610 2343; x_wconf 86' lang='lat'>19.</span> <span class='ocrx_word' id='word_1_301' title='bbox 635 2314 698 2335; x_wconf 88' lang='lat' dir='ltr'>suo</span> <span class='ocrx_word' id='word_1_302' title='bbox 715 2314 773 2335; x_wconf 80' lang='lat' dir='ltr'>om.</span> <span class='ocrx_word' id='word_1_303' title='bbox 792 2305 834 2334; x_wconf 87' lang='lat' dir='ltr'>H.</span> <span class='ocrx_word' id='word_1_304' title='bbox 936 2313 991 2341; x_wconf 86' lang='grc'>29.</span> <span class='ocrx_word' id='word_1_305' title='bbox 1015 2302 1124 2334; x_wconf 87' lang='lat' dir='ltr'>Croco</span> <span class='ocrx_word' id='word_1_306' title='bbox 1142 2305 1190 2333; x_wconf 87' lang='lat' dir='ltr'>E:</span> <span class='ocrx_word' id='word_1_307' title='bbox 1208 2301 1251 2333; x_wconf 89' lang='lat' dir='ltr'>N.</span> <span class='ocrx_word' id='word_1_308' title='bbox 1267 2305 1304 2333; x_wconf 88' lang='lat' dir='ltr'>F.</span> <span class='ocrx_word' id='word_1_309' title='bbox 1410 2311 1462 2340; x_wconf 84' lang='lat'>34.</span> <span class='ocrx_word' id='word_1_310' title='bbox 1491 2301 1539 2334; x_wconf 91' lang='lat' dir='ltr'>M.</span> <span class='ocrx_word' id='word_1_311' title='bbox 1558 2311 1616 2332; x_wconf 82' lang='lat' dir='ltr'>om.</span> <span class='ocrx_word' id='word_1_312' title='bbox 1633 2303 1676 2332; x_wconf 88' lang='lat' dir='ltr'>H.</span> 
     </span>
    </p>
   </div>
   <div class='ocr_carea' id='block_1_11' title="bbox 250 2424 1025 3030">
    <p class='ocr_par' dir='ltr' id='par_1_14' title="bbox 293 2424 863 2465">
     <span class='ocr_line' id='line_1_38' title="bbox 293 2424 863 2465; baseline -0.005 -9"><span class='ocrx_word' id='word_1_313' title='bbox 293 2435 324 2463; x_wconf 89' lang='lat'>9.</span> <span class='ocrx_word' id='word_1_314' title='bbox 349 2424 529 2465; x_wconf 88' lang='lat' dir='ltr'>Crullem]</span> <span class='ocrx_word' id='word_1_315' title='bbox 546 2425 598 2457; x_wconf 88' lang='lat' dir='ltr'>Cf.</span> <span class='ocrx_word' id='word_1_316' title='bbox 616 2424 681 2463; x_wconf 89' lang='lat' dir='ltr'>Ep.</span> <span class='ocrx_word' id='word_1_317' title='bbox 697 2433 772 2463; x_wconf 85' lang='lat'>545.</span> <span class='ocrx_word' id='word_1_318' title='bbox 789 2435 808 2454; x_wconf 87' lang='lat'><strong>2</strong></span> <span class='ocrx_word' id='word_1_319' title='bbox 828 2433 863 2454; x_wconf 92' lang='lat' dir='ltr'>n.</span> 
     </span>
    </p>

    <p class='ocr_par' dir='ltr' id='par_1_15' title="bbox 250 2466 1019 2682">
     <span class='ocr_line' id='line_1_39' title="bbox 296 2466 1017 2509; baseline -0.003 -10"><span class='ocrx_word' id='word_1_320' title='bbox 296 2478 344 2507; x_wconf 90' lang='lat'>17.</span> <span class='ocrx_word' id='word_1_321' title='bbox 372 2468 523 2509; x_wconf 80' lang='lat' dir='ltr'>iterum]</span> <span class='ocrx_word' id='word_1_322' title='bbox 593 2468 764 2500; x_wconf 86' lang='lat' dir='ltr'>Erasmus</span> <span class='ocrx_word' id='word_1_323' title='bbox 831 2466 1017 2506; x_wconf 87' lang='lat' dir='ltr'>evidently</span> 
     </span>
     <span class='ocr_line' id='line_1_40' title="bbox 251 2511 1017 2551; baseline -0.001 -10"><span class='ocrx_word' id='word_1_324' title='bbox 251 2512 387 2542; x_wconf 86' lang='lat' dir='ltr'>wished</span> <span class='ocrx_word' id='word_1_325' title='bbox 405 2512 487 2543; x_wconf 82' lang='lat' dir='ltr'>that</span> <span class='ocrx_word' id='word_1_326' title='bbox 501 2513 563 2543; x_wconf 87' lang='lat' dir='ltr'>the</span> <span class='ocrx_word' id='word_1_327' title='bbox 579 2512 703 2551; x_wconf 86' lang='lat' dir='ltr'>spring</span> <span class='ocrx_word' id='word_1_328' title='bbox 719 2512 891 2551; x_wconf 80' lang='lat' dir='ltr'>payment</span> <span class='ocrx_word' id='word_1_329' title='bbox 909 2511 947 2540; x_wconf 84' lang='lat' dir='ltr'>of</span> <span class='ocrx_word' id='word_1_330' title='bbox 959 2511 1017 2540; x_wconf 89' lang='lat' dir='ltr'>his</span> 
     </span>
     <span class='ocr_line' id='line_1_41' title="bbox 250 2553 1016 2596; baseline -0.001 -11"><span class='ocrx_word' id='word_1_331' title='bbox 250 2555 449 2595; x_wconf 87' lang='lat' dir='ltr'>Aldington</span> <span class='ocrx_word' id='word_1_332' title='bbox 472 2556 623 2596; x_wconf 87' lang='lat' dir='ltr'>pension</span> <span class='ocrx_word' id='word_1_333' title='bbox 655 2556 733 2595; x_wconf 86' lang='lat' dir='ltr'>(Ep.</span> <span class='ocrx_word' id='word_1_334' title='bbox 767 2564 832 2594; x_wconf 83' lang='lat'>255</span> <span class='ocrx_word' id='word_1_335' title='bbox 865 2553 1016 2593; x_wconf 76' lang='lat' dir='ltr'>introd.)</span> 
     </span>
     <span class='ocr_line' id='line_1_42' title="bbox 251 2597 1019 2639; baseline 0 -11"><span class='ocrx_word' id='word_1_336' title='bbox 251 2599 380 2630; x_wconf 70' lang='lat' dir='ltr'>should</span> <span class='ocrx_word' id='word_1_337' title='bbox 412 2600 453 2630; x_wconf 88' lang='lat' dir='ltr'>be</span> <span class='ocrx_word' id='word_1_338' title='bbox 481 2599 585 2630; x_wconf 87' lang='lat' dir='ltr'>made</span> <span class='ocrx_word' id='word_1_339' title='bbox 610 2599 844 2639; x_wconf 86' lang='lat' dir='ltr'>punctually3</span> <span class='ocrx_word' id='word_1_340' title='bbox 880 2597 972 2628; x_wconf 85' lang='lat' dir='ltr'>with</span> <span class='ocrx_word' id='word_1_341' title='bbox 999 2606 1019 2627; x_wconf 84' lang='lat' dir='ltr'>a</span> 
     </span>
     <span class='ocr_line' id='line_1_43' title="bbox 251 2642 822 2682; baseline 0 -10"><span class='ocrx_word' id='word_1_342' title='bbox 251 2644 342 2674; x_wconf 83' lang='lat' dir='ltr'>view</span> <span class='ocrx_word' id='word_1_343' title='bbox 358 2645 396 2674; x_wconf 90' lang='lat' dir='ltr'>to</span> <span class='ocrx_word' id='word_1_344' title='bbox 412 2643 471 2674; x_wconf 81' lang='lat' dir='ltr'>his</span> <span class='ocrx_word' id='word_1_345' title='bbox 483 2642 636 2682; x_wconf 70' lang='lat' dir='ltr'>¹journey</span> <span class='ocrx_word' id='word_1_346' title='bbox 653 2644 689 2673; x_wconf 84' lang='lat' dir='ltr'>to</span> <span class='ocrx_word' id='word_1_347' title='bbox 707 2642 822 2673; x_wconf 88' lang='lat' dir='ltr'>Basle.</span> 
     </span>
    </p>

    <p class='ocr_par' dir='ltr' id='par_1_16' title="bbox 297 2686 866 2727">
     <span class='ocr_line' id='line_1_44' title="bbox 297 2686 866 2727; baseline -0.004 -10"><span class='ocrx_word' id='word_1_348' title='bbox 297 2696 345 2725; x_wconf 86' lang='lat'>19.</span> <span class='ocrx_word' id='word_1_349' title='bbox 371 2686 506 2727; x_wconf 85' lang='lat' dir='ltr'>Morus]</span> <span class='ocrx_word' id='word_1_350' title='bbox 525 2686 576 2717; x_wconf 86' lang='lat' dir='ltr'>Cf.</span> <span class='ocrx_word' id='word_1_351' title='bbox 595 2686 659 2725; x_wconf 90' lang='lat' dir='ltr'>Ep.</span> <span class='ocrx_word' id='word_1_352' title='bbox 678 2687 752 2724; x_wconf 84' lang='lat'>623.</span> <span class='ocrx_word' id='word_1_353' title='bbox 772 2696 815 2716; x_wconf 86' lang='lat'>20</span> <span class='ocrx_word' id='word_1_354' title='bbox 829 2695 866 2716; x_wconf 88' lang='lat' dir='ltr'>n.</span> 
     </span>
    </p>

    <p class='ocr_par' dir='ltr' id='par_1_17' title="bbox 294 2729 902 2770">
     <span class='ocr_line' id='line_1_45' title="bbox 294 2729 902 2770; baseline 0.002 -12"><span class='ocrx_word' id='word_1_355' title='bbox 294 2740 346 2761; x_wconf 79' lang='lat'>21.</span> <span class='ocrx_word' id='word_1_356' title='bbox 374 2729 545 2770; x_wconf 84' lang='lat' dir='ltr'>Paceum]</span> <span class='ocrx_word' id='word_1_357' title='bbox 559 2730 611 2761; x_wconf 88' lang='lat' dir='ltr'>Cf.</span> <span class='ocrx_word' id='word_1_358' title='bbox 631 2729 693 2769; x_wconf 90' lang='lat' dir='ltr'>Ep.</span> <span class='ocrx_word' id='word_1_359' title='bbox 713 2730 788 2769; x_wconf 84' lang='lat'>388.</span> <span class='ocrx_word' id='word_1_360' title='bbox 807 2739 849 2768; x_wconf 91' lang='lat'>94</span> <span class='ocrx_word' id='word_1_361' title='bbox 867 2738 902 2760; x_wconf 90' lang='lat' dir='ltr'>n.</span> 
     </span>
    </p>

    <p class='ocr_par' dir='ltr' id='par_1_18' title="bbox 250 2772 1022 2889">
     <span class='ocr_line' id='line_1_46' title="bbox 294 2772 1017 2814; baseline 0 -13"><span class='ocrx_word' id='word_1_362' title='bbox 294 2783 346 2803; x_wconf 86' lang='grc'>22.</span> <span class='ocrx_word' id='word_1_363' title='bbox 373 2773 584 2814; x_wconf 84' lang='lat' dir='ltr'>Epistolam]</span> <span class='ocrx_word' id='word_1_364' title='bbox 626 2773 783 2812; x_wconf 84' lang='lat' dir='ltr'>Perhaps</span> <span class='ocrx_word' id='word_1_365' title='bbox 829 2772 893 2811; x_wconf 89' lang='lat' dir='ltr'>Ep.</span> <span class='ocrx_word' id='word_1_366' title='bbox 941 2772 1017 2811; x_wconf 86' lang='lat'>619,</span> 
     </span>
     <span class='ocr_line' id='line_1_47' title="bbox 251 2814 1022 2857; baseline 0.001 -13"><span class='ocrx_word' id='word_1_367' title='bbox 251 2816 372 2846; x_wconf 89' lang='lat' dir='ltr'>which</span> <span class='ocrx_word' id='word_1_368' title='bbox 393 2826 476 2857; x_wconf 85' lang='lat' dir='ltr'>may</span> <span class='ocrx_word' id='word_1_369' title='bbox 500 2817 590 2848; x_wconf 84' lang='lat' dir='ltr'>have</span> <span class='ocrx_word' id='word_1_370' title='bbox 614 2817 703 2847; x_wconf 88' lang='lat' dir='ltr'>been</span> <span class='ocrx_word' id='word_1_371' title='bbox 727 2818 807 2847; x_wconf 85' lang='lat' dir='ltr'>sent</span> <span class='ocrx_word' id='word_1_372' title='bbox 830 2815 886 2846; x_wconf 86' lang='lat' dir='ltr'>for</span> <span class='ocrx_word' id='word_1_373' title='bbox 910 2814 1022 2846; x_wconf 87' lang='lat' dir='ltr'>Gilles</span> 
     </span>
     <span class='ocr_line' id='line_1_48' title="bbox 250 2861 368 2889; baseline 0.008 -1"><span class='ocrx_word' id='word_1_374' title='bbox 250 2861 285 2888; x_wconf 87' lang='lat' dir='ltr'>to</span> <span class='ocrx_word' id='word_1_375' title='bbox 302 2869 368 2889; x_wconf 88' lang='lat' dir='ltr'>see.</span> 
     </span>
    </p>

    <p class='ocr_par' dir='ltr' id='par_1_19' title="bbox 294 2902 878 2943">
     <span class='ocr_line' id='line_1_49' title="bbox 294 2902 878 2943; baseline 0.003 -11"><span class='ocrx_word' id='word_1_376' title='bbox 294 2912 347 2940; x_wconf 85' lang='lat'>24.</span> <span class='ocrx_word' id='word_1_377' title='bbox 375 2902 621 2943; x_wconf 86' lang='lat' dir='ltr'>Paraphrasis]</span> <span class='ocrx_word' id='word_1_378' title='bbox 641 2904 702 2934; x_wconf 84' lang='lat' dir='ltr'>See</span> <span class='ocrx_word' id='word_1_379' title='bbox 721 2902 781 2942; x_wconf 89' lang='lat' dir='ltr'>Ep.</span> <span class='ocrx_word' id='word_1_380' title='bbox 803 2913 878 2942; x_wconf 90' lang='lat'>710.</span> 
     </span>
    </p>

    <p class='ocr_par' dir='ltr' id='par_1_20' title="bbox 253 2944 1025 3030">
     <span class='ocr_line' id='line_1_50' title="bbox 295 2944 1025 2986; baseline 0.001 -11"><span class='ocrx_word' id='word_1_381' title='bbox 295 2947 348 2976; x_wconf 88' lang='grc'>26.</span> <span class='ocrx_word' id='word_1_382' title='bbox 371 2945 575 2986; x_wconf 86' lang='lat' dir='ltr'>Nicolaum]</span> <span class='ocrx_word' id='word_1_383' title='bbox 631 2946 809 2986; x_wconf 86' lang='lat' dir='ltr'>Probably</span> <span class='ocrx_word' id='word_1_384' title='bbox 856 2946 932 2978; x_wconf 90' lang='lat' dir='ltr'>Nic.</span> <span class='ocrx_word' id='word_1_385' title='bbox 988 2944 1025 2976; x_wconf 84' lang='lat' dir='ltr'>of</span> 
     </span>
     <span class='ocr_line' id='line_1_51' title="bbox 253 2988 1021 3030; baseline 0 -12"><span class='ocrx_word' id='word_1_386' title='bbox 253 2989 544 3029; x_wconf 83' lang='lat' dir='ltr'>Hertogenbosch</span> <span class='ocrx_word' id='word_1_387' title='bbox 563 2990 641 3029; x_wconf 49' lang='lat' dir='ltr'>ng.</span> <span class='ocrx_word' id='word_1_388' title='bbox 658 2991 731 3020; x_wconf 84' lang='lat'>616.</span> <span class='ocrx_word' id='word_1_389' title='bbox 761 2999 799 3027; x_wconf 78' lang='lat'>14</span> <span class='ocrx_word' id='word_1_390' title='bbox 822 2989 897 3030; x_wconf 86' lang='lat' dir='ltr'>n.);</span> <span class='ocrx_word' id='word_1_391' title='bbox 933 2988 1021 3020; x_wconf 86' lang='lat' dir='ltr'>both</span> 
     </span>
    </p>
   </div>
   <div class='ocr_carea' id='block_1_12' title="bbox 1079 2421 1853 2940">
    <p class='ocr_par' dir='ltr' id='par_1_21' title="bbox 1079 2421 1419 2460">
     <span class='ocr_line' id='line_1_52' title="bbox 1079 2421 1419 2460; baseline -0.003 -7"><span class='ocrx_word' id='word_1_392' title='bbox 1079 2423 1164 2453; x_wconf 89' lang='lat' dir='ltr'>here</span> <span class='ocrx_word' id='word_1_393' title='bbox 1181 2421 1254 2453; x_wconf 88' lang='lat' dir='ltr'>and</span> <span class='ocrx_word' id='word_1_394' title='bbox 1270 2422 1310 2453; x_wconf 89' lang='lat' dir='ltr'>in</span> <span class='ocrx_word' id='word_1_395' title='bbox 1327 2422 1349 2453; x_wconf 95' lang='grc'>1.</span> <span class='ocrx_word' id='word_1_396' title='bbox 1367 2431 1419 2460; x_wconf 87' lang='lat'>34.</span> 
     </span>
    </p>

    <p class='ocr_par' dir='ltr' id='par_1_22' title="bbox 1079 2463 1853 2896">
     <span class='ocr_line' id='line_1_53' title="bbox 1124 2463 1853 2506; baseline -0.004 -9"><span class='ocrx_word' id='word_1_397' title='bbox 1124 2476 1176 2506; x_wconf 86' lang='lat'>29.</span> <span class='ocrx_word' id='word_1_398' title='bbox 1203 2465 1329 2505; x_wconf 89' lang='lat' dir='ltr'>Croco]</span> <span class='ocrx_word' id='word_1_399' title='bbox 1354 2464 1410 2495; x_wconf 91' lang='lat' dir='ltr'>He</span> <span class='ocrx_word' id='word_1_400' title='bbox 1432 2464 1498 2496; x_wconf 85' lang='lat' dir='ltr'>left</span> <span class='ocrx_word' id='word_1_401' title='bbox 1520 2464 1664 2504; x_wconf 84' lang='lat' dir='ltr'>Leipzig</span> <span class='ocrx_word' id='word_1_402' title='bbox 1680 2474 1707 2494; x_wconf 88' lang='lat' dir='ltr'>c.</span> <span class='ocrx_word' id='word_1_403' title='bbox 1728 2463 1853 2495; x_wconf 87' lang='lat' dir='ltr'>March</span> 
     </span>
     <span class='ocr_line' id='line_1_54' title="bbox 1079 2508 1851 2549; baseline -0.003 -8"><span class='ocrx_word' id='word_1_404' title='bbox 1079 2510 1142 2541; x_wconf 87' lang='lat' dir='ltr'>fin.</span> <span class='ocrx_word' id='word_1_405' title='bbox 1177 2518 1258 2548; x_wconf 87' lang='lat'><strong>1517</strong></span> <span class='ocrx_word' id='word_1_406' title='bbox 1286 2509 1426 2549; x_wconf 83' lang='lat' dir='ltr'>(Hager</span> <span class='ocrx_word' id='word_1_407' title='bbox 1448 2518 1482 2548; x_wconf 88' lang='lat' dir='ltr'>p.</span> <span class='ocrx_word' id='word_1_408' title='bbox 1509 2508 1570 2546; x_wconf 89' lang='lat'>87;</span> <span class='ocrx_word' id='word_1_409' title='bbox 1601 2517 1658 2538; x_wconf 88' lang='lat' dir='ltr'>see</span> <span class='ocrx_word' id='word_1_410' title='bbox 1685 2508 1749 2548; x_wconf 90' lang='lat' dir='ltr'>Ep.</span> <span class='ocrx_word' id='word_1_411' title='bbox 1775 2517 1851 2547; x_wconf 87' lang='lat'>415.</span> 
     </span>
     <span class='ocr_line' id='line_1_55' title="bbox 1084 2550 1852 2593; baseline -0.003 -9"><span class='ocrx_word' id='word_1_412' title='bbox 1084 2563 1120 2584; x_wconf 90' lang='lat'>11</span> <span class='ocrx_word' id='word_1_413' title='bbox 1154 2553 1208 2593; x_wconf 83' lang='lat' dir='ltr'>n.)</span> <span class='ocrx_word' id='word_1_414' title='bbox 1239 2552 1311 2583; x_wconf 87' lang='lat' dir='ltr'>and</span> <span class='ocrx_word' id='word_1_415' title='bbox 1340 2551 1413 2583; x_wconf 86' lang='lat' dir='ltr'>had</span> <span class='ocrx_word' id='word_1_416' title='bbox 1444 2550 1640 2591; x_wconf 88' lang='lat' dir='ltr'>proceeded</span> <span class='ocrx_word' id='word_1_417' title='bbox 1679 2551 1774 2582; x_wconf 88' lang='lat' dir='ltr'>M.A.</span> <span class='ocrx_word' id='word_1_418' title='bbox 1814 2553 1852 2583; x_wconf 87' lang='lat' dir='ltr'>at</span> 
     </span>
     <span class='ocr_line' id='line_1_56' title="bbox 1082 2595 1852 2636; baseline -0.001 -9"><span class='ocrx_word' id='word_1_419' title='bbox 1082 2596 1295 2635; x_wconf 87' lang='lat' dir='ltr'>Cambridge</span> <span class='ocrx_word' id='word_1_420' title='bbox 1317 2595 1437 2626; x_wconf 88' lang='lat' dir='ltr'>before</span> <span class='ocrx_word' id='word_1_421' title='bbox 1462 2605 1505 2634; x_wconf 89' lang='lat'>29</span> <span class='ocrx_word' id='word_1_422' title='bbox 1529 2595 1624 2635; x_wconf 88' lang='lat' dir='ltr'>Sept.</span> <span class='ocrx_word' id='word_1_423' title='bbox 1649 2595 1852 2636; x_wconf 57' lang='lat' dir='ltr'>(cambriam</span> 
     </span>
     <span class='ocr_line' id='line_1_57' title="bbox 1084 2638 1852 2678; baseline 0.001 -8"><span class='ocrx_word' id='word_1_424' title='bbox 1084 2643 1177 2670; x_wconf 73' lang='lat' dir='ltr'>Grace</span> <span class='ocrx_word' id='word_1_425' title='bbox 1193 2641 1276 2670; x_wconf 76' lang='lat' dir='ltr'>Book</span> <span class='ocrx_word' id='word_1_426' title='bbox 1286 2642 1319 2678; x_wconf 89' lang='grc' dir='ltr'>Γ,</span> <span class='ocrx_word' id='word_1_427' title='bbox 1333 2639 1387 2669; x_wconf 86' lang='lat' dir='ltr'>ed.</span> <span class='ocrx_word' id='word_1_428' title='bbox 1403 2638 1458 2670; x_wconf 91' lang='lat' dir='ltr'>W.</span> <span class='ocrx_word' id='word_1_429' title='bbox 1473 2639 1513 2670; x_wconf 78' lang='lat' dir='ltr'>Gr.</span> <span class='ocrx_word' id='word_1_430' title='bbox 1528 2638 1649 2669; x_wconf 87' lang='lat' dir='ltr'>Searle</span> <span class='ocrx_word' id='word_1_431' title='bbox 1666 2639 1739 2670; x_wconf 89' lang='lat' dir='ltr'>and</span> <span class='ocrx_word' id='word_1_432' title='bbox 1748 2639 1780 2670; x_wconf 83' lang='lat' dir='ltr'>J.</span> <span class='ocrx_word' id='word_1_433' title='bbox 1793 2638 1852 2671; x_wconf 90' lang='lat' dir='ltr'>W.</span> 
     </span>
     <span class='ocr_line' id='line_1_58' title="bbox 1082 2682 1853 2722; baseline -0.001 -8"><span class='ocrx_word' id='word_1_434' title='bbox 1082 2683 1200 2721; x_wconf 87' lang='lat' dir='ltr'>Clark,</span> <span class='ocrx_word' id='word_1_435' title='bbox 1219 2692 1253 2722; x_wconf 94' lang='lat' dir='ltr'>p.</span> <span class='ocrx_word' id='word_1_436' title='bbox 1275 2682 1362 2722; x_wconf 86' lang='lat'>144).</span> <span class='ocrx_word' id='word_1_437' title='bbox 1411 2682 1449 2713; x_wconf 86' lang='lat' dir='ltr'>It</span> <span class='ocrx_word' id='word_1_438' title='bbox 1464 2692 1614 2722; x_wconf 84' lang='lat' dir='ltr'>appears</span> <span class='ocrx_word' id='word_1_439' title='bbox 1626 2682 1707 2713; x_wconf 88' lang='lat' dir='ltr'>that</span> <span class='ocrx_word' id='word_1_440' title='bbox 1720 2683 1766 2713; x_wconf 90' lang='lat' dir='ltr'>he</span> <span class='ocrx_word' id='word_1_441' title='bbox 1778 2682 1853 2713; x_wconf 87' lang='lat' dir='ltr'>had</span> 
     </span>
     <span class='ocr_line' id='line_1_59' title="bbox 1083 2725 1851 2766; baseline -0.001 -8"><span class='ocrx_word' id='word_1_442' title='bbox 1083 2727 1149 2758; x_wconf 87' lang='lat' dir='ltr'>left</span> <span class='ocrx_word' id='word_1_443' title='bbox 1165 2726 1223 2757; x_wconf 87' lang='lat' dir='ltr'>his</span> <span class='ocrx_word' id='word_1_444' title='bbox 1239 2726 1346 2757; x_wconf 84' lang='lat' dir='ltr'>books</span> <span class='ocrx_word' id='word_1_445' title='bbox 1363 2725 1500 2757; x_wconf 89' lang='lat' dir='ltr'>behind</span> <span class='ocrx_word' id='word_1_446' title='bbox 1516 2727 1553 2756; x_wconf 84' lang='lat' dir='ltr'>at</span> <span class='ocrx_word' id='word_1_447' title='bbox 1562 2726 1738 2766; x_wconf 88' lang='lat' dir='ltr'>Antwerp</span> <span class='ocrx_word' id='word_1_448' title='bbox 1754 2728 1791 2757; x_wconf 89' lang='lat' dir='ltr'>to</span> <span class='ocrx_word' id='word_1_449' title='bbox 1806 2727 1851 2757; x_wconf 85' lang='lat' dir='ltr'>be</span> 
     </span>
     <span class='ocr_line' id='line_1_60' title="bbox 1083 2769 1851 2809; baseline -0.004 -7"><span class='ocrx_word' id='word_1_450' title='bbox 1083 2769 1294 2809; x_wconf 84' lang='lat' dir='ltr'>forwarded,</span> <span class='ocrx_word' id='word_1_451' title='bbox 1318 2770 1389 2800; x_wconf 81' lang='lat' dir='ltr'>and</span> <span class='ocrx_word' id='word_1_452' title='bbox 1413 2769 1494 2800; x_wconf 91' lang='lat' dir='ltr'>that</span> <span class='ocrx_word' id='word_1_453' title='bbox 1517 2770 1687 2801; x_wconf 86' lang='lat' dir='ltr'>Erasmus</span> <span class='ocrx_word' id='word_1_454' title='bbox 1711 2769 1851 2800; x_wconf 88' lang='lat' dir='ltr'>wished</span> 
     </span>
     <span class='ocr_line' id='line_1_61' title="bbox 1082 2813 1851 2854; baseline 0 -10"><span class='ocrx_word' id='word_1_455' title='bbox 1082 2815 1119 2845; x_wconf 86' lang='lat' dir='ltr'>to</span> <span class='ocrx_word' id='word_1_456' title='bbox 1130 2814 1210 2844; x_wconf 90' lang='lat' dir='ltr'>look</span> <span class='ocrx_word' id='word_1_457' title='bbox 1221 2813 1379 2853; x_wconf 87' lang='lat' dir='ltr'>through</span> <span class='ocrx_word' id='word_1_458' title='bbox 1389 2813 1490 2844; x_wconf 85' lang='lat' dir='ltr'>them</span> <span class='ocrx_word' id='word_1_459' title='bbox 1504 2813 1622 2844; x_wconf 86' lang='lat' dir='ltr'>before</span> <span class='ocrx_word' id='word_1_460' title='bbox 1635 2814 1722 2854; x_wconf 89' lang='lat' dir='ltr'>they</span> <span class='ocrx_word' id='word_1_461' title='bbox 1730 2814 1829 2844; x_wconf 87' lang='lat' dir='ltr'>went</span> <span class='ocrx_word' id='word_1_462' title='bbox 1842 2823 1851 2852; x_wconf 79' lang='lat'>3</span> 
     </span>
     <span class='ocr_line' id='line_1_62' title="bbox 1084 2857 1636 2896; baseline -0.004 -7"><span class='ocrx_word' id='word_1_463' title='bbox 1084 2858 1126 2889; x_wconf 83' lang='lat' dir='ltr'>cf.</span> <span class='ocrx_word' id='word_1_464' title='bbox 1147 2857 1234 2896; x_wconf 89' lang='lat' dir='ltr'>Epp.</span> <span class='ocrx_word' id='word_1_465' title='bbox 1256 2866 1327 2895; x_wconf 92' lang='lat'>777.</span> <span class='ocrx_word' id='word_1_466' title='bbox 1348 2857 1391 2886; x_wconf 87' lang='lat'>26</span> <span class='ocrx_word' id='word_1_467' title='bbox 1402 2867 1448 2895; x_wconf 88' lang='lat' dir='ltr'>n.,</span> <span class='ocrx_word' id='word_1_468' title='bbox 1466 2857 1543 2895; x_wconf 85' lang='lat'>827.</span> <span class='ocrx_word' id='word_1_469' title='bbox 1562 2858 1636 2895; x_wconf 88' lang='lat'>4-6.</span> 
     </span>
    </p>

    <p class='ocr_par' dir='ltr' id='par_1_23' title="bbox 1127 2898 1807 2940">
     <span class='ocr_line' id='line_1_63' title="bbox 1127 2898 1807 2940; baseline 0 -10"><span class='ocrx_word' id='word_1_470' title='bbox 1127 2910 1179 2939; x_wconf 87' lang='lat'>32.</span> <span class='ocrx_word' id='word_1_471' title='bbox 1204 2898 1377 2939; x_wconf 86' lang='lat' dir='ltr'>Medicus]</span> <span class='ocrx_word' id='word_1_472' title='bbox 1394 2900 1539 2931; x_wconf 88' lang='lat' dir='ltr'>Afinius</span> <span class='ocrx_word' id='word_1_473' title='bbox 1553 2912 1561 2940; x_wconf 88' lang='lat'>;</span> <span class='ocrx_word' id='word_1_474' title='bbox 1585 2900 1629 2932; x_wconf 87' lang='lat' dir='ltr'>cf.</span> <span class='ocrx_word' id='word_1_475' title='bbox 1646 2901 1711 2940; x_wconf 90' lang='lat' dir='ltr'>Ep.</span> <span class='ocrx_word' id='word_1_476' title='bbox 1727 2900 1807 2938; x_wconf 85' lang='lat'>638.</span> 
     </span>
    </p>
   </div>
   <div class='ocr_carea' id='block_1_13' title="bbox 1128 2943 1847 3028">
    <p class='ocr_par' dir='ltr' id='par_1_24' title="bbox 1128 2943 1847 3028">
     <span class='ocr_line' id='line_1_64' title="bbox 1128 2943 1847 2993; baseline 0 -20"><span class='ocrx_word' id='word_1_477' title='bbox 1128 2953 1180 2983; x_wconf 85' lang='lat'>35.</span> <span class='ocrx_word' id='word_1_478' title='bbox 1207 2943 1381 2993; x_wconf 78' lang='lat' dir='ltr'>sigillum]</span> <span class='ocrx_word' id='word_1_479' title='bbox 1404 2944 1456 2975; x_wconf 87' lang='lat' dir='ltr'>Cf.</span> <span class='ocrx_word' id='word_1_480' title='bbox 1475 2943 1564 2984; x_wconf 89' lang='lat' dir='ltr'>Epp.</span> <span class='ocrx_word' id='word_1_481' title='bbox 1584 2945 1657 2983; x_wconf 85' lang='lat'>736.</span> <span class='ocrx_word' id='word_1_482' title='bbox 1675 2955 1707 2983; x_wconf 91' lang='lat'>4,</span> <span class='ocrx_word' id='word_1_483' title='bbox 1727 2953 1798 2982; x_wconf 87' lang='lat'>754.</span> <span class='ocrx_word' id='word_1_484' title='bbox 1815 2952 1847 2982; x_wconf 90' lang='lat'>9.</span> 
     </span>
     <span class='ocr_line' id='line_1_65' title="bbox 1129 2986 1680 3028; baseline 0.002 -11"><span class='ocrx_word' id='word_1_485' title='bbox 1129 2997 1182 3026; x_wconf 83' lang='lat'>37.</span> <span class='ocrx_word' id='word_1_486' title='bbox 1208 2986 1416 3028; x_wconf 78' lang='lat' dir='ltr'>ep1stolam]</span> <span class='ocrx_word' id='word_1_487' title='bbox 1435 2988 1498 3019; x_wconf 85' lang='lat' dir='ltr'>See</span> <span class='ocrx_word' id='word_1_488' title='bbox 1514 2988 1550 3018; x_wconf 92' lang='lat' dir='ltr'>ll.</span> <span class='ocrx_word' id='word_1_489' title='bbox 1570 2988 1592 3018; x_wconf 87' lang='lat'><strong>6</strong></span> <span class='ocrx_word' id='word_1_490' title='bbox 1608 2996 1680 3026; x_wconf 84' lang='lat' dir='ltr'>seq.</span> 
     </span>
    </p>
   </div>
  </div>
 </body>
</html>
