2034 3433
184 165 287 221 706]
673 167 824 206 FROM
861 167 1095 207 THOMAS
1133 166 1287 206 MORE
1699 170 1775 208 133

183 270 400 310 literarum
420 283 540 309 causa
564 270 631 309 vel
656 283 758 317 mea,
784 270 980 320 quoniam
1000 270 1134 309 sentio
1159 271 1200 309 te
1225 269 1419 308 meditari
1441 270 1487 310 in
1514 284 1560 309 eo
1586 284 1705 321 opere
1731 273 1777 311 vt

184 338 349 375 extruas
367 335 572 374 amicitiae
591 337 757 374 nostrae
774 338 1109 383 monumentum,
1130 335 1238 386 quod
1255 349 1328 385 ego
1343 335 1626 386 pyramidibus
1646 337 1776 375 omni·
1797 347 1835 378 35

184 401 262 440 bus
279 403 322 440 et
341 400 533 440 omnibus
551 400 774 439 mausoleis
792 401 988 439 antefero.

238 466 299 505 De
319 466 532 504 Hermano
550 465 703 504 videris
722 465 820 515 ipse.
879 465 987 515 Erga
1005 466 1179 505 Battum
1199 468 1308 504 certe
1328 466 1386 504 sic
1413 466 1512 504 olim
1531 468 1603 505 tua
1622 467 1778 516 praedi-

185 532 342 570 catione
361 544 454 570 sum
473 531 658 569 adfectus
676 532 723 569 vt
742 530 831 570 eius
851 531 1073 570 memoriae
1092 531 1392 581 propemodum
1411 531 1582 581 perinde
1601 544 1647 570 ac
1667 545 1779 571 meae

184 596 358 635 faueam.
418 597 600 635 Tantum
621 595 700 634 tibi
719 596 983 646 cogitandum
1003 598 1066 634 est
1091 609 1169 646 quo
1193 599 1311 646 pacto
1336 609 1412 635 nos
1437 597 1661 647 conjunges
1684 610 1778 636 cum

185 661 258 700 illo
277 663 348 712 qui
368 674 434 700 me
453 661 526 700 vix
541 661 641 709 viro,
662 661 748 699 imo
767 674 819 699 ne
834 661 922 700 viro
943 662 1123 711 quidem,
1143 661 1326 700 decessit.
1373 661 1452 701 Sed
1466 662 1545 701 ista
1565 662 1778 701 commode
1796 670 1838 702 40

183 729 230 765 tu
250 726 563 766 machinaberis.
612 726 693 774 Sed
713 726 817 764 heus
836 728 893 775 tu,
916 727 1130 776 proximus
1149 739 1242 765 sum
1262 728 1423 776 egomet
1442 727 1560 766 mihi.
1609 726 1778 766 Partem

183 792 366 841 paciscor
384 791 504 842 plane
524 792 755 841 proximam
776 792 864 830 tibi.
923 791 1149 842 Loquacior
1175 805 1281 840 sum,
1304 794 1349 830 vt
1370 792 1457 841 scis,
1482 805 1606 842 quam
1626 794 1673 831 vt
1692 806 1779 832 esse

184 857 316 906 patiar
348 869 524 907 persona
556 859 682 904 muta,
716 857 957 906 praesertim
988 857 1033 894 in
1064 870 1110 895 ea
1141 857 1353 895 comoedia
1382 870 1432 895 ex
1461 871 1542 908 qua
1570 858 1677 896 mihi
1705 858 1779 896 im·

185 922 483 961 mortalitatem
503 922 739 972 spondeam.

238 988 352 1036 Vale,
375 987 435 1026 mi
453 987 696 1026 charissime
716 987 899 1026 Erasme.
957 987 1123 1027 Gaudeo
1143 987 1368 1026 versiculos
1387 1000 1500 1026 meos
1520 987 1563 1024 in
1582 987 1778 1026 tabellam
1797 992 1837 1025 45

183 1052 263 1091 tibi
288 1052 504 1102 placuisse.
565 1052 811 1091 Tunstallus
840 1052 1172 1103 endecasyllabos
1198 1052 1292 1102 plus
1318 1053 1417 1091 satis
1443 1053 1636 1097 laudauit,
1660 1053 1779 1091 hexa-

184 1117 347 1156 stichon
382 1118 601 1156 moderate.
679 1117 758 1156 Sed
798 1117 841 1156 id
884 1117 1132 1157 fraterculus
1175 1118 1343 1168 quidam
1381 1130 1506 1156 ausus
1549 1120 1611 1156 est
1652 1118 1778 1156 etiam

185 1183 488 1233 reprehendere,
511 1183 619 1232 quod
645 1196 719 1221 vos
746 1183 906 1222 Castori
930 1184 971 1222 et
997 1183 1159 1222 Polluci
1186 1182 1457 1231 conferebam,
1487 1196 1591 1233 quos
1619 1183 1779 1223 dicebat

184 1248 322 1297 potius
348 1248 574 1298 comparari
602 1247 791 1286 debuisse
817 1248 975 1287 Theseo
1001 1261 1046 1286 ac
1071 1249 1262 1287 Pirithoo
1287 1250 1359 1286 aut
1385 1247 1534 1297 Pyladi
1560 1250 1601 1287 et
1629 1247 1775 1295 Oresti,

185 1313 266 1363 qui,
296 1313 405 1362 quod
432 1326 507 1350 vos
535 1312 645 1360 estis,
675 1313 855 1351 inuicem
884 1314 1001 1352 erant
1030 1313 1165 1362 amici,
1195 1327 1279 1352 non
1307 1313 1466 1352 fratres.
1525 1313 1613 1364 Ego
1641 1313 1781 1352 frater·
1798 1320 1838 1352 50

184 1378 326 1417 culum
359 1391 412 1415 ne
445 1390 541 1416 vera
574 1377 744 1427 quidem
778 1378 984 1416 dicentem
1017 1379 1133 1428 potui
1164 1379 1283 1427 ferre,
1317 1379 1562 1428 resequutus
1596 1378 1779 1417 hominis

183 1443 335 1481 bonam
355 1455 522 1492 operam
542 1443 652 1481 malo
672 1443 982 1493 epigrammate.

292 1546 405 1584 Duos
432 1546 585 1585 amicos
613 1546 803 1585 versibus
831 1547 972 1597 paucis
1000 1547 1122 1585 modo

345 1611 517 1662 Magnos
545 1611 689 1650 volens
719 1612 941 1660 ostendere,

290 1677 447 1715 Tantos
475 1677 628 1715 amicos
657 1677 845 1716 dixeram
875 1677 1021 1728 quanti
1050 1676 1149 1715 olim
1178 1678 1298 1715 erant
1798 1689 1837 1720 55

346 1742 567 1792 Castorque
595 1742 829 1793 Polluxque
856 1743 1050 1781 inuicem.

296 1807 483 1845 ‘Fratres
511 1808 679 1846 amicis’
707 1808 765 1847 ait
798 1808 960 1858 ‘inepte
988 1808 1224 1858 comparas’

347 1871 562 1922 Ineptiens
591 1873 846 1912 fraterculus.

294 1936 423 1985 ‘Quid
453 1937 552 1976 ni‘?'
591 1937 774 1988 inquam.
839 1940 931 1977 ‘An
958 1938 1082 1976 alteri
1111 1950 1197 1977 esse
1226 1937 1445 1988 quisquam
1474 1935 1644 1975 amicior

346 2002 479 2050 Quam
506 2003 636 2042 frater
664 2005 725 2041 est
754 2003 875 2042 fratri
902 2003 1093 2054 potest?'
1796 2005 1837 2037 60

294 2066 433 2105 Irrisit
459 2067 532 2105 ille
561 2067 770 2107 inscitiam
798 2070 958 2107 tantam
987 2081 1132 2116 meam,

348 2131 429 2179 Qui
457 2145 546 2170 rem
574 2135 661 2170 tam
690 2136 876 2182 apertam
905 2132 1095 2171 nesciam.

296 2197 392 2234 ‘Est
421 2197 558 2247 ampla
586 2197 730 2236 nobis'
759 2198 896 2248 inquit
929 2200 998 2236 ‘ac
1027 2197 1221 2247 frequens
1250 2196 1397 2235 domus

348 2260 451 2299 Plus
481 2275 605 2311 quam
636 2262 825 2301 ducentis
853 2262 1059 2310 fratribus,

293 2325 373 2364 Sed
402 2339 451 2364 ex
479 2327 668 2366 ducentis
696 2341 818 2377 pereo
846 2327 882 2365 si
911 2326 1064 2376 reperis
1092 2327 1195 2365 duos
1797 2331 1836 2373 65

345 2391 511 2442 Fratres
539 2392 695 2430 amicos
722 2392 932 2431 inuicem?

240 2494 331 2533 Iam
359 2494 513 2533 iterum
543 2496 646 2544 vale,
675 2496 819 2535 Caleti.
849 2510 886 2535 v.
922 2494 1180 2534 Nouembris.
1213 2493 1376 2542 raptim,
1406 2491 1525 2530 valde
1553 2491 1780 2529 festinante

185 2559 408 2607 tabellario,
431 2563 615 2610 vrgente,
638 2562 795 2612 opinor,
817 2562 939 2600 illum
959 2561 1110 2610 auriga.

229 2687 302 2752 34·ὑ
316 2679 484 2752 quonia?
509 2703 515 2710 .
541 2703 548 2710 .
576 2703 584 2710 .
611 2691 662 2718 44.
697 2680 890 2721 spondeam
917 2690 975 2710 om.
995 2682 1023 2710 F
1045 2680 1112 2719 (37.
1141 2677 1326 2708 Hermano
1348 2676 1479 2712 scripsi:
1512 2673 1697 2704 Hormano
1720 2672 1778 2713 D).

186 2731 238 2760 49.
266 2731 284 2752 e
317 2725 370 2753 H:
398 2731 442 2752 au
474 2725 513 2754 D.

231 2850 283 2879 37.
310 2840 509 2882 Hermano]
528 2842 590 2872 See
607 2842 671 2881 Ep.
690 2851 733 2881 33
749 2842 882 2874 introd.
1019 2840 1150 2872 introd.

230 2894 282 2922 40.
308 2884 368 2914 vix
391 2884 487 2924 viro]
511 2884 608 2915 More
630 2895 703 2916 was
725 2896 766 2924 24
789 2896 828 2917 or
847 2895 888 2925 25
913 2887 950 2916 at
1063 2894 1115 2922 41.
1142 2881 1340 2922 proximus]
1357 2882 1432 2912 Ter.
1450 2883 1553 2912 Andr.
1569 2881 1644 2920 635.

188 2927 250 2958 the
274 2927 363 2958 time
387 2927 424 2958 of
448 2928 565 2959 Batt’s
591 2928 718 2967 death3
746 2929 790 2961 cf.
817 2929 881 2969 Ep.
906 2938 947 2968 35
1062 2929 1114 2965 46.
1141 2923 1446 2966 endecasyllabos]
1465 2924 1516 2956 Cf.
1537 2924 1600 2964 Ep.
1618 2925 1691 2963 684.
