2034 3433
115 152 218 207 810]
532 151 685 192 FROM
722 150 987 190 WILLIAM
1027 148 1298 189 BUDAEUS
1632 146 1709 183 271

114 256 361 307 scripserit?
374 256 383 272 ’
427 255 534 303 Quid
555 256 600 294 ni
619 256 661 294 id
681 256 758 295 tibi
780 255 985 303 suadeam,
1010 253 1046 292 si
1064 253 1142 292 tibi
1161 253 1372 303 integrum
1392 251 1479 290 sit?
1521 249 1714 288 Primum

119 324 309 369 Erasmo,
331 320 478 360 deinde
504 321 707 371 theologo,
731 321 877 359 deinde
903 318 1142 357 huiusmodi
1168 318 1377 368 theologo,
1401 316 1472 366 qui
1499 316 1583 353 iam
1607 328 1715 354 eme-
1737 326 1775 360 75

122 389 215 427 ritis
252 387 470 437 stipendiis
509 386 750 425 ambitionis
786 386 827 424 et
865 384 1130 434 aucupandae
1170 383 1303 421 famae
1341 395 1388 420 eo
1427 394 1470 420 se
1509 379 1717 430 opinionis

121 453 299 492 euasisse
317 451 585 490 meritissimo
605 451 796 499 confidat,
820 452 865 489 vt
885 463 936 489 ne
955 463 1004 488 ex
1024 449 1171 487 alienis
1190 448 1361 498 posthac
1380 446 1524 497 elogiis
1539 445 1716 496 pendere

122 519 323 558 videatur.
383 518 446 555 Tu
465 518 512 555 vt
531 516 680 556 timeas
699 530 762 565 ne,
787 517 821 554 si
844 516 986 563 Faber,
1010 514 1239 565 quamlibet
1257 513 1530 560 existimatus,
1552 510 1718 560 scriptis

122 584 209 622 suis
227 583 488 633 patrocinans
517 595 634 621 secus
652 582 761 633 quid,
784 584 831 620 vt
851 581 910 629 fit,
934 581 983 619 de
1002 581 1170 630 scriptis
1195 578 1282 617 tuis
1309 576 1518 628 scripserit
1537 575 1716 627 quodam

123 650 222 696 loco,
245 651 316 687 tua
335 647 446 686 illico
474 647 729 686 existimatio
753 648 911 686 famoso
931 646 1080 684 iudicio
1100 644 1327 695 periclitari
1346 643 1546 688 videatur,
1569 641 1651 679 nisi
1670 642 1715 678 tu
1736 646 1778 677 80

125 714 174 752 ad
195 713 396 752 iudicium
417 713 540 762 longa
559 715 600 751 et
626 713 824 751 meditata
852 711 1090 750 defensione
1114 722 1301 749 occurras
1316 710 1336 748 ‘?
1364 710 1486 758 atque
1505 707 1564 746 ita
1583 718 1719 744 occur-

125 792 189 818 ras
204 781 224 819 ‘3
264 779 343 818 Sed
364 779 521 828 reliqua
540 792 624 817 non
645 778 805 817 addam.
845 777 970 826 Quasi
990 789 1089 815 vero
1109 775 1268 814 crimen
1285 786 1506 824 agnoscere
1528 771 1720 822 protinus

122 845 323 893 videatur,
349 844 419 894 qui
439 843 586 894 quouis
605 844 727 882 modo
746 842 901 881 crimen
920 840 1154 892 aspergenti
1178 841 1325 879 acriter
1350 838 1613 887 animoseque
1634 849 1719 874 non

125 910 405 960 responderit!
459 908 697 947 Periculum
718 909 806 955 erit,
830 909 959 955 credo,
983 907 1027 944 in
1048 908 1261 956 posterum
1282 918 1334 943 ne
1354 906 1400 942 tu
1420 904 1576 941 indicta
1601 914 1721 940 causa

121 975 175 1013 de
208 976 376 1014 senatus
409 974 624 1013 doctorum
663 973 870 1012 sententia
906 973 1051 1022 capitis
1085 970 1488 1020 existimationisque
1517 968 1719 1006 mulctam
1740 968 1781 1009 85

123 1041 280 1088 subeas,
317 1041 353 1079 si
388 1042 433 1078 vt
467 1041 641 1090 quisque
674 1039 852 1088 scriptor
886 1051 1001 1077 secus
1035 1037 1083 1075 de
1115 1039 1155 1075 te
1183 1036 1370 1083 senserit,
1404 1034 1518 1072 illico
1548 1046 1633 1072 non
1663 1046 1719 1070 re·

127 1107 352 1156 sponderis.

132 1164 134 1166 ¹
186 1172 266 1210 ‘At
299 1171 442 1219 enim,’
474 1172 650 1220 inquies,
688 1171 795 1208 ‘non
830 1182 923 1207 cum
961 1169 1145 1218 quolibet
1180 1166 1350 1205 homine
1386 1178 1459 1203 nec
1494 1165 1544 1202 de
1576 1162 1723 1213 quouis

124 1237 302 1275 crimine
332 1236 377 1274 in
407 1237 611 1274 certamen
645 1235 805 1273 inuitus
839 1233 1041 1272 adductus
1075 1245 1181 1272 sum.
1241 1233 1281 1270 A
1312 1230 1445 1270 Fabro
1479 1229 1568 1268 viro
1602 1229 1723 1266 antea

129 1301 233 1340 mihi
247 1304 370 1351 atque
390 1301 517 1339 etiam
532 1313 656 1347 nunc,
674 1301 720 1338 vt
738 1299 925 1346 arbitror,
944 1299 1089 1347 amico,
1107 1300 1147 1336 et
1167 1298 1216 1336 de
1236 1296 1369 1335 literis
1384 1295 1545 1345 egregie
1561 1293 1721 1336 merito,
1741 1303 1784 1336 90

129 1368 256 1406 etiam
284 1367 512 1416 impietatis
541 1366 760 1404 criminose
786 1364 1020 1415 postulatus
1050 1365 1174 1402 Sum.’
1241 1363 1336 1401 Scio
1364 1360 1464 1411 quid
1493 1359 1723 1409 tragoediae

125 1432 297 1471 excitari
316 1432 384 1470 his
403 1431 643 1470 nominibus
664 1431 806 1480 possit.
866 1429 1073 1480 Intelligo‚
1095 1430 1131 1468 si
1152 1429 1229 1467 tibi
1250 1426 1471 1466 concedam
1492 1425 1613 1463 illum
1636 1425 1723 1462 tam

129 1497 256 1536 atroci
279 1497 324 1535 in
351 1498 392 1535 te
415 1497 556 1535 animo
581 1496 682 1534 haec
706 1496 875 1534 iactasse
902 1508 1027 1544 quam
1047 1496 1094 1533 tu
1119 1493 1313 1532 atrociter
1332 1506 1378 1531 ea
1397 1490 1605 1540 excepisti,
1629 1489 1672 1527 et
1689 1488 1724 1526 si

127 1562 207 1601 tibi
232 1561 472 1612 permittam
500 1561 576 1599 hac
605 1562 649 1599 in
674 1574 718 1599 re
738 1561 861 1610 plena
887 1560 1074 1610 iustaque
1100 1559 1396 1608 disceptatione
1424 1568 1589 1595 causam
1609 1556 1723 1592 tuam

129 1640 266 1677 agere,
283 1627 434 1666 erroris
456 1626 534 1665 tibi
560 1626 865 1665 confessionem
896 1637 1111 1675 nunquam
1139 1636 1382 1674 expressum
1409 1622 1472 1660 iri.
1533 1620 1612 1659 Sed
1633 1619 1726 1669 quis
1744 1629 1785 1662 95

129 1692 208 1731 tibi
234 1694 354 1731 autor
382 1693 437 1730 sit
463 1693 535 1730 aut
561 1691 826 1739 subscriptor,
851 1692 896 1728 vt
923 1704 1053 1740 quum
1082 1691 1161 1729 ista
1187 1688 1491 1727 existimatione
1515 1684 1726 1736 praeditus

131 1759 199 1804 sis,
235 1770 329 1796 cum
357 1756 482 1796 istam
510 1757 587 1795 tibi
617 1756 790 1806 gloriam
822 1758 885 1795 tot
922 1756 1071 1795 aeditis
1108 1754 1394 1794 voluminibus
1427 1751 1644 1802 pepereris,
1681 1749 1725 1787 in

132 1823 243 1862 istud
263 1822 479 1872 fastigium
503 1821 711 1872 opinionis
730 1824 769 1860 et
789 1823 923 1861 famae
942 1824 1006 1861 tot
1025 1834 1165 1860 rerum
1186 1821 1230 1858 in
1250 1820 1326 1858 hac
1345 1817 1593 1868 reipublicae
1612 1816 1727 1865 parte

133 1889 339 1938 gestarum
377 1888 510 1938 gratia
542 1888 709 1926 euectus
747 1887 815 1936 sis,
848 1889 894 1925 tu
928 1889 1069 1925 tamen
1108 1886 1153 1924 in
1191 1884 1397 1924 eiusmodi
1435 1879 1726 1920 controuersiis

132 1952 509 1992 caussificationibus
560 1953 694 2002 magis
740 1954 783 1991 et
829 1952 1125 2002 scriptionibus
1171 1949 1475 2000 argumentosis
1522 1945 1726 1984 confidere
1748 1956 1810 1978 100

135 2018 299 2056 videare
337 2029 462 2067 quam
505 2017 738 2056 doctissimi
775 2017 972 2067 cuiusque
1015 2015 1334 2067 grauissimique
1372 2014 1498 2052 tacito
1542 2009 1692 2049 iudicio
1707 2010 1727 2047 i>

135 2085 275 2122 Τούτου
294 2084 362 2132 μὲν
381 2082 426 2130 δὴ
445 2084 510 2120 τοῦ
530 2084 670 2134 ἀγῶνος
694 2082 827 2120 θᾶττον
850 2082 895 2120 ἂν
913 2083 1017 2131 νίκην
1039 2081 1206 2131 ἄρασθαί
1222 2097 1286 2130 μοι
1309 2079 1426 2118 δοκεῖς
1452 2077 1615 2126 ἑστηκὼς
1634 2076 1727 2126 σύγε

137 2150 261 2198 σιωπῇ
289 2147 348 2184 καὶ
378 2148 422 2185 τὰ
451 2148 543 2185 κατὰ
571 2149 650 2184 σῶν
672 2148 975 2198 συγγραμμάτων
1003 2145 1241 2197 γεγραμμένα
1263 2140 1560 2193 παρακηκοὼς,ἦ
1587 2141 1633 2177 τὰ
1661 2141 1729 2189 μὲν

137 2214 363 2263 δικαιώματα
392 2212 636 2263 ἐξηγούμενος
665 2212 794 2261 καίπερ
818 2211 1008 2262 ἀξιόλογα,
1030 2211 1112 2250 τοὺς
1141 2210 1179 2247 δὲ
1207 2210 1344 2260 λόγους
1371 2207 1547 2255 συνείρων
1574 2206 1729 2255 εὐχερῶς

137 2280 184 2329 τῇ
213 2278 362 2328 δυνάμει
387 2294 458 2315 σου
481 2278 643 2326 περιττῇ.
700 2277 751 2313 Τὸ
781 2278 871 2327 γοῦν
900 2278 948 2316 εἷς
976 2278 1049 2325 ἐμὲ,
1074 2276 1200 2323 ὥσπερ
1227 2275 1274 2311 τὰ
1297 2271 1549 2324 ἐγκεκλημένα
1567 2269 1638 2307 ὑπὸ
1659 2270 1730 2306 σοῦ
1751 2281 1810 2314 105

139 2347 188 2395 τῷ
217 2343 358 2394 Φάβρῳ
388 2342 447 2379 καὶ
474 2344 521 2380 τὰ
547 2343 639 2390 ὑπὲρ
668 2344 807 2379 σαυτοῦ
837 2339 1150 2391 ἀπολελογημὲνα
1187 2340 1329 2390 ἄγαμαι
1366 2335 1637 2387 ἀναγινώσκων,
1670 2333 1730 2371 καὶ

141 2409 376 2458 εὐδαιμονίζω
406 2425 450 2445 σε
478 2409 542 2455 τῆς
571 2407 777 2455 δεινότητος
804 2405 920 2455 τῆσδε
948 2408 1019 2443 τῶν
1047 2405 1182 2456 λόγων,
1202 2401 1267 2451 ὑφ’
1291 2402 1334 2451 ἧς
1358 2399 1728 2450 καταρρητορεύομαι,

139 2475 233 2512 οὕτω
262 2473 306 2522 δή
330 2490 387 2510 τοι
416 2471 524 2511 αὐτὸς
548 2472 590 2509 τὸ
610 2470 752 2520 ἀξίωμα
776 2470 818 2509 τὸ
848 2471 918 2508 σὸν
946 2469 1269 2521 ὑπολογιζόμενος,
1289 2468 1332 2505 τὸ
1361 2466 1460 2516 ἀμφὶ
1487 2465 1571 2505 τοὺς
1596 2464 1732 2515 λόγους

139 2537 280 2585 τουσδὶ,
305 2538 500 2587 φοβοῦμαι
519 2536 570 2585 μὴ
591 2536 685 2585 πέρα
707 2537 772 2574 τοῦ
799 2535 983 2584 εὖκόσμου
1004 2534 1229 2583 ἐκφέρεσθαι
1249 2533 1298 2571 σὺ
1318 2533 1428 2582 δοκῇς
1446 2532 1522 2570 τοῖς
1540 2530 1733 2568 πλείστοις

141 2606 213 2641 τῶν
226 2602 264 2640 εὖ
276 2602 335 2639 καὶ
349 2604 468 2641 καλῶς
479 2600 784 2649 πεπαιδευμένων.
820 2598 911 2645 Hic,
925 2600 959 2638 si
973 2599 1052 2638 diis
1063 2599 1208 2649 placet,
1223 2599 1408 2636 autorem
1421 2595 1730 2644 Hieronymum
1754 2605 1813 2630 110

140 2671 262 2706 tuum
287 2666 476 2705 laudabis
500 2666 669 2704 huiusce
692 2665 891 2713 instituti,
916 2665 986 2715 qui
1016 2663 1170 2703 Ruffini
1191 2664 1346 2713 figuras
1372 2674 1456 2700 non
1481 2658 1636 2706 tulerit,
1660 2657 1732 2707 qui

143 2731 381 2781 Augustino
399 2732 583 2770 minatus
601 2731 655 2768 sit
676 2729 727 2768 ob
747 2730 870 2767 vnius
888 2729 966 2768 loci
994 2729 1296 2767 enarrationem
1319 2725 1574 2765 conuulsam.
1632 2722 1734 2771 Quis

142 2798 222 2836 scit
240 2810 294 2835 an
314 2796 366 2834 ob
386 2796 427 2834 id
448 2796 500 2834 ad
526 2794 684 2834 Christi
703 2794 884 2833 tribunal
908 2796 1024 2833 actus
1051 2794 1116 2833 vir
1142 2793 1212 2832 ille
1240 2791 1534 2842 vapulauerit‘?
1588 2788 1733 2827 Malim

144 2864 190 2900 vt
220 2862 354 2899 totum
387 2860 494 2899 mihi
529 2859 835 2908 Hieronymum
872 2859 1166 2897 aemulandum
1198 2869 1411 2908 proponas,
1449 2867 1573 2905 quam
1608 2854 1653 2892 in
1687 2866 1734 2891 eo

570 2998 624 3035 98.
648 2997 831 3037 fastigium
851 3000 876 3028 F
891 3000 1004 3035 Coi-riq.
1023 3008 1029 3027 :
1054 2996 1240 3027 fastidium
1262 2999 1298 3028 E.
