2034 3433
305 140 384 178 284
769 142 1018 180 LETTERS
1058 141 1127 180 OF
1164 143 1429 182 ERASMUS
1779 144 1900 197 [1518

303 244 446 292 danus,
467 247 584 282 vetus
605 248 816 293 compotor
833 248 939 294 tuus,
956 247 1129 284 nunciat
1148 246 1272 284 hodie
1293 246 1511 285 dominum
1525 248 1739 297 proficisci.
1783 250 1900 298 Quod

245 324 282 355 15
304 309 339 347 si
360 323 504 347 verum
532 311 608 357 est,
633 310 847 359 egregium
874 312 1094 360 patronum
1123 325 1218 361 agas
1245 312 1417 360 oportet,
1443 325 1496 350 ne
1518 313 1616 362 quid
1637 326 1753 351 secus
1773 316 1901 365 suspi-

304 376 420 412 cetur
440 374 635 412 dominus
659 387 782 424 quam
803 389 868 414 res
887 379 949 415 est
969 389 978 423 ;
1008 376 1093 414 imo
1112 378 1159 415 tu
1174 377 1443 426 potissimum
1463 377 1508 415 in
1527 378 1592 416 ius
1612 380 1831 428 vocandus,
1855 381 1900 418 in

302 442 344 476 te
365 439 555 478 cudenda
574 439 678 487 faba,
704 441 777 490 qui
796 454 864 479 me
884 442 969 480 tuis
989 442 1111 480 dictis
1131 442 1338 481 fefelleris.

358 504 487 542 Crede
509 505 624 552 mihi,
650 506 710 544 mi
730 506 768 543 N
772 507 998 557 ouiomage,
1022 508 1164 546 nullus
1190 511 1253 546 est
1278 509 1323 547 in
1352 508 1449 547 orbe
1471 509 1663 559 princeps
1683 509 1749 547 cui
1769 511 1901 560 magis

302 582 351 606 ex
376 569 517 608 animo
546 570 709 620 cupiam
735 573 961 622 gratificari
989 587 1114 624 quam
1134 573 1332 625 Philippo
1353 574 1555 622 Praesuli,
1579 587 1665 613 non
1692 574 1829 613 solum
1849 574 1900 613 ob

246 650 283 671 20
301 634 342 672 id
373 635 483 683 quod
513 635 629 674 illius
658 636 819 676 subsim
847 639 1009 687 ditioni,
1039 640 1313 678 verumetiam
1341 640 1450 690 quod
1479 640 1658 679 eximius
1681 641 1737 679 sit
1765 640 1902 679 modis

301 699 508 748 omnibus,
541 702 652 750 quod
685 705 827 742 nostro
854 704 990 743 faueat
1018 705 1256 755 ingeni0103
1287 705 1463 756 denique
1494 705 1621 744 tacito
1651 705 1831 756 quodam
1860 708 1901 744 et

300 778 447 804 arcano
469 779 591 805 sensu
614 769 769 807 mentis
788 770 839 808 ad
860 784 956 809 eum
976 770 1282 810 obseruandum
1303 771 1509 821 impellor.
1569 770 1733 810 Aulicis
1757 770 1901 809 officiis

300 830 410 869 haud
442 844 539 870 sane
575 833 759 873 multum
791 835 932 883 vale03
971 839 1181 875 caeterum
1214 849 1296 887 qua
1329 837 1456 885 valeo,
1495 836 1774 875 declaraturus
1807 849 1900 874 sum

299 898 554 947 quantopere
596 899 888 939 celsitudinem
916 901 1031 941 illius
1061 905 1103 941 et
1132 902 1358 953 suspiciam
1387 905 1427 941 et
1454 915 1601 941 amem.
1673 902 1726 941 Id
1765 902 1900 941 nolim

241 977 278 1007 25
299 961 405 999 mihi
426 963 546 1012 credi,
565 964 610 1002 ni
632 966 874 1015 propediem
893 967 983 1017 ipsa
1003 981 1047 1006 re
1067 968 1346 1018 comprobaro.
1398 967 1493 1006 Non
1513 981 1637 1007 ausus
1649 981 1745 1006 sum
1759 968 1899 1018 ipsum

298 1026 421 1065 toties
451 1028 558 1067 meis
583 1030 772 1080 epistolis
796 1032 1091 1083 interpellare;
1121 1036 1168 1072 tu
1195 1034 1259 1073 fac
1283 1034 1392 1084 apud
1418 1033 1543 1072 illum
1569 1033 1678 1072 mihi
1703 1033 1899 1083 epistolae

298 1091 354 1130 sis
385 1092 484 1132 vice.
547 1095 593 1134 Si
616 1098 748 1144 vocat,
780 1097 1008 1146 aduolab0;
1039 1099 1106 1138 sin
1131 1099 1288 1147 minus,
1318 1099 1396 1138 hoc
1422 1099 1656 1149 impensius
1682 1098 1899 1137 maturabo

297 1158 608 1208 profectionem,
633 1175 713 1212 quo
737 1162 858 1201 liceat
886 1164 1018 1202 redire
1044 1165 1228 1203 celerius.
1288 1164 1481 1204 Arbitror
1505 1178 1573 1203 me
1596 1164 1788 1203 reducem
1814 1163 1900 1202 fore

297 1225 393 1262 ante
436 1238 625 1264 mensem
657 1226 903 1267 Octobrem:
942 1231 1035 1268 tum
1067 1230 1293 1269 extricatus
1330 1230 1398 1269 his
1430 1229 1606 1280 spinetis
1639 1229 1896 1279 theologicis,

238 1302 279 1333 30
296 1301 425 1328 vacuo
455 1292 770 1343 tranquilloque
797 1294 938 1332 animo
965 1295 1096 1334 Musis
1129 1298 1170 1334 et
1201 1296 1347 1334 amicis
1379 1295 1542 1334 vacabo.
1604 1295 1746 1345 Neque
1776 1295 1898 1334 susci-

297 1367 438 1403 perem
472 1356 549 1394 hoc
582 1358 663 1396 iter
694 1359 1106 1408 periculosissimum,
1137 1361 1183 1399 ni
1213 1374 1279 1399 me
1313 1361 1418 1400 ratio
1452 1361 1586 1400 famae
1620 1359 1896 1410 compelleret.

296 1419 545 1472 Vbicunque
592 1424 785 1473 gentium
831 1425 997 1464 futurus
1045 1428 1107 1464 est
1153 1427 1365 1475 Erasmus,
1408 1428 1567 1464 certum
1609 1425 1821 1475 polliceor,
1858 1428 1897 1463 et

298 1484 657 1526 Reuerendissimi
682 1489 886 1529 celsitudo
911 1492 1160 1530 clientulum
1182 1492 1375 1531 habitura
1395 1494 1458 1530 est
1477 1505 1528 1530 ex
1547 1491 1687 1531 animo
1709 1491 1896 1529 deditum

295 1550 604 1602 afflictumque,
635 1556 676 1592 et
711 1557 783 1593 tua
818 1557 1017 1595 sanctitas
1050 1558 1279 1595 amiculum
1312 1557 1488 1595 minime
1521 1558 1721 1595 fucatum.
1781 1556 1896 1594 Bene

236 1629 275 1661 35
295 1615 399 1662 vale,
415 1619 590 1666 patrone
607 1620 773 1669 optime.
808 1621 996 1660 Louanii.
1030 1636 1094 1660 xv.
1113 1623 1312 1662 Calendas
1327 1623 1469 1661 Maias.
1500 1624 1628 1661 Anno
1645 1618 1893 1674 [mamxnnl.

731 1838 827 1879 813.
889 1838 952 1879 To
985 1838 1204 1879 WILLIAM
1237 1839 1471 1881 BUDAEUS.

341 1951 530 1988 Deventer
548 1953 623 1988 MS.
642 1964 698 1998 91,
716 1954 740 1989 f.
762 1966 819 1999 43.
1584 1956 1760 1992 Louvain.

342 2010 413 2045 LB.
433 2011 528 2056 App.
550 2014 629 2055 278.
1504 2024 1542 2057 17
1563 2014 1670 2059 April
1691 2013 1848 2061 (1518).

999 2101 1193 2132 BVDAEO.

349 2190 388 2228 S.
407 2190 453 2228 P.
489 2191 588 2228 Misi
607 2204 679 2240 per
698 2193 1019 2243 γραμματοφόρον
1039 2193 1277 2243 quempiam
1299 2193 1401 2231 satis
1421 2192 1639 2231 molestam
1659 2192 1890 2242 epistolam,

294 2269 374 2305 qua
407 2255 521 2294 diluo
559 2270 638 2306 que
669 2257 805 2295 solent
835 2258 958 2296 obiici
986 2258 1036 2297 ab
1065 2259 1116 2297 iis
1145 2259 1217 2308 qui
1244 2260 1393 2308 putant
1423 2257 1556 2296 audax
1584 2257 1745 2296 facinus
1783 2257 1893 2307 quod

293 2320 427 2359 Fabro
467 2321 761 2371 responderim.
822 2322 926 2361 Eam
959 2324 1107 2374 opinor
1131 2324 1209 2363 tibi
1236 2324 1440 2363 redditam
1458 2338 1468 2371 3
1497 2336 1596 2362 nam
1629 2323 1678 2362 ad
1711 2323 1891 2361 Badium

293 2385 499 2424 dederam.
563 2387 808 2426 Tunstallus
823 2391 987 2427 excusat
1007 2402 1051 2428 se
1069 2389 1222 2428 litteris
1241 2390 1289 2428 ad
1311 2402 1378 2428 me
1398 2389 1562 2438 scriptis
1583 2389 1692 2438 quod
1712 2388 1792 2426 tibi
1807 2401 1891 2426 non

255 2463 273 2494 5
293 2452 572 2501 responderit,
603 2455 644 2491 et
676 2453 856 2502 publicis
890 2456 932 2492 et
965 2455 1141 2504 priuatis
1169 2456 1225 2493 sic
1254 2455 1476 2493 immersus
1503 2456 1550 2493 vt
1586 2454 1788 2493 hactenus
1825 2454 1891 2492 sui

291 2516 395 2554 iuris
413 2515 538 2568 (non)
556 2517 693 2556 fuerit.
753 2518 843 2568 Ego
869 2519 1076 2558 Basileam
1089 2533 1156 2558 me
1177 2520 1342 2559 confero
1362 2520 1550 2558 editurus
1570 2519 1737 2558 Nouum
1756 2519 1891 2558 Testa-

292 2583 498 2621 mentum.
560 2582 738 2621 Interim
759 2584 810 2622 da
828 2597 995 2634 operam
1015 2587 1061 2624 vt
1081 2586 1230 2633 valeas,
1255 2598 1411 2635 nosque
1431 2585 1539 2635 quod
1560 2585 1673 2631 soles
1685 2597 1788 2623 ama.

338 2646 525 2686 Louanii.
555 2657 612 2695 15.
637 2648 720 2686 Cal.
744 2649 883 2688 Maias.

333 2780 407 2811 812.
438 2781 485 2811 16.
513 2780 682 2811 dominus
698 2783 727 2810 Ε
740 2790 749 2811 t
773 2780 834 2810 ille
850 2783 886 2810 F.
1005 2791 1056 2820 29.
1080 2784 1110 2812 F
1124 2783 1236 2819 corr-iq.
1252 2793 1258 2811 :
1283 2782 1468 2812 extricatis
1482 2784 1520 2812 E.
1640 2790 1694 2820 33.
1721 2790 1886 2811 reueren-

292 2822 433 2854 dissimi
449 2827 477 2855 E
492 2835 500 2854 ε
524 2824 695 2864 praesulis
710 2826 747 2854 F.
837 2833 889 2863 35.
915 2825 1024 2855 Anno
1039 2828 1113 2857 add.
1130 2827 1170 2856 N.
1261 2834 1421 2856 M.D.xr111
1435 2828 1512 2856 add.
1528 2827 1571 2854 H.
1663 2824 1737 2855 813.
1753 2825 1785 2855 6.
1813 2833 1886 2854 non

291 2869 369 2897 (uch.>
384 2869 449 2899 LB.

335 2996 407 3026 813.
438 3005 465 3026 1.
492 2997 699 3038 epistolam]
717 2998 780 3037 Ep.
800 3000 871 3037 778.
1183 3010 1212 3036 4.
1239 2999 1324 3040 tibi]
1342 3001 1378 3030 to
1395 3000 1457 3039 Ep.
1476 3000 1550 3039 583.
