2034 3433
85 1585 87 1587 ·
145 1561 312 1611 pietatis
341 1555 523 1599 antistiti
549 1561 864 1599 consecraretur.

141 154 240 208 89⁴]
536 156 606 194 ΤΟ
645 154 936 194 NIGHOLAS
975 155 1044 194 OF
1082 154 1336 194 MALAISE

140 259 356 310 religionis
383 259 606 310 collapsam
633 259 897 310 disciplinam
926 261 1166 308 instaurare,
1195 259 1472 298 instauratam
1505 257 1731 307 prouehere

137 327 181 364 et
201 325 486 364 constabilire:
518 325 626 375 quod
651 324 820 375 quidem
848 338 931 363 non
958 326 1044 363 tam
1069 325 1244 375 imperio
1270 324 1370 364 facis
1396 335 1519 374 quam
1545 322 1733 373 exemplo

139 391 263 439 vitae,
285 404 366 441 quo
394 403 479 429 non
505 390 586 429 alia
605 389 671 429 via
695 390 746 428 ad
776 389 1038 439 corrigendos
1068 389 1329 428 subditorum
1358 401 1492 427 mores
1520 387 1730 427 efficacior.

142 455 226 494 Nec
250 458 297 494 tu
321 456 409 494 alea
432 455 684 494 transmittis
709 457 885 505 tempus,
910 455 980 493 sed
1007 467 1122 494 sacra
1147 454 1343 493 lectione:
1373 467 1458 493 non
1476 455 1638 501 venatu,
1663 452 1733 492 sed
1755 467 1793 488 20

139 520 332 571 precibus
348 534 356 567 3
386 522 426 559 et
445 520 662 559 cotidianis
683 519 892 558 sacrificiis
912 519 1012 558 facis
1027 522 1074 558 vt
1093 520 1190 567 dies,
1210 519 1400 569 quamuis
1415 519 1581 568 longus,
1596 517 1735 556 breuis

141 586 208 624 sit.
254 585 501 623 Proximum
517 598 615 623 vero
631 583 817 622 studium
837 585 899 622 est
917 596 1126 622 sacrarum
1141 584 1357 622 literarum
1372 583 1519 630 studia,
1537 581 1733 632 quoniam

140 650 192 688 ab
212 650 279 689 his
298 650 484 689 fontibus
505 649 612 688 vitae
632 650 762 699 pietas
788 650 982 697 nascitur,
1004 650 1070 687 vel
1095 649 1235 687 fouere
1253 648 1319 687 vel
1346 648 1533 686 excitare.
1594 649 1735 697 Atque

142 715 216 754 has
240 713 413 753 eximias
438 714 553 753 dotes
578 714 622 752 in
650 716 690 752 te
719 727 803 752 non
829 714 985 752 fucatas
1010 714 1081 753 sed
1104 726 1221 752 veras
1247 727 1293 751 ac
1320 725 1532 763 germanas
1558 725 1646 751 esse
1669 711 1734 751 vel

141 779 245 818 illud
261 779 411 829 arguit,
426 780 532 829 quod
549 779 600 818 ab
616 779 732 817 omni
747 779 966 828 supercilio
986 779 1043 817 sis
1061 778 1351 826 alienissimus,
1365 778 1435 827 qui
1452 778 1510 815 sic
1530 777 1734 827 egregiam
1757 792 1793 823 ²5

141 845 341 883 virtutem
365 846 548 895 praestas
575 846 622 882 vt
646 844 757 883 solus
783 846 876 883 tuas
902 844 1078 883 virtutes
1106 844 1315 894 ignorasse
1340 843 1531 882 videaris.
1589 842 1735 880 Isthuc

141 911 312 950 demum
341 913 404 949 est
431 910 562 949 animi
584 923 679 949 vere
709 909 936 949 Christiani
966 911 1006 947 et
1035 910 1249 947 actionum
1279 909 1468 946 omnium
1497 921 1661 958 proram
1691 921 1736 946 ac

142 976 331 1026 puppim,
355 976 463 1026 quod
493 975 621 1023 aiunt,
649 976 699 1013 ad
730 975 883 1013 Christi
913 974 1086 1024 gloriam
1116 973 1347 1021 referentis,
1373 973 1439 1011 cui
1467 973 1538 1012 vni
1566 973 1737 1011 debetur

142 1039 279 1078 omnis
297 1040 441 1079 honos.

198 1105 280 1143 His
298 1105 431 1144 veluti
452 1104 611 1143 facibus
635 1117 828 1143 accensus
854 1104 897 1142 in
922 1117 1105 1142 amorem
1125 1103 1197 1151 tui,
1221 1103 1443 1142 reuerende
1470 1103 1603 1151 Pater,
1626 1115 1736 1152 prae·
1757 1114 1796 1145 30

143 1170 290 1209 sertim
311 1169 513 1209 Bersellio
532 1169 724 1208 Pascasio
746 1168 981 1207 incredibili
1008 1169 1157 1208 affectu
1181 1168 1245 1207 tui
1272 1168 1542 1206 simulacrum
1568 1168 1736 1218 linguae

144 1235 338 1285 penicillo
377 1235 637 1285 depingente,
674 1234 866 1273 libellum
901 1247 981 1284 quo
1015 1235 1155 1284 paucis
1187 1233 1254 1272 his
1287 1233 1442 1280 diebus,
1482 1232 1632 1283 quibus
1670 1245 1737 1271 me

145 1300 316 1340 morbus
348 1300 461 1339 domi
493 1299 649 1350 alligat,
681 1300 727 1337 in
761 1311 907 1337 omnes
940 1298 1150 1348 Epistolas
1184 1298 1447 1349 Apostolicas
1474 1299 1738 1348 Argumenta

144 1365 384 1415 complexus
414 1378 523 1412 sum,
553 1365 615 1403 tui
648 1364 831 1402 nominis
863 1363 1059 1413 auspiciis
1086 1363 1130 1402 in
1159 1363 1310 1413 vulgus
1338 1363 1448 1401 exire
1476 1362 1590 1401 volui
1606 1376 1616 1410 ;
1655 1375 1741 1400 non

144 1431 254 1480 quod
293 1430 371 1468 tibi
403 1430 478 1468 hoc
513 1432 654 1469 nostro
689 1429 827 1468 labore
861 1428 1085 1467 iudicarem
1118 1442 1221 1478 opus
1253 1441 1355 1475 esse,
1387 1428 1458 1466 sed
1493 1427 1603 1478 quod
1635 1427 1741 1465 mihi
1761 1438 1798 1468 35

144 1494 369 1534 conuenire
397 1495 536 1533 visum
573 1496 634 1533 est
667 1495 714 1533 vt
747 1493 914 1532 libellus
947 1494 996 1533 ad
1031 1507 1172 1532 veram
1205 1493 1402 1543 pietatem
1436 1492 1591 1530 faciens
1623 1505 1742 1531 verae

925 1559 1031 1607 Quid
1056 1561 1196 1598 autem
1216 1561 1310 1609 post
1329 1559 1589 1597 maiestatem
1609 1557 1743 1596 Euan-

144 1626 320 1676 gelicam
355 1626 475 1665 nobis
509 1639 596 1665 esse
630 1626 750 1664 debet
782 1625 995 1675 antiquius
1030 1638 1156 1675 quam
1186 1625 1485 1674 Apostolorum
1516 1623 1740 1673 Epistolae,

146 1693 326 1731 recentis
345 1692 460 1730 illius
479 1705 524 1731 ac
544 1692 753 1743 primitiui
773 1691 944 1741 spiritus
965 1691 1094 1729 miros
1113 1690 1319 1741 igniculos
1341 1689 1462 1728 nobis
1483 1689 1710 1727 referentes
1723 1690 1743 1727 ⁸?

147 1758 277 1797 Porro
298 1759 548 1797 Graecorum
567 1759 811 1808 argumenta
836 1757 942 1795 mihi
962 1757 1158 1796 videntur
1177 1756 1226 1795 ab
1247 1756 1414 1794 indocto
1435 1755 1629 1805 quopiam
1655 1766 1742 1793 esse
1761 1764 1802 1794 40

147 1825 340 1874 congesta
362 1823 503 1862 verius
529 1837 655 1874 quam
681 1823 920 1873 composita,
945 1823 1045 1861 adeo
1071 1824 1118 1861 vt
1141 1821 1241 1861 olim
1268 1834 1292 1859 a
1317 1820 1437 1859 nobis
1459 1833 1577 1859 versa
1600 1832 1744 1870 passus

149 1890 229 1928 sim
249 1888 518 1936 intercidere3
547 1891 588 1927 et
613 1902 716 1939 quae
742 1888 788 1926 in
815 1887 976 1926 Latinis
1003 1887 1212 1926 codicibus
1238 1887 1394 1924 incerto
1420 1887 1562 1923 autore
1588 1885 1744 1923 circun-

149 1948 351 2002 feruntur,
366 1954 466 1992 satis
482 1953 619 1992 ieiuna
633 1955 732 1992 sunt
747 1955 787 1991 et
802 1952 935 1991 exilia.
982 1953 1194 1991 Vertimus
1207 1950 1507 2002 Apostolorum
1521 1949 1741 2000 Epistolas‚

150 2020 374 2069 aliquanto,
409 2019 453 2056 ni
486 2019 618 2066 fallor,
654 2018 875 2057 dilucidius
908 2031 1032 2068 quam
1068 2018 1240 2056 antehac
1270 2029 1389 2056 versa
1420 2016 1586 2063 fuerint,
1621 2018 1744 2066 atque

151 2084 277 2124 ctiam
311 2082 503 2128 fidelius.¹
555 2082 806 2122 Addidimus
837 2083 1128 2121 annotationes
1159 2083 1309 2132 quibus
1343 2095 1428 2120 non
1461 2094 1612 2130 paucae
1644 2081 1744 2119 diffi-
1762 2089 1802 2120 45

150 2149 330 2188 cultates
348 2148 616 2197 explicantur.
669 2147 941 2186 Tentauimus
961 2150 1001 2186 et
1021 2147 1258 2197 paraphrasi
1277 2147 1412 2185 lucem
1432 2146 1581 2184 addere
1597 2159 1607 2193 ;
1635 2145 1744 2195 quod

152 2227 256 2265 opus
285 2226 416 2263 nuper
445 2213 688 2251 institutum
714 2212 842 2258 breui,
865 2213 1031 2250 volente
1058 2212 1234 2261 Christo,
1263 2211 1456 2250 dabimus
1483 2211 1743 2249 absolutum:

153 2292 251 2318 mox
274 2277 505 2317 absoluturi
532 2279 573 2316 et
602 2277 704 2315 olim
734 2278 898 2327 coeptos
926 2277 1255 2325 commentarios,
1283 2277 1319 2315 si
1348 2276 1502 2315 nostris
1523 2276 1632 2315 votis
1663 2288 1745 2314 coe-

153 2344 270 2383 lestis
288 2342 486 2393 aspirabit
506 2342 633 2390 fauor,
658 2356 739 2392 quo
758 2341 899 2392 plures
923 2342 973 2381 ad
997 2342 1074 2381 has
1101 2341 1392 2381 saluberrimas
1418 2341 1560 2379 literas
1585 2340 1745 2379 inflam-

154 2411 334 2456 mentur,
358 2421 382 2445 a
401 2408 550 2458 quibus
569 2407 724 2447 multos
744 2407 920 2446 deterret
940 2408 1140 2447 sermonis
1164 2406 1492 2454 incommoditas,
1520 2407 1745 2446 nonnullos
1763 2414 1803 2446 50

1652 155 1731 193 433

200 2545 250 2566 20.
276 2533 427 2575 venatu]
452 2534 504 2565 Cf.
521 2534 584 2574 Ep.
605 2544 678 2572 451.
697 2544 711 2563 1
731 2544 765 2565 n.

988 2534 1104 2564 Greek
1139 2532 1398 2573 ‘hypotheses'
1429 2534 1465 2563 to
1498 2533 1561 2563 the
1595 2532 1744 2563 Pauline

199 2587 250 2618 31.
278 2576 467 2617 Bersellio]
491 2577 553 2609 See
574 2587 631 2617 pp.
649 2579 728 2618 95‚6
741 2588 749 2617 ;
773 2577 844 2608 and
866 2576 920 2608 for

986 2577 1149 2616 Epistles.

157 2623 220 2653 the
247 2621 408 2652 occasion
435 2621 520 2652 here
549 2620 695 2652 alluded
722 2623 759 2652 to
787 2621 829 2653 cf.
854 2620 917 2660 Ep.

158 2666 234 2704 867.
253 2665 327 2703 256.

202 2719 253 2748 32.
280 2708 402 2747 paucis
414 2707 472 2738 his
483 2707 626 2748 diebus]
637 2708 724 2739 This
736 2707 921 2746 evidently

159 2753 269 2783 refers
285 2751 370 2791 only
387 2753 423 2782 to
441 2750 504 2782 the
518 2751 616 2783 work
638 2751 676 2782 of
693 2752 918 2792 preparation

159 2797 213 2827 for
228 2795 289 2826 the
306 2804 424 2834 press3
448 2794 491 2825 cf.
509 2794 596 2835 Epp.
615 2805 689 2833 421.
707 2805 760 2835 91,
775 2796 849 2834 428.
865 2804 917 2833 52.

203 2849 254 2877 42.
292 2837 525 2879 intercidere]
566 2838 640 2869 The
675 2838 854 2869 reference
891 2839 921 2869 is

161 2884 225 2913 not
247 2885 284 2912 to
304 2881 367 2911 the
386 2881 605 2921 Arguments
628 2883 664 2912 at
685 2881 812 2921 length
834 2882 920 2922 pub-

159 2925 278 2957 lished
307 2925 400 2955 after
422 2925 552 2956 twelve
574 2934 677 2965 years
701 2924 739 2956 of
757 2934 920 2965 suppres-

156 2970 249 3008 sion,
292 2969 356 2999 but
393 2970 429 2998 to
466 2975 562 2999 some
602 2968 837 3000 translations
874 2969 921 3008 by

162 3013 339 3050 Erasmus,
361 3014 442 3043 no‘w
466 3012 544 3052 lost,
568 3012 606 3043 of
625 3012 688 3043 the
711 3011 919 3043 traditional

227 3077 334 3097 ALLRN
352 3077 392 3096 111

1073 2621 1111 2650 in
1151 2620 1305 2660 Latinis]
1352 2619 1466 2650 These
1507 2618 1601 2650 brief
1634 2619 1745 2650 tradi-

986 2663 1099 2695 tional
1116 2666 1324 2703 arguments
1343 2673 1472 2703 appear
1487 2663 1526 2693 in
1542 2662 1604 2693 the
1620 2665 1746 2694 Nouum

987 2710 1007 2738 I
1008 2711 1246 2744 nstrumentum,
1259 2707 1324 2737 but
1336 2707 1377 2737 in
1390 2707 1453 2738 the
1467 2706 1594 2737 second
1607 2706 1743 2737 edition

986 2760 1044 2781 are
1062 2750 1224 2790 replaced
1240 2751 1287 2790 by
1303 2750 1493 2781 Erasmus'.

1030 2796 1083 2833 46.
1110 2793 1335 2834 paraphrasi]
1361 2794 1412 2824 Cf.
1431 2793 1495 2832 Ep.
1516 2802 1590 2831 710.

1030 2838 1082 2876 48.
1107 2836 1398 2878 commentarios]
1415 2837 1467 2867 Cf.
1486 2836 1547 2875 Ep.
1567 2837 1638 2875 164.
1655 2846 1697 2876 39
1707 2845 1742 2867 n.

988 2881 1151 2920 (reading
1161 2890 1221 2919 301
1233 2881 1287 2911 for
1296 2879 1385 2920 300).
1427 2880 1473 2910 In
1486 2889 1568 2918 1524
1578 2879 1746 2911 Erasmus

986 2934 1058 2955 was
1089 2924 1165 2955 still
1195 2925 1331 2964 hoping
1356 2926 1392 2954 to
1419 2923 1593 2963 complete
1619 2924 1744 2961 them3

987 2968 1030 2999 cf.
1043 2977 1066 2998 1.
1080 2977 1139 3008 pp.
1152 2977 1204 3005 42.
1219 2968 1305 2998 8-10
1320 2967 1391 2998 and
1408 2977 1460 3006 34.
1479 2967 1517 2997 18
1528 2976 1562 2998 n.
1582 2967 1744 3008 (reading

990 3013 1046 3042 181
1066 3012 1120 3042 for
1138 3011 1225 3051 183).

924 3068 987 3104 pf
