2034 3433
165 145 261 199 631]
657 149 728 188 ΤΟ
766 149 970 188 HENRY
1009 150 1272 190 STROMER
1445 191 1450 196 .
1709 157 1760 193 55

164 250 331 301 quidem
352 250 492 290 animo
511 252 549 290 si
569 265 713 292 omnes
733 255 871 292 essent
890 254 1077 303 praediti,
1099 254 1261 304 melius,
1284 255 1330 294 ni
1358 256 1490 304 fallor,
1516 270 1611 296 cum
1640 258 1762 298 rebus

163 316 360 355 humanis
387 318 586 367 ageretur.
644 319 786 366 Porro,
816 319 924 369 quod
953 320 1146 359 hortatur
1173 321 1223 359 ad
1253 321 1541 362 describendas
1570 323 1762 363 diuorum

163 380 282 429 vitas,
313 381 474 420 vtinam
500 382 608 421 sicut
631 384 863 432 praemium
891 384 1120 434 pollicetur,
1148 384 1209 424 ita
1233 386 1365 436 possit
1394 386 1491 425 huic
1520 388 1762 438 corpusculo

163 446 273 485 vires
294 447 345 485 ad
368 447 411 485 id
440 447 600 496 negocii
623 448 753 488 iustas
775 449 949 488 addere!
998 449 1090 489 Iam
1115 463 1274 489 annum
1298 451 1450 490 excessi
1477 453 1764 503 quinquagesi-
1784 467 1820 500 15

162 524 290 560 mum,
313 513 355 550 et
373 511 568 551 valetudo
585 526 783 564 perquam
810 517 873 553 est
897 515 1130 564 imbecillis,
1153 518 1194 555 et
1215 516 1441 567 distringor
1463 517 1590 556 variis
1610 519 1763 558 studio-

163 589 257 615 rum
285 577 506 616 laboribus.
568 578 613 618 Si
640 580 813 628 posthac
842 581 1054 631 continget
1076 581 1211 620 isthac
1230 582 1361 621 facere
1381 582 1471 631 iter,
1495 583 1763 634 cupidissime

162 641 275 680 fruar
302 642 450 692 optimi
478 642 689 694 Principis
718 646 939 695 conspectu
968 647 1117 696 tuaque
1146 647 1455 686 consuetudine.
1515 649 1631 687 Bene
1658 649 1758 699 vale,

162 707 369 746 Stromeri
389 708 635 748 doctissime.
694 710 870 749 Louanii
891 711 1030 749 Natali
1052 711 1352 751 Bartholomei.
1411 714 1493 752 An.
1515 727 1601 752 nnn.
1630 724 1688 763 17.

1293 777 1491 817 Erasmus
1512 780 1701 820 Roterod.
1781 778 1821 799 ²⁰

572 896 724 938 595632.
787 896 850 937 To
882 896 1044 938 Bssmo
1076 897 1349 940 AMORBACH.

211 985 396 1021 Deventer
414 985 490 1022 MS.
511 997 567 1032 91,
587 987 610 1022 f.
631 989 676 1030 48
694 990 742 1022 v0.
1453 989 1630 1026 Louvain.

210 1043 281 1078 LB.
301 1043 396 1089 App.
421 1046 496 1089 165.
1384 1057 1429 1090 24
1447 1048 1591 1094 August.
1612 1059 1711 1094 1517.

674 1135 881 1166 ERASMVS
912 1135 1113 1166 BRVNONI
1146 1136 1178 1168 S.
1205 1136 1246 1168 D.

216 1215 250 1253 Ο
277 1228 327 1254 ΤΕ
349 1216 524 1262 felicem,
550 1215 623 1265 qui
652 1215 730 1253 hoc
758 1215 895 1254 seculo
921 1215 1161 1254 felicissimo
1193 1216 1304 1255 visas
1337 1216 1529 1256 Italiam!
1586 1218 1630 1258 Si
1662 1218 1760 1269 quid

160 1281 285 1320 times
313 1281 486 1330 coelum,
517 1280 685 1320 Patauii
712 1281 1035 1319 saluberrimum
1065 1283 1128 1320 est
1144 1296 1153 1329 ;
1184 1281 1397 1320 Bononiae
1426 1296 1511 1322 non
1540 1283 1653 1332 item,
1686 1297 1760 1322 nec

161 1346 394 1385 Florentiae
428 1360 505 1386 nec
538 1346 704 1385 Romae.
764 1347 958 1385 Admone
996 1346 1249 1385 Frobenium
1284 1350 1331 1386 vt
1362 1350 1538 1387 excudat
1570 1349 1760 1387 libellum

161 1411 271 1450 Zasii
304 1411 354 1449 de
385 1411 553 1462 Origine
579 1411 701 1450 Iuris.
763 1411 928 1462 Dignus
955 1414 1017 1450 est
1040 1412 1117 1450 hoc
1145 1412 1299 1451 honore
1319 1412 1384 1451 vir
1412 1413 1494 1453 ille.
1555 1414 1760 1452 Basilium

159 1489 204 1515 ac
233 1477 498 1516 Bonifacium
531 1477 637 1516 meis
669 1476 808 1516 verbis
838 1478 1018 1516 salutato
1057 1477 1286 1528 diligenter.
1348 1478 1538 1517 Fontano
1576 1479 1760 1529 gratulor
1780 1484 1796 1516 5

159 1543 435 1593 tyrannidem,
459 1545 506 1581 vt
526 1542 659 1590 audio,
684 1544 830 1581 nacto:
859 1542 1134 1581 adnitendum
1155 1544 1201 1581 vt
1220 1545 1340 1594 equet
1363 1557 1459 1582 eum
1480 1544 1546 1582 cui
1565 1545 1756 1583 succedit.

161 1608 470 1659 Hieronymum
489 1621 573 1647 vno
601 1607 742 1646 animo
770 1607 1080 1658 amplectuntur
1109 1621 1266 1647 omnes.
1326 1609 1465 1648 Tuum
1490 1609 1597 1648 istuc
1626 1610 1760 1649 satum

161 1675 251 1721 est3
280 1687 378 1713 nam
406 1686 525 1712 meus
550 1673 698 1724 genius
723 1686 928 1723 nusquam
957 1675 1100 1712 cessat.
1160 1673 1275 1712 Bene
1300 1674 1402 1722 vale,
1433 1674 1577 1713 Bruno
1609 1675 1759 1714 charis-

159 1739 263 1778 sime
280 1753 289 1787 ;
318 1739 552 1788 vbicunque
571 1739 777 1777 terrarum
797 1738 974 1786 futurus,
998 1739 1063 1777 fac
1084 1738 1211 1777 sciam
1230 1738 1303 1778 vbi
1325 1752 1434 1789 agas.

214 1804 392 1844 Louanii
411 1804 550 1843 Natali
568 1803 863 1842 Bartholomei.
924 1806 1007 1843 An.
1032 1816 1121 1842 M.D.
1152 1814 1212 1852 17.
1781 1812 1819 1835 10

669 1933 764 1974 633.
827 1931 890 1972 To
921 1932 1045 1973 JOHN
1079 1932 1247 1975 RUSER.

208 2023 394 2059 Deventer
411 2022 487 2059 MS.
509 2033 565 2068 91,
585 2022 609 2058 f.
633 2032 685 2068 52.
1455 2024 1632 2060 Louvain.

207 2080 280 2117 LB.
298 2081 394 2127 App.
417 2082 493 2124 167.
1382 2093 1427 2126 24
1444 2082 1592 2128 August
1612 2092 1711 2128 1517.

343 2171 549 2202 ERASMVS
579 2171 779 2202 ERVDITO
810 2171 920 2202 VIRO
953 2172 1115 2202 IOANNI
1147 2172 1323 2203 RVSERO
1355 2173 1439 2203 SVO
1471 2174 1507 2205 S.
1535 2174 1577 2204 D.

217 2255 478 2293 SCRIPSERAM
502 2252 538 2291 si
565 2252 666 2302 quid
695 2254 803 2291 esset
827 2252 871 2290 in
899 2266 979 2302 quo
1008 2265 1172 2302 possem
1192 2256 1357 2303 gratum
1377 2253 1507 2293 facere
1527 2254 1754 2303 Sohurerio,

162 2319 427 2369 cupidissime
447 2318 657 2357 facturum
677 2331 745 2356 me
765 2333 774 2365 ;
804 2320 969 2356 tantum
989 2318 1105 2356 abest
1123 2320 1170 2356 vt
1190 2332 1287 2357 eum
1303 2333 1324 2357 e
1338 2332 1513 2358 numero
1531 2320 1758 2358 amicorum

162 2385 443 2436 expunxerim.
490 2384 601 2422 Noui
619 2383 804 2422 hominis
825 2383 1057 2422 candorem.
1102 2384 1178 2422 Est
1198 2384 1306 2434 apud
1321 2397 1387 2423 me
1401 2385 1581 2433 Quintus
1593 2386 1759 2425 Curtius

162 2465 292 2502 nuper
310 2451 496 2498 relectus,
521 2450 572 2488 ob
592 2449 681 2488 stili
701 2450 955 2488 contractam
975 2448 1213 2498 rubiginem
1225 2448 1539 2500 abstergendam
1557 2466 1566 2499 ;
1595 2451 1760 2489 additae

161 2516 534 2563 annotatiunculae,
571 2514 762 2564 castigati
792 2514 869 2552 loci
897 2513 1106 2553 nonnulli.
1161 2514 1349 2553 Addetur
1381 2515 1590 2565 praefatio.
1649 2517 1760 2555 Eum
1778 2527 1795 2558 5

161 2582 380 2627 misissem,
403 2581 441 2620 si
460 2581 630 2620 scissem
650 2580 726 2618 hoc
746 2579 810 2618 illi
829 2581 994 2629 gratum
1014 2579 1112 2617 fore.
1173 2579 1218 2617 Si
1236 2580 1378 2618 mittet
1398 2593 1520 2630 opera
1539 2581 1765 2631 Rodolphi.

160 2647 310 2697 fungar
328 2647 452 2686 amici
471 2645 614 2695 officio,
636 2645 734 2684 licet
754 2645 856 2684 alias
876 2645 955 2683 sim
986 2643 1348 2693 occupatissimus;
1378 2647 1449 2684 aut
1468 2646 1506 2684 si
1526 2645 1624 2695 quid
1646 2646 1757 2684 aliud

162 2713 206 2750 in
219 2714 406 2750 mentem
417 2711 588 2758 venerit,
603 2710 854 2760 impertiam.
897 2709 1012 2747 Haec
1027 2708 1090 2747 illi
1105 2709 1213 2748 meis
1225 2710 1367 2749 verbis
1382 2710 1517 2758 dicito,
1532 2711 1758 2750 admonens

627 2820 703 2852 631.
728 2831 780 2852 20.
807 2820 976 2851 Erasmus
992 2819 1154 2850 Roterod.
1173 2829 1231 2850 om.
1251 2823 1288 2851 D.

206 2913 281 2944 632.
309 2924 338 2951 4.
364 2912 472 2953 Zasii]
490 2912 554 2943 See
572 2912 634 2952 Ep.
648 2913 721 2944 862.
1039 2920 1067 2949 7.
1090 2911 1220 2952 fatum]
1238 2911 1288 2944 cf.
1305 2912 1367 2952 Ep.
1384 2913 1436 2943 80.
1459 2922 1499 2952 79
1511 2923 1545 2944 n.

205 2959 237 2988 6.
262 2955 511 2996 tyrannidem]
536 2955 745 2988 Glareanus'
787 2954 924 2993 school;
1059 2955 1112 2986 33.
1141 2965 1168 2986 1.
1193 2955 1427 2996 Scripseram]
1447 2956 1512 2995 Ep.
1531 2958 1607 2987 606.

163 3000 205 3032 cf.
224 3000 287 3040 Ep.
307 3008 381 3039 331.
399 3008 418 3039 5
430 3009 465 3030 n.
1038 3004 1069 3034 3.
1094 2997 1254 3040 Curtius]
1272 2999 1322 3031 cf.
1341 2999 1404 3039 Ep.
1423 3009 1495 3038 704.
