2034 3433
160 163 262 224 88’3]
607 172 678 211 ΤΟ
718 171 1010 212 NICHOLAS
1049 172 1314 212 GERBELL
1677 175 1749 212 421

158 281 307 329 grauat
333 279 615 328 praestantem
642 275 796 326 absque
824 275 961 314 fructu
991 276 1078 315 eius
1108 277 1174 315 cui
1193 279 1435 326 praestatur.
1494 276 1664 316 Coelum
1686 277 1752 316 hic

159 343 293 383 adhuc
332 355 485 393 purum
526 343 613 389 est3
655 340 897 380 laborarunt
939 342 1069 391 pauci,
1106 341 1176 380 sed
1222 341 1331 380 malo
1366 341 1534 380 aliunde
1570 342 1747 381 inuecto.

162 409 276 448 Bene
295 407 397 455 vale,
420 406 656 446 doctissime
677 405 871 452 GerbellL
887 407 929 443 et
949 406 1170 445 Erasmum
1190 419 1284 444 ama
1299 421 1309 454 ;
1337 407 1522 445 facturus
1541 406 1629 454 hoc,
1647 407 1752 445 mihi

156 475 288 521 crede,
311 475 520 512 mutuum.
579 471 753 509 Louanii
778 484 823 520 13
846 470 984 510 Galen.
1008 470 1210 510 Nouemb.
1234 484 1346 510 anno
1371 474 1482 519 1518.
1774 488 1812 509 20

608 595 704 635 884.
766 593 832 634 To
864 593 1101 634 HERMANN
1132 594 1304 636 BUSCH.

205 682 390 717 Deventer
405 679 485 715 MS.
503 690 559 725 91,
577 680 604 716 f.
624 690 679 724 23.
1417 679 1594 714 Louvain.

205 740 276 774 LB.
295 738 390 784 App.
408 749 487 782 292.
1302 747 1344 772 21
1364 737 1528 773 October
1545 736 1703 783 (1518).

617 829 822 859 ERASMVS
855 829 1050 859 BVSCHIO
1083 828 1164 858 SVO
1195 828 1227 857 S.
1250 828 1292 857 D.

214 911 455 949 INDICATVM
493 913 581 948 erat
619 910 725 948 mihi
763 909 869 948 clam
908 909 1177 956 Barlandum,
1214 909 1286 958 qui
1326 909 1465 948 Latini
1503 908 1754 947 Professoris

157 977 294 1016 locum
323 976 498 1024 obtinet,
528 976 579 1014 de
607 975 831 1015 abdicando
860 975 1047 1026 cogitare,
1078 975 1187 1025 quod
1217 975 1352 1013 oneris
1380 975 1537 1014 tederet
1564 977 1605 1014 et
1633 974 1754 1013 exilis

159 1043 297 1083 salarii
324 1043 536 1093 peniteret.
598 1042 677 1091 Egi
705 1055 799 1081 cum
828 1041 1009 1087 homine,
1042 1043 1083 1079 et
1112 1041 1293 1090 comperi
1321 1054 1408 1079 rem
1439 1053 1555 1079 secus
1587 1041 1749 1079 habere.

158 1110 250 1148 Iam
269 1109 512 1159 scripseram
533 1107 821 1146 executoribus
840 1107 1090 1152 testamenti,
1111 1106 1147 1144 si
1166 1106 1242 1144 hoc
1262 1106 1449 1144 muneris
1468 1119 1553 1144 non
1575 1105 1752 1155 delegas-

157 1177 253 1214 sent
289 1173 512 1220 Barlando,
548 1172 654 1211 mihi
691 1175 902 1223 repertum
940 1172 1012 1222 qui
1047 1171 1220 1221 pulchre
1252 1171 1389 1210 valeat
1421 1184 1512 1210 eam
1550 1171 1752 1209 sustinere
1770 1178 1788 1209 5

158 1239 428 1289 prouinciam.
488 1239 634 1288 Itaque
662 1238 714 1276 ab
743 1238 819 1277 hac
846 1251 918 1288 spe
945 1237 1186 1276 decidimus.
1247 1236 1302 1274 Et
1330 1238 1470 1274 tamen
1500 1238 1684 1286 optarem
1712 1237 1753 1274 te

162 1304 305 1344 viuere
323 1304 433 1354 apud
452 1316 551 1343 nos:
580 1304 651 1342 sed
678 1304 886 1353 malignus
907 1302 1017 1352 apud
1043 1302 1121 1341 hos
1146 1304 1324 1352 questus.
1382 1302 1539 1340 Verum
1562 1301 1752 1340 alicunde

160 1369 348 1409 fortassis
367 1369 582 1419 affulgeret
600 1369 780 1408 fortuna.
839 1368 1066 1418 Episcopus
1086 1367 1326 1406 Leodiensis
1344 1367 1463 1405 vnice
1483 1367 1582 1406 colit
1597 1367 1750 1415 doctos,

163 1436 266 1474 item
298 1434 440 1473 Abbas
468 1434 568 1473 Diui
596 1434 791 1481 Huberti,
822 1434 948 1472 homo
978 1433 1082 1472 mire
1111 1432 1391 1481 benignitatis.
1450 1431 1753 1471 Hoechstratus

160 1500 229 1539 hic
257 1499 338 1538 fuit
365 1501 463 1538 ante
489 1512 632 1538 meum
670 1499 877 1547 reditum;
914 1499 1083 1549 quidam
1121 1497 1387 1547 suspicantur
1422 1497 1639 1535 hominem
1670 1497 1753 1536 huc
1774 1510 1813 1532 10

160 1565 543 1615 commigraturum.
603 1565 718 1603 Bene
752 1564 854 1612 vale,
890 1563 1050 1603 Buschi
1079 1562 1330 1609 charissime,
1365 1564 1405 1600 et
1437 1562 1657 1601 Erasmum
1690 1563 1754 1601 tui

158 1629 496 1669 amantissimum
515 1629 700 1669 vicissim
719 1642 824 1668 ama.

212 1695 388 1734 Louanii
413 1709 458 1733 12
481 1694 564 1734 Cal.
585 1695 788 1734 Nouemb.

653 1805 747 1846 885.
807 1803 872 1845 To
903 1802 1030 1844 JOHN
1063 1802 1260 1843 FROBEN.

201 1894 312 1937 Basle
330 1894 406 1930 MS.
426 1893 469 1929 G.
488 1894 538 1930 ΙΙ.
561 1899 638 1939 13⁸.
652 1905 698 1938 44
717 1894 782 1939 (a).
1419 1891 1595 1927 Louvain.

203 1951 392 1989 Deventer
409 1952 487 1988 MS.
507 1962 566 1998 91,
583 1952 609 1987 f.
629 1962 673 1987 22
690 1957 730 1986 v⁰
749 1952 816 1997 (β).
1308 1960 1351 1984 22
1370 1949 1531 1985 October
1551 1948 1703 1996 (1518).

201 2010 274 2047 LB.
293 2011 389 2056 App.
407 2020 486 2056 307.

204 2091 295 2133 [The
312 2091 506 2131 autograph
525 2090 679 2130 original
696 2090 734 2121 of
744 2090 820 2121 this
832 2090 938 2121 letter
954 2090 984 2120 is
999 2089 1187 2129 preserved
1204 2090 1242 2118 at
1257 2088 1372 2119 Basle.
1417 2088 1562 2119 Besides
1577 2088 1752 2128 improve-

160 2137 280 2166 ments
303 2135 342 2165 in
365 2135 430 2165 the
451 2135 528 2165 text
552 2134 582 2164 it
606 2134 854 2173 supplements
876 2133 939 2164 the
960 2143 1048 2172 copy
1067 2133 1107 2163 in
1129 2133 1191 2162 the
1212 2131 1395 2162 Deventer
1416 2131 1644 2162 Letter-book
1660 2132 1750 2162 with

160 2189 181 2209 a
196 2178 441 2209 considerable
455 2177 674 2218 postseript.]

265 2255 373 2304 Lege
392 2254 498 2292 hanc
518 2252 735 2303 epistolam
754 2266 848 2291 cum
868 2253 995 2292 Beato
1016 2255 1087 2291 aut
1106 2252 1244 2302 aliquo
1264 2251 1335 2302 qui
1355 2251 1456 2289 sciat
1475 2250 1633 2290 Latine.

556 2348 761 2379 ERASMVS
792 2349 849 2380 ῙΟ.
884 2349 910 2378 F
912 2348 1110 2379 ROBENIO
1141 2348 1223 2378 SVO
1254 2348 1288 2377 S.
1310 2348 1353 2378 D.

213 2432 351 2470 M1¹r⁷ro
371 2443 444 2480 per
464 2429 576 2467 hunc
595 2428 840 2468 Menardum
860 2428 1147 2468 Hoernensem
1172 2428 1381 2478 reliquum
1401 2429 1563 2466 textum
1583 2440 1749 2466 omnem

164 2497 274 2536 Noui
292 2494 558 2534 Testamenti.
607 2494 734 2533 Mitto
748 2496 790 2532 et
803 2495 1066 2544 Argumenta
1086 2493 1263 2543 singulis
1276 2492 1462 2542 epistolis
1476 2492 1751 2542 preponenda,

162 2562 282 2601 breui
300 2561 460 2610 reliqua
477 2559 693 2598 missurus.
754 2559 817 2598 Tu
837 2572 934 2598 cura
953 2561 1000 2597 vt
1019 2572 1121 2609 opus
1141 2558 1319 2597 feliciter
1340 2560 1467 2596 exeat.
1525 2557 1665 2596 Facito
1685 2570 1751 2595 me

162 2627 380 2666 certiorem
414 2625 449 2663 si
483 2625 583 2675 quid
615 2625 802 2676 responsi
830 2625 955 2664 fuerit
987 2624 1161 2663 allatum
1191 2637 1213 2661 e
1242 2623 1375 2661 Roma
1407 2623 1457 2660 de
1487 2622 1538 2660 iis
1569 2635 1647 2672 que
1680 2635 1752 2672 per

203 2714 277 2745 884.
303 2723 333 2743 2.
357 2714 392 2742 et
409 2720 485 2742 corr.
504 2712 580 2741 LB:
604 2711 656 2742 Ex
671 2713 743 2742 MS.
855 2711 930 2742 885.
956 2719 1019 2741 rrr.
1046 2710 1136 2749 Lege
1153 2733 1161 2741 .
1182 2733 1189 2740 .
1208 2731 1216 2739 .
1238 2709 1364 2740 Latine
1379 2719 1439 2739 om.
1457 2709 1490 2741 β.
1588 2717 1614 2738 1.
1642 2707 1752 2739 Horr-

158 2765 306 2788 nensem
323 2757 356 2789 β.
493 2765 523 2793 4.
551 2755 596 2784 iis
610 2764 650 2784 a:
674 2754 732 2785 his
747 2756 782 2789 β.

200 2855 275 2887 884.
303 2863 331 2884 1.
357 2851 595 2892 Barlandum]
618 2851 682 2883 See
699 2851 762 2892 Ep.
781 2862 845 2892 492
867 2852 921 2882 in·
1036 2860 1062 2882 1.
1087 2849 1317 2891 Menardum]
1341 2851 1381 2881 of
1400 2849 1525 2880 Hoorn
1549 2849 1587 2879 in
1607 2849 1648 2880 N.
1662 2848 1750 2880 Hol-

158 2899 252 2931 trod.
990 2894 1086 2926 land.
1133 2893 1189 2924 He
1205 2894 1268 2924 did
1284 2895 1349 2924 not
1364 2893 1436 2924 live
1455 2892 1539 2932 long
1559 2894 1597 2923 to
1617 2892 1751 2923 benefit

202 2943 234 2974 8.
257 2938 484 2980 Leodiensis]
501 2938 566 2970 See
581 2948 641 2978 pp.
660 2938 766 2977 167‚8.
989 2938 1036 2977 by
1047 2936 1523 2968 Erasmus'commendation
1542 2936 1581 2966 in
1594 2935 1632 2967 11.
1643 2937 1750 2975 23-6;

200 2996 234 3025 9.
258 2982 394 3024 Abbas]
410 2983 473 3014 See
487 2992 522 3022 p.
540 2990 613 3020 432.
990 2981 1034 3012 cf.
1050 2981 1113 3020 Ep.
1129 2990 1203 3019 904.
1224 2981 1308 3019 16‚7.

202 3029 350 3061 885.¹rrr.
364 3027 451 3057 sciat
462 3025 606 3066 Latine]
617 3024 917 3065 Cf.Ep.886.28,9.
1032 3033 1063 3054 2.
1088 3022 1328 3063 Argumenta]
1344 3023 1408 3054 See
1423 3032 1457 3062 p.
1475 3031 1548 3061 432.
