2034 3433
309 184 391 222 356
771 184 1023 223 LETTERS
1062 184 1132 223 OF
1169 184 1434 223 ERASMUS
1776 182 1903 238 [1518

272 303 290 333 5
309 288 456 335 literis,
479 290 588 338 quod
616 288 901 327 existimarem
930 288 1017 326 fore
1045 290 1093 327 vt
1121 301 1318 338 praesens
1347 289 1609 338 praesentem
1638 288 1907 338 amplecterer

310 355 377 392 vel
416 354 600 392 Rhomae
638 352 703 391 vel
749 353 856 402 apud
897 353 1096 392 Eluetios.
1155 354 1385 395 ,Eximium
1422 353 1662 392 Antonium
1703 353 1906 394 Puccium

309 420 492 469 legatum
520 418 811 468 Apostolicum
834 418 902 456 hic
932 419 1098 467 offendi,
1123 419 1340 458 hominem
1368 419 1516 457 multis
1546 418 1715 468 quidem
1742 419 1907 459 eximiis

308 485 475 523 dotibus
511 483 834 533 suspiciendum,
866 486 908 522 at
937 484 1044 522 mihi
1077 498 1163 523 non
1197 485 1280 523 alio
1314 485 1485 523 nomine
1519 484 1749 522 chariorem
1782 498 1907 535 quam

308 550 415 600 quod
449 549 674 587 Bombasio
707 563 757 587 ex
791 550 933 588 animo
967 550 1071 588 bene
1104 550 1208 589 vult.
1268 550 1313 588 Is
1347 550 1419 588 vbi
1454 549 1662 587 Basileam
1693 562 1784 587 sese
1817 563 1907 588 con-

252 629 289 650 10
306 615 487 662 tulisset,
502 615 694 664 protinus
715 627 788 664 per
802 628 901 653 suos
922 628 989 653 me
1009 614 1173 663 salutat,
1189 615 1346 653 inuitat
1364 615 1574 653 instanter
1587 614 1637 652 ad
1653 613 1907 664 colloquium

306 683 345 718 et
365 680 597 730 prandium.
658 679 765 728 Quid
786 679 933 718 multis
947 681 967 718 Ῥ
1005 680 1161 730 accepit
1181 680 1351 718 vmbras
1371 693 1497 728 meas,
1520 679 1599 717 hoc
1625 680 1689 716 est
1711 692 1783 717 eos
1805 692 1906 730 quos

306 746 413 784 mihi
450 749 569 785 notos
607 748 650 785 et
687 746 833 784 charos
873 759 964 784 mea
1003 759 1126 784 causa
1159 746 1371 793 inuitarat,
1414 745 1610 795 inprimis
1649 744 1829 783 Beatum
1866 747 1908 784 et

306 811 618 860 Amor-bachios,
643 811 721 850 tibi
741 825 905 861 quoque
925 813 1060 850 notos.
1118 811 1217 862 Ipse
1237 812 1304 849 vir
1323 813 1469 850 tantus
1490 812 1655 849 coactus
1676 812 1740 849 est
1764 810 1811 848 in
1830 810 1907 850 hoc

305 878 533 927 pistrinum
554 878 812 924 descendere,
836 877 873 916 si
893 877 1020 916 vellet
1040 878 1264 917 Erasmum
1285 878 1512 928 complecti.

251 955 285 985 15
360 945 438 983 Sed
472 945 638 983 ‘Vnde’
667 945 830 994 inquies
866 945 1065 984 ‘Erasmo
1092 946 1259 984 tantum
1290 943 1555 994 supercilii?'
1601 942 1660 980 Mi
1689 943 1902 992 Bombasi,

304 1013 392 1048 tam
426 1010 706 1049 inhumanum
740 1012 907 1060 tamque
942 1010 1169 1060 superbum
1203 1024 1270 1049 me
1308 1023 1393 1048 non
1427 1009 1595 1048 animus
1629 1009 1702 1046 sed
1736 1009 1906 1048 morbus

304 1076 537 1115 reddiderat
575 1076 765 1114 omnium
803 1077 1167 1116 sceleratissimus.
1228 1076 1272 1115 Is
1301 1090 1369 1115 me
1397 1076 1492 1126 plus
1523 1088 1713 1114 mensem
1742 1075 1900 1123 afflixit,

302 1145 425 1193 atque
458 1156 507 1181 ex
540 1142 762 1180 interuallo
795 1142 854 1181 sic
888 1143 1054 1192 repetiit
1086 1145 1133 1182 vt
1167 1144 1348 1182 medicos
1383 1154 1641 1190 accerserem,
1679 1142 1789 1192 quod
1820 1154 1906 1180 non

303 1209 414 1247 soleo
434 1208 518 1246 nisi
539 1221 633 1246 cum
656 1208 955 1258 propemodum
982 1208 1094 1247 tedet
1112 1209 1248 1247 vitae:
1276 1211 1318 1247 et
1343 1209 1403 1247 ita
1430 1208 1572 1246 haeret
1600 1207 1760 1246 malum
1787 1207 1905 1258 quasi

247 1285 286 1305 20
304 1274 523 1313 destinarit
560 1287 807 1324 expugnare.
868 1273 1026 1313 Paceus
1064 1274 1114 1313 ad
1149 1287 1224 1313 nos
1260 1287 1454 1313 reuersus
1490 1287 1574 1312 non
1608 1273 1796 1324 epistolis
1832 1274 1904 1314 sed

304 1341 426 1379 iustis
446 1339 734 1378 voluminibus
760 1353 825 1377 me
849 1340 992 1378 crebro
1017 1340 1236 1379 salutauit:
1267 1354 1397 1390 neque
1417 1342 1558 1379 tamen
1585 1340 1761 1390 contigit
1785 1340 1905 1379 collo-

304 1406 384 1456 qui,
408 1406 515 1456 quod
547 1418 645 1443 mox
675 1418 699 1443 a
729 1405 839 1455 Rege
866 1406 991 1445 fuerit
1025 1407 1071 1444 in
1100 1406 1368 1445 Britanniam
1394 1406 1628 1444 accersitus.
1690 1406 1799 1444 Eum
1825 1405 1904 1444 tibi

304 1471 415 1509 cordi
435 1471 564 1509 fuisse
586 1470 695 1508 nihil
716 1470 882 1509 hercule
907 1471 1047 1519 miror,
1073 1472 1200 1521 ὅμοιον
1220 1472 1344 1523 ὁμοίῳ.
1406 1471 1450 1510 Is
1470 1471 1579 1521 apud
1599 1484 1696 1510 suos
1717 1471 1799 1510 dici
1818 1484 1902 1510 non

304 1538 437 1585 potest
473 1549 598 1585 quam
631 1536 687 1574 sit
721 1535 870 1574 charus
900 1536 1107 1584 omnibus,
1138 1536 1352 1586 praecipue
1386 1536 1488 1586 Regi
1522 1537 1830 1575 humanissimo
1863 1539 1903 1574 et

246 1612 283 1643 25
305 1601 516 1640 Cardinali
535 1601 625 1639 viro
644 1601 970 1651 incomparabili.

357 1667 456 1714 Scis,
480 1667 637 1717 optime
658 1666 870 1713 Bombasi‚
895 1680 1020 1717 quam
1045 1681 1210 1718 semper
1234 1667 1520 1706 abhorruerim
1541 1667 1592 1706 ab
1617 1667 1725 1706 aulis
1751 1667 1901 1718 princi-

304 1746 405 1783 pum
423 1747 431 1780 ;
460 1746 583 1782 quam
599 1732 730 1770 vitam
745 1745 818 1781 ego
843 1732 951 1771 nihil
971 1732 1082 1771 aliud
1099 1747 1189 1771 esse
1209 1733 1344 1772 iudico
1361 1746 1486 1783 quam
1502 1732 1765 1783 splendidam
1780 1733 1901 1772 mise-

304 1799 409 1836 riam
429 1811 475 1836 ac
495 1799 759 1846 personatam
778 1797 1020 1837 felicitatem
1038 1814 1046 1836 :
1075 1800 1117 1836 at
1136 1799 1182 1836 in
1197 1799 1326 1837 talem
1346 1799 1486 1837 aulam
1506 1798 1645 1836 lubeat
1661 1798 1897 1848 demigrare,

304 1864 341 1902 si
369 1864 487 1901 liceat
513 1863 837 1901 reiuuenescere.
897 1863 998 1911 Rex,
1024 1864 1214 1902 omnium
1235 1877 1337 1914 quos
1367 1864 1491 1902 habet
1514 1863 1613 1902 haec
1637 1865 1749 1902 aetas
1769 1863 1902 1902 corda-

244 1941 285 1970 30
304 1929 507 1977 tissimus,
549 1928 670 1968 bonis
710 1928 829 1966 libris
869 1928 1105 1967 delectatur.
1166 1929 1327 1979 Regina
1365 1942 1452 1968 non
1490 1930 1660 1967 tantum
1693 1929 1739 1967 in
1777 1942 1900 1968 sexus

302 1994 550 2032 miraculum
588 1993 752 2032 literata
792 1995 880 2041 est3
926 2007 1062 2044 neque
1100 1995 1242 2033 minus
1281 1995 1432 2045 piet-ate
1474 1994 1740 2044 suspicienda
1777 2007 1901 2045 quam

301 2059 543 2097 eruditione.
609 2059 736 2108 Apud
779 2059 856 2097 hos
902 2058 1134 2109 plurimum
1173 2060 1334 2110 pollent
1372 2060 1443 2110 qui
1482 2060 1604 2098 bonis
1638 2060 1784 2108 literis,
1829 2060 1901 2110 qui

302 2125 552 2174 integritate,
579 2124 650 2175 qui
675 2125 896 2173 prudentia
925 2125 1191 2164 antecellunt.
1251 2125 1433 2164 Thomas
1461 2125 1661 2164 Linacrus
1691 2125 1899 2164 medicum

301 2191 407 2240 agit:
435 2190 548 2229 hunc
563 2191 701 2228 virum
723 2191 881 2228 frustra
900 2191 979 2229 tibi
998 2191 1242 2241 praedicem,
1264 2205 1360 2230 cum
1379 2191 1499 2229 libris
1521 2191 1668 2230 aeditis
1687 2190 1822 2241 qualis
1843 2191 1899 2230 sit

244 2268 281 2298 35
303 2255 480 2294 declaret
499 2255 597 2304 ipse.
657 2254 885 2294 (lutbertus
905 2254 1147 2294 Tunstallus
1174 2256 1238 2294 illi
1258 2257 1322 2294 est
1341 2269 1364 2293 a
1384 2256 1551 2294 scriniis
1572 2270 1581 2303 ;
1610 2256 1719 2305 quod
1746 2268 1900 2294 munus

302 2321 409 2371 apud
438 2321 532 2359 illos
562 2320 722 2369 primae
750 2320 967 2370 dignitatis
997 2321 1183 2360 habetur.
1245 2321 1339 2359 Non
1368 2321 1518 2369 credas,
1544 2321 1604 2358 mi
1632 2320 1773 2369 Paule,
1803 2333 1898 2359 cum

302 2386 412 2424 hunc
436 2386 620 2433 nomino,
650 2398 775 2435 quam
804 2386 1058 2425 immensum
1086 2386 1276 2425 omnium
1302 2386 1504 2424 bonarum
1527 2399 1665 2424 rerum
1691 2386 1898 2424 mundum

303 2451 561 2501 complectar.
624 2450 804 2488 Thomas
828 2449 967 2489 Morus
986 2453 1050 2490 est
1072 2465 1096 2490 a
1119 2451 1318 2500 consiliis,
1338 2464 1422 2490 non
1447 2451 1661 2490 Musarum
1682 2451 1805 2490 modo
1825 2451 1896 2490 sed

303 2518 490 2567 leporum
519 2519 560 2554 et
587 2516 825 2555 Gratiarum
852 2516 1046 2555 delitium
1065 2517 1259 2564 vnicum;
1289 2517 1407 2555 cuius
1436 2517 1656 2567 ingenium
1682 2516 1819 2567 aliqua
1845 2529 1896 2554 ex

200 1698 223 1736 4

345 2627 377 2656 6.
402 2625 606 2657 Antonium
626 2628 673 2655 F:
698 2624 740 2654 D.
756 2627 795 2664 D,
813 2627 862 2654 vbi
878 2624 966 2657 Ant.
985 2625 1136 2656 Puccius
1149 2630 1213 2656 stat
1227 2629 1262 2656 in
1277 2636 1377 2665 marq.
1538 2636 1587 2665 13.
1612 2625 1749 2658 DlFN3:
1772 2627 1898 2658 Amor-

304 2669 465 2700 bacchios
481 2668 544 2699 D2:
567 2668 824 2699 Amerbachios
840 2667 896 2699 N2.
1000 2678 1052 2708 27.
1078 2679 1153 2700 esse
1170 2680 1227 2700 om.
1247 2672 1281 2700 F.
1394 2679 1445 2708 32.
1470 2670 1531 2709 qui
1550 2671 1758 2710 integritate
1774 2681 1832 2701 om.
1850 2672 1893 2700 H.

350 2797 398 2826 13.
424 2789 462 2818 in
487 2787 554 2818 hoc
579 2788 792 2829 pistrinum]
819 2788 917 2819 John
939 2790 1063 2820 Gerto·
1131 2790 1298 2821 Froben’s
1313 2800 1410 2830 press
1427 2792 1464 2821 in
1482 2790 1585 2821 order
1601 2792 1637 2821 to
1650 2801 1705 2822 see
1721 2791 1809 2822 him.

304 2831 424 2870 phius,
450 2832 489 2861 in
520 2841 540 2861 a
566 2833 788 2863 Reor-animatio
814 2833 954 2872 against
981 2832 1062 2871 Lee,
1178 2835 1226 2864 16.
1252 2833 1412 2874 morbus]
1431 2834 1482 2865 Cf.
1502 2835 1565 2874 Ep.
1583 2834 1658 2873 844.
1677 2844 1740 2873 293
1757 2843 1792 2865 n.

305 2874 418 2911 Bas1e‚
437 2875 479 2905 A.
500 2874 706 2911 Cartander,
724 2875 818 2906 June
837 2885 930 2915 1520,
956 2886 987 2916 p.
1011 2885 1061 2914 13,
1174 2887 1226 2908 20.
1252 2877 1296 2908 ad
1314 2877 1393 2917 nos]
1412 2877 1462 2908 Cf.
1480 2877 1543 2917 Ep.
1565 2879 1638 2916 706.
1656 2888 1696 2917 27
1711 2888 1747 2909 n.

305 2919 484 2948 mentions
495 2927 540 2948 an
552 2918 684 2948 Italian
695 2919 758 2958 Bp.
772 2920 921 2959 (clearly
930 2919 1062 2959 Pucci)‚
1177 2920 1228 2951 28.
1254 2920 1498 2962 personatam]
1515 2921 1568 2952 Of.
1587 2922 1666 2952 Sen.
1687 2923 1746 2958 Ep.
1762 2922 1816 2951 80.
1832 2921 1863 2950 8.

305 2960 384 2990 who
411 2961 512 2992 three
535 2962 643 2992 times
667 2962 808 2993 invited
835 2963 1004 2994 Erasmus
1029 2965 1065 2994 to
1218 2965 1258 2994 in
1274 2965 1382 2995 talem
1398 2964 1534 3005 aulam]
1547 2965 1615 2995 For
1627 2965 1729 2995 other
1740 2964 1894 3004 eulogies

304 3003 388 3033 dine
413 3004 483 3034 and
507 3014 579 3035 was
602 3005 754 3043 refused,
785 3007 857 3037 and
879 3008 916 3037 at
941 3006 1064 3046 length
1133 3006 1171 3037 of
1183 3007 1244 3037 the
1261 3007 1413 3048 English
1429 3010 1531 3039 court
1551 3008 1668 3039 under
1688 3007 1816 3047 Henry
1837 3016 1894 3037 see

306 3056 377 3078 was
404 3047 542 3087 obliged
567 3050 603 3078 to
628 3048 720 3079 walk
741 3050 831 3080 from
858 3050 915 3080 his
938 3051 1004 3081 inn
1027 3051 1064 3080 to
1134 3050 1222 3090 Epp.
1238 3051 1314 3083 821.
1335 3060 1406 3090 1—2,
1427 3052 1502 3091 837.
1519 3061 1617 3091 35-7,
1633 3061 1709 3090 917,
1724 3052 1800 3090 964.
