2034 3433
113 166 210 221 755]
554 166 624 205 To
662 165 831 218 <J0HN
869 160 1261 214 MOLENDINUS>
1624 165 1697 202 191

112 274 296 312 nostram
332 268 652 324 Ap[p]ologiam
694 271 839 309 scribis
876 272 962 308 arte
1000 269 1264 317 elaboratam,
1299 281 1416 307 secus
1453 268 1700 306 arbitrarere
1723 284 1759 315 15

108 339 145 377 si
174 338 276 376 scias
306 350 396 375 eam
426 337 558 374 totam
587 335 698 374 intra
729 335 949 374 duodecim
977 334 1065 373 dies
1090 336 1132 372 et
1159 335 1410 383 conceptam,
1433 333 1557 370 etiam
1582 332 1698 370 insti—

110 405 245 442 tutam
276 405 316 441 et
350 401 595 440 absolutam.
657 401 788 440 Porro
820 401 926 450 quod
965 400 1195 439 aculeatam
1229 412 1360 446 vocas,
1395 399 1557 437 vtinam
1595 398 1701 437 mihi

109 468 294 506 licuisset
308 467 353 505 in
366 469 502 505 totum
519 466 569 504 ab
585 466 781 504 omnibus
795 466 948 505 aculeis
959 465 1165 504 abstinere
1180 467 1188 503 Ζ
1214 464 1432 514 presertim
1445 464 1489 501 in
1505 463 1698 510 Fabrum,

109 546 233 582 quem
261 545 313 572 ex
345 531 486 571 animo
521 531 658 581 diligo.
721 532 838 580 Quod
869 531 905 570 si
938 531 1013 569 illa
1042 531 1210 569 videtur
1242 529 1424 568 aculeata
1455 542 1534 579 que
1564 531 1701 567 coacta

109 597 296 636 defendit
315 610 401 636 sese
422 599 462 635 et
483 596 714 646 impietatis
734 596 1032 635 contumeliam
1053 596 1155 634 citra
1175 594 1470 633 contumeliam
1490 594 1698 644 propellit,
1721 608 1762 629 20

109 677 192 702 non
223 663 383 713 regerit,
417 676 498 712 quo
528 662 698 700 nomine
727 663 894 701 vocabis
926 662 1040 700 illius
1073 660 1332 710 Apologiam,
1361 673 1440 710 que
1465 660 1554 698 sine
1583 672 1703 698 causa

109 728 389 778 blasphemiae
424 728 469 765 in
509 727 725 766 Christum
764 728 917 766 crimen
957 727 1188 776 impingit?
1255 725 1431 764 Difficile
1468 727 1530 763 est
1567 724 1703 763 alieno

107 793 242 832 dolori
270 794 443 831 modum
474 792 762 842 praescribere.
820 793 865 831 Si
891 792 1157 831 Molendinus
1180 791 1266 830 illis
1294 790 1389 829 telis
1410 790 1557 829 fuisset
1575 790 1701 840 impe-

113 858 224 907 titus,
260 858 447 896 fortassis
486 858 611 896 aliter
647 857 834 896 sentiret.
909 857 988 896 Sed
1026 857 1205 895 demiror
1242 856 1468 904 hominem,
1510 857 1580 905 qui
1618 869 1702 893 non

112 923 262 961 saltem
291 923 445 961 litteris
469 935 557 961 sese
583 922 690 960 mihi
712 922 780 961 vel
809 924 956 972 purget
981 920 1082 973 (vel)
1108 920 1310 969 defendat,
1332 920 1574 970 praesertim
1597 920 1703 959 meis
1723 936 1761 967 25

113 987 266 1026 litteris
285 987 370 1026 iam
389 987 517 1026 semel
537 989 660 1036 atque
680 987 831 1025 iterum
850 989 1105 1036 prouocatus.

166 1053 215 1090 D.
238 1053 423 1090 Adriano
449 1052 611 1090 medico
636 1052 736 1090 adeo
766 1053 951 1102 gratulor
976 1054 1021 1091 vt
1047 1051 1348 1102 propemodum
1372 1050 1592 1098 inuideam,
1618 1063 1703 1088 non

111 1118 247 1156 solum
286 1117 336 1156 ob
369 1117 412 1155 id
447 1118 554 1167 quod
590 1118 703 1155 totus
740 1118 847 1156 inter
884 1118 1031 1167 sydera
1068 1118 1265 1163 versatur,
1302 1116 1492 1165 quodque
1529 1115 1704 1154 feliciter

111 1185 308 1232 grecatur,
341 1196 488 1221 verum
520 1183 647 1220 etiam
676 1182 785 1232 quod
817 1182 1122 1232 therapeuticen
1149 1182 1275 1220 habet
1298 1193 1419 1231 opera
1441 1180 1629 1227 Linacri;
1662 1181 1704 1219 id

106 1248 226 1286 -enim
260 1261 308 1286 ex
342 1248 458 1286 illius
491 1247 739 1297 pronosticis
773 1260 866 1286 sum
900 1248 1105 1286 odoratus.
1163 1247 1391 1285 Hominem
1424 1247 1530 1284 meis
1565 1246 1705 1284 verbis
1723 1262 1764 1293 30

113 1313 247 1352 saluta
274 1312 508 1362 diligenter,
544 1313 794 1363 vnicumque
822 1313 924 1352 item
953 1315 1177 1363 patronum
1204 1325 1344 1350 meum
1373 1325 1420 1350 ac
1449 1324 1609 1361 semper
1637 1311 1703 1349 ob-

114 1378 364 1416 seruandum
398 1378 607 1416 doctorem
636 1378 891 1426 Samsonem,
925 1380 1017 1416 tum
1045 1377 1335 1416 Eleutherium
1363 1377 1578 1415 Audacem
1609 1389 1704 1415 cum

114 1443 202 1482 eius
235 1443 399 1493 collega.
471 1443 634 1481 Nomen
664 1444 842 1492 excidit;
885 1456 984 1482 nam
1016 1444 1116 1481 dum
1150 1443 1225 1480 hec
1264 1442 1496 1490 scriberem,
1533 1441 1705 1491 epistola

106 1510 185 1546 tua
203 1507 254 1547 ad
273 1521 446 1546 manum
467 1522 553 1546 non
573 1510 670 1547 erat.

464 1638 617 1681 ⁷48756.
678 1639 742 1680 To
772 1639 1056 1681 PASCHASIUS
1086 1637 1352 1679 BERSELIUS.

160 1729 347 1766 Deventer
363 1729 441 1766 MS.
459 1740 515 1774 91,
534 1730 560 1765 f.
577 1731 632 1774 83.
1405 1727 1584 1763 Louvain.

160 1787 202 1822 D.
222 1799 257 1833 p.
279 1797 371 1832 213:
398 1787 435 1822 F.
455 1800 490 1833 p.
514 1789 598 1832 169:
625 1787 715 1822 HN:
742 1787 859 1823 Lond.
878 1786 930 1821 iii.
948 1797 1015 1830 44:
1044 1786 1117 1821 LB.
1136 1796 1214 1830 233.
1331 1795 1350 1828 7
1369 1785 1536 1830 January
1556 1787 1655 1830 1518.

546 1884 751 1914 ERASMVS
780 1883 1027 1914 PASCHASIO
1058 1882 1140 1912 SVO
1171 1883 1203 1912 S.
1230 1882 1272 1911 D.

170 1963 264 2002 NAE
296 1964 510 2002 hominem
541 1964 740 2003 bellacem
773 1966 935 2014 oportet
966 1977 1053 2002 esse
1083 1965 1134 2011 te,
1170 1962 1241 2012 qui
1271 1962 1379 2001 nihil
1418 1962 1500 2000 nisi
1532 1962 1701 2010 bellum,

119 2029 357 2076 testudines,
389 2029 532 2068 vineas
560 2043 605 2068 ac
640 2031 849 2068 tormenta
882 2042 1030 2079 crepes.
1090 2030 1193 2078 Age,
1230 2028 1393 2066 munito
1424 2030 1465 2066 te
1501 2029 1705 2077 quantum

114 2094 240 2142 voles,
272 2107 348 2132 nos
375 2096 517 2132 tamen
546 2097 586 2133 te
615 2095 682 2133 vel
712 2095 913 2133 cuniculis
944 2093 1239 2144 aggrediemur.
1301 2093 1424 2131 Nunc
1452 2093 1529 2131 hoc
1557 2105 1706 2131 saxum

115 2159 370 2198 voluendum
389 2163 461 2207 est,
484 2160 549 2198 vel
570 2159 716 2209 potius
736 2160 780 2198 in
801 2160 879 2198 hoc
907 2159 1149 2198 molendum
1172 2158 1361 2208 pistrino.
1424 2158 1503 2196 Sed
1522 2158 1706 2207 gratulor

115 2224 193 2262 tibi
217 2224 325 2275 qiam,
367 2224 524 2274 opinor,
561 2225 742 2263 semideo
779 2225 896 2272 facto,
940 2224 1004 2262 cui
1042 2223 1259 2273 contigerit
1295 2223 1429 2273 epulis
1466 2223 1706 2261 accumbere
1723 2235 1740 2265 5

117 2289 287 2327 diuum:
326 2289 443 2327 cuius
480 2291 622 2327 tamen
663 2289 892 2328 felicissimi
930 2289 1115 2327 conuiuii
1153 2301 1220 2326 me
1264 2301 1426 2338 quoque
1463 2287 1706 2337 participem

103 2367 205 2393 ⁴esse
247 2353 431 2402 voluisti,
474 2367 570 2392 cum
605 2355 708 2392 adeo
744 2354 937 2404 graphice
976 2353 1208 2403 depinxeris
1245 2355 1292 2390 vt
1328 2353 1558 2391 etiamnum
1597 2353 1706 2391 inter

105 2419 216 2457 ¹deos
249 2419 426 2468 deasque
456 2419 563 2456 mihi
591 2418 732 2457 videar
759 2420 897 2457 tecum
931 2418 1180 2457 accumbere.
1238 2418 1367 2456 Extra
1395 2417 1543 2465 iocum,
1575 2419 1706 2456 totam

122 2485 227 2523 hanc
257 2485 424 2522 noctem
457 2497 552 2522 cum
584 2484 787 2534 Episcopo
817 2484 997 2533 transegi
1034 2482 1185 2521 fabulis
1217 2481 1385 2521 mutuis.
1447 2481 1557 2520 Eum
1593 2482 1705 2521 haud

164 2580 236 2611 755.
265 2590 313 2619 17.
339 2583 418 2612 LB:
441 2581 630 2611 aculiatam
647 2583 715 2612 MS.
845 2591 893 2620 19.
920 2583 997 2610 LB:
1020 2580 1174 2611 aculiata
1188 2583 1256 2610 MS.
1392 2589 1443 2618 23.
1471 2580 1707 2620 praescribere

123 2625 199 2654 LB:
229 2625 390 2663 §spicere
413 2627 481 2656 MS.
648 2633 701 2663 25.
726 2624 783 2655 vel
800 2627 873 2655 add.
890 2626 954 2655 LB.
1117 2633 1167 2662 29.
1194 2625 1356 2663 grecetur
1378 2626 1447 2655 MS.
1578 2623 1706 2654 Thera-

123 2667 261 2706 peticen
278 2669 346 2698 MS.
491 2678 543 2706 30.
570 2670 624 2698 LB
641 2679 648 2698 :
672 2668 839 2698 adoratus
854 2670 922 2699 MS.
1064 2676 1117 2706 33.
1146 2668 1246 2697 cuius
1257 2670 1328 2704 post
1343 2667 1483 2706 collega,
1499 2669 1573 2697 add.
1589 2669 1653 2706 LB,
1672 2670 1706 2696 in

119 2712 185 2746 fine
204 2720 316 2741 versus.
484 2712 558 2743 756.
586 2721 614 2742 1.
638 2713 672 2742 te
689 2713 761 2742 add.
780 2714 819 2742 D.
965 2721 995 2751 3.
1022 2713 1068 2741 D:
1093 2710 1338 2750 aggrediemus
1353 2713 1421 2741 MS.
1567 2710 1598 2741 8.
1625 2711 1707 2741 deas

123 2755 196 2784 add.
210 2755 366 2784 Erasmus
381 2757 416 2785 ire.
430 2757 499 2785 MS.
634 2765 666 2794 9.
690 2757 736 2787 D:
761 2754 888 2786 mutiis
902 2756 969 2786 MS.

167 2841 240 2871 755.
257 2841 307 2870 16.
332 2839 536 2880 duodecim]
554 2841 605 2872 Cf.
621 2841 684 2881 Ep.
704 2850 777 2881 731.
795 2851 815 2881 3
832 2852 866 2873 n.
1036 2839 1287 2871 Eleutherium
1303 2838 1499 2880 Audacem]
1511 2840 1527 2870 ⁴?
1545 2839 1706 2871 Leonard

166 2893 218 2915 21.
244 2882 361 2923 illius]
378 2884 440 2914 See
458 2884 520 2923 Ep.
540 2893 613 2923 597.
630 2894 718 2923 3211.
950 2884 1170 2924 Frescobaffl,
1183 2883 1266 2914 who
1282 2883 1353 2913 had
1369 2883 1533 2922 frequent
1545 2883 1707 2924 dealings

164 2929 216 2958 26.
240 2927 389 2967 litteris]
407 2927 493 2966 Epp.
512 2928 586 2966 659,
606 2937 679 2966 724.
949 2928 1042 2958 with
1057 2927 1224 2966 Tournay
1239 2928 1277 2958 at
1291 2926 1367 2957 this
1381 2926 1468 2958 time
1483 2937 1491 2966 ;
1507 2927 1551 2958 cf.
1562 2927 1706 2958 Brewer

165 2979 217 3009 27.
243 2969 418 3011 Adriano]
435 2970 593 3010 Perhaps
605 2971 648 3002 cf.
668 2971 728 3010 Ep.
749 2971 823 3002 818.
949 2972 987 3002 ii.
1006 2980 1104 3010 3141,
1120 2981 1218 3010 3279,
1235 2981 1330 3008 4004.

155 3046 158 3048 ,
165 3023 218 3052 32.
243 3013 465 3054 Samsonem]
483 3013 546 3044 See
563 3014 649 3054 Epp.
670 3015 743 3054 388.
760 3024 801 3054 35
814 3024 850 3046 n.
994 3015 1067 3045 756.
1092 3024 1119 3054 5.
1144 3013 1275 3054 epulis]
1293 3013 1345 3045 Cf.
1357 3013 1459 3054 Verg.
1472 3016 1552 3044 Aen.
1575 3023 1602 3044 1.
1619 3023 1668 3053 79.
