2034 3433
301 115 380 153 202
425 129 427 137 ¹
766 116 1015 156 LETTERS
1054 116 1122 154 OF
1159 116 1425 156 ERASMUS
1767 116 1891 171 [1518

732 235 827 276 763.
888 234 952 275 To
983 233 1177 276 MARCUS
1205 234 1457 277 LAURINUS.

348 323 537 360 Deventer
553 324 630 360 MS.
648 335 704 369 91,
723 324 760 360 ff.
779 326 823 369 36
843 323 892 368 (a)
911 324 988 358 and
1006 324 1050 359 86
1069 327 1110 358 v⁰
1129 324 1195 369 (β).
1297 365 1299 369 Ι
1590 325 1766 361 Louvain.

348 381 422 417 LB.
439 382 535 427 App.
554 385 632 428 258.
1505 393 1545 426 14
1563 383 1729 429 January
1749 385 1848 428 1518.

346 462 495 504 [Copied
508 464 612 493 twice
625 463 664 493 in
677 463 740 493 the
753 462 935 493 Deventer
947 462 1187 502 Letter-book,
1204 463 1251 503 by
1263 463 1392 494 Hands
1405 463 1430 494 C
1445 463 1492 504 (a)
1506 463 1578 494 and
1591 463 1621 494 D
1634 462 1699 504 (Β).
1729 463 1804 494 The
1819 465 1894 495 text

302 504 340 535 of
351 517 370 535 α
387 506 418 536 15
433 506 682 546 considerably
695 507 758 537 the
774 505 916 546 better]

781 599 987 629 ERASMVS
1017 599 1172 630 MARCO
1203 599 1284 629 SVO
1314 599 1347 628 S.
1374 600 1416 629 D.

355 674 521 711 SCRIPSI
550 686 693 723 nuper,
726 673 772 711 ni
802 673 932 721 fallor,
957 686 1030 724 per
1060 686 1156 712 eum
1185 687 1258 724 per
1289 688 1414 725 quem
1446 676 1493 712 tu
1522 675 1607 712 tres
1639 686 1785 712 aureos
1814 673 1895 711 huc

301 737 472 776 miseras
491 752 501 786 3
531 738 598 776 cui
617 738 769 777 tradidi
788 740 828 777 et
848 739 1130 789 Paraphrasin
1150 739 1257 778 istuc
1281 739 1580 790 perferendam.
1643 738 1754 778 Scire
1773 738 1894 788 cupio

299 815 399 840 num
419 803 528 853 apud
546 816 622 842 vos
640 805 734 853 agat
754 804 937 842 Pacaeus
956 818 965 852 ;
995 804 1061 843 cui
1081 804 1323 854 scripsimus
1350 804 1435 843 iam
1464 804 1590 843 tercio
1619 817 1692 854 per
1713 802 1894 842 eundem

298 868 483 915 latorem.
541 869 682 908 Morus
700 883 750 908 ex
769 869 926 919 Anglia
945 869 992 908 in
1011 869 1165 909 litteris
1183 870 1234 909 ad
1254 884 1322 909 me
1342 870 1429 909 suis
1458 870 1538 908 sibi
1565 869 1809 920 gratulatur,
1829 869 1896 907 cui

263 948 279 977 5
299 933 519 983 contigerit
545 935 610 972 tui
637 935 819 974 noticia:
851 935 953 974 adeo
981 934 1088 985 cepit
1117 935 1330 974 hominem
1361 935 1522 986 ingenii
1552 935 1615 973 tm·
1648 947 1894 984 morumque

299 999 462 1038 candor.
519 998 605 1038 Nos
630 1000 675 1038 in
704 1013 824 1050 opere
851 999 961 1039 Noui
987 1000 1244 1040 Testamenti
1266 1001 1350 1040 iam
1376 1001 1426 1039 ad
1451 1002 1608 1038 metam
1634 999 1890 1038 anhelamus.

301 1064 389 1112 Quo
418 1064 491 1102 vbi
532 1065 752 1114 contigerit
793 1065 1036 1115 pertingere,
1072 1066 1222 1116 volupe
1255 1066 1381 1105 fuerit
1413 1068 1502 1104 tam
1541 1064 1708 1103 molesti
1740 1066 1895 1114 tanque

300 1129 454 1168 diutini
484 1129 636 1168 laboris
665 1130 825 1169 tedium
858 1133 993 1170 vestro
1025 1132 1221 1171 conuictu
1253 1132 1512 1182 abstergere;
1551 1144 1631 1181 quo
1661 1130 1771 1168 nihil
1809 1143 1896 1168 esse

300 1196 436 1244 potest
468 1195 649 1235 suauius.
709 1196 872 1235 Inuitat
910 1196 960 1235 ad
998 1210 1042 1236 se
1079 1197 1230 1236 litteris
1273 1197 1408 1236 multo
1447 1195 1762 1235 humanissimis
1800 1195 1899 1234 hinc

245 1275 282 1296 10
300 1261 528 1311 Episcopus
556 1261 902 1312 Maguntinensis,
933 1262 1030 1301 hinc
1059 1263 1342 1310 Traiectensis,
1374 1262 1472 1301 hinc
1501 1261 1753 1300 Leodiensis.
1814 1260 1898 1299 Ad-

299 1327 452 1374 amant,
483 1327 553 1365 sed
581 1327 775 1366 adamant
804 1330 982 1367 tantum.
1042 1328 1122 1367 Sed
1159 1328 1329 1367 interim
1363 1329 1409 1366 in
1439 1327 1558 1367 inani
1589 1326 1735 1366 scrinii
1766 1326 1896 1365 fundo

302 1391 531 1430 Simonidis
551 1394 738 1431 moerent
767 1393 933 1442 gratiae.
992 1393 1106 1432 Bene
1125 1393 1228 1433 vale.
1252 1394 1385 1432 Marce
1412 1393 1582 1443 optime,
1601 1405 1757 1443 nosque
1787 1391 1894 1442 quod

301 1455 409 1494 soles
429 1469 534 1495 ama.
592 1457 766 1496 Louanii
785 1458 984 1508 postridie
1006 1458 1066 1497 Id.
1091 1458 1209 1498 Ianu.
1270 1460 1351 1498 An.
1375 1472 1464 1497 MJ).
1492 1460 1552 1496 18.

767 1592 863 1632 764.
924 1591 989 1632 To
1019 1591 1225 1634 Jonocus
1257 1591 1446 1633 BADIUs.

350 1679 537 1716 Deventer
553 1680 630 1715 Ms.
649 1691 703 1726 91,
725 1681 749 1717 f.
765 1691 820 1726 37.
1586 1680 1766 1716 Louvain.

351 1737 421 1773 LB.
439 1738 536 1783 App.
555 1748 633 1783 259.
1508 1741 1549 1775 16
1565 1740 1732 1785 January
1752 1741 1852 1785 1518.

324 1827 527 1858 ERASMVS
557 1830 684 1860 ROTE.
710 1831 879 1862 IVDOCO
910 1832 1051 1862 BADIO
1081 1832 1249 1862 OPTIMO
1281 1831 1571 1861 LITTERARVM
1608 1830 1877 1861 OPTIMARVM

899 1900 1169 1931 PROFESSORI
1201 1901 1233 1930 S.
1260 1902 1301 1931 D.

360 1971 424 2009 DE
444 1971 662 2013 similibus
683 1974 788 2013 nihil
799 1988 965 2025 prorsus
979 1976 1153 2015 antehac
1168 1975 1467 2024 intellexeram,
1481 1975 1552 2016 sed
1569 1977 1711 2014 tamen
1723 1975 1897 2025 gaudeo:

306 2049 379 2074 nec
400 2038 462 2075 est
482 2051 553 2076 cur
571 2038 653 2078 huc
672 2040 817 2079 mittas
836 2041 1069 2091 quicquam.
1128 2041 1173 2080 Si
1187 2041 1338 2080 Petrus
1355 2041 1558 2091 Aegidius
1577 2041 1712 2089 habet,
1732 2042 1795 2079 sat
1815 2042 1897 2088 est;

306 2104 346 2140 et
366 2103 508 2141 tamen
526 2104 657 2143 miror
675 2105 710 2143 si
729 2100 891 2156 recepit.
950 2106 1059 2145 Nam
1078 2106 1125 2154 is,
1149 2106 1308 2156 opinor,
1329 2107 1380 2145 ad
1407 2120 1475 2145 me
1500 2107 1704 2145 missurus
1724 2107 1811 2144 erat
1829 2106 1899 2145 vel

307 2167 358 2205 ob
378 2169 500 2206 tuum
514 2169 563 2207 de
577 2183 644 2208 me
658 2169 994 2223 test<im>onium,
1010 2171 1093 2210 nisi
1104 2172 1209 2210 forte
1223 2174 1375 2222 premit
1391 2172 1436 2210 in
1450 2172 1627 2222 gratiam
1640 2170 1893 2210 Theodorici.

270 2249 286 2279 5
306 2234 347 2270 A
375 2232 549 2272 Deloino
577 2235 714 2273 nullas
742 2237 879 2286 accepi
906 2236 1068 2275 litteras
1095 2238 1256 2287 praeter
1275 2237 1419 2276 vnicas
1446 2237 1552 2286 illas,
1574 2237 1725 2287 quibus
1752 2249 1819 2275 me
1847 2237 1898 2276 ad

306 2297 570 2337 scribendum
602 2304 807 2350 prouocat.
868 2302 985 2351 Quod
1019 2315 1096 2341 nos
1130 2303 1286 2341 ornaris
1327 2304 1399 2341 tuo
1441 2302 1681 2342 testimonio
1722 2302 1898 2352 gratiam

352 2395 425 2427 763.
451 2406 481 2427 2.
508 2397 759 2437 perferendam
775 2410 818 2430 a:
841 2400 1062 2432 mittendam
1079 2402 1114 2435 β.
1240 2411 1270 2440 3.
1298 2400 1431 2432 Paeeus
1446 2403 1480 2436 β.
1614 2410 1645 2440 5.
1668 2403 1711 2436 βε
1734 2401 1851 2441 coepit
1866 2412 1896 2432 a.

308 2440 339 2469 6.
367 2440 568 2471 anhelanus
583 2442 617 2475 β.
777 2453 806 2482 7.
831 2444 995 2483 ptingere
1011 2456 1031 2474 a
1045 2457 1051 2476 :
1075 2454 1180 2485 pgere
1197 2446 1229 2478 β.
1356 2445 1425 2485 taq3
1439 2457 1459 2474 α
1476 2456 1483 2475 :
1508 2446 1545 2475 ta
1560 2446 1593 2478 β.
1755 2455 1787 2484 9.
1812 2444 1898 2475 hinc

308 2483 493 2523 episcopus
521 2485 809 2524 Maguntinensis
836 2498 879 2517 a:
915 2498 973 2519 om.
1001 2489 1035 2521 β.
1194 2498 1242 2519 10.
1271 2487 1355 2518 111119
1376 2492 1446 2519 (mie
1472 2488 1678 2519 Leodiensis
1704 2498 1744 2518 a:
1778 2488 1838 2519 hic
1865 2490 1899 2523 β.

312 2536 360 2556 11.
389 2527 427 2557 in
444 2537 502 2558 om.
520 2529 552 2561 β.
643 2531 774 2561 scrinio
787 2531 822 2564 β.
998 2541 1046 2570 13.
1072 2532 1147 2562 Ian.
1168 2532 1201 2566 β.

353 2615 427 2647 763.
455 2626 482 2646 1.
510 2616 660 2657 Scripsi]
680 2617 744 2656 Ep.
764 2627 836 2656 740.
1139 2618 1234 2650 Plut.
1252 2621 1287 2649 de
1304 2621 1480 2649 euriositate
1496 2628 1561 2658 520
1573 2629 1606 2652 Α.

395 2661 467 2690 1195
484 2660 622 2701 aureos]
639 2661 689 2691 Cf.
710 2661 775 2700 Ep.
794 2671 865 2700 717.
885 2671 916 2700 5.
1183 2663 1257 2693 764.
1278 2662 1519 2703 1.Similibus]
1545 2662 1745 2702 Evidently
1765 2662 1899 2694 Badius
1947 2687 1950 2689 .

352 2711 383 2740 3.
409 2703 634 2744 scripsimus]
651 2704 703 2735 Cf.
721 2704 809 2745 Epp.
830 2715 938 2744 741‚2.
1138 2705 1210 2736 had
1226 2706 1438 2736 announced
1461 2707 1524 2736 the
1549 2707 1766 2746 completion
1787 2706 1826 2737 of
1841 2707 1899 2737 his

352 2756 381 2783 4.
407 2746 543 2787 Morus]
574 2747 647 2778 The
682 2748 789 2778 letter
822 2748 894 2779 had
929 2748 1071 2779 arrived
1137 2748 1299 2787 edition3
1325 2750 1391 2780 ε111
1408 2750 1471 2789 Ep.
1490 2759 1554 2788 312
1576 2750 1707 2781 introd.

311 2789 407 2819 since
424 2790 487 2829 Ep.
507 2800 567 2830 754
583 2801 656 2821 was
672 2792 829 2823 written.
1180 2803 1211 2831 4.
1249 2793 1476 2833 Theodorici]
1515 2793 1681 2833 Martens,
1712 2794 1793 2824 who
1827 2793 1899 2824 had

356 2841 404 2862 10.
431 2833 737 2875 Maguntinensis]
754 2835 818 2874 Ep.
837 2836 911 2867 661.
1136 2835 1283 2875 printed
1299 2837 1361 2867 the
1376 2839 1546 2867 Par-abolete
1562 2837 1600 2867 in
1617 2837 1712 2868 June
1732 2846 1824 2876 1515.

396 2875 646 2918 Traiectensis]
665 2879 728 2918 Ep.
748 2879 810 2916 728
822 2889 830 2917 ;
847 2879 889 2909 cf.
906 2889 940 2918 p.
961 2889 1009 2918 14.
1181 2880 1445 2920 testimonium]
1471 2880 1510 2910 in
1534 2880 1679 2911 Badius’
1703 2882 1840 2921 preface
1863 2881 1899 2911 to

396 2919 615 2960 Leodiensis]
634 2922 698 2960 Ep.
718 2923 791 2960 746.
1137 2922 1271 2960 Gilles;
1295 2923 1338 2954 cf.
1356 2924 1379 2955 l.
1401 2933 1415 2953 1
1431 2933 1466 2954 n.

357 2971 406 2993 12.
431 2962 644 3005 Simonidis]
661 2965 711 2996 Cf.
731 2965 873 2996 Theocr.
894 2967 942 2997 16.
961 2975 1046 3004 5-12
1063 2977 1070 3004 3
1181 2975 1211 3005 5.
1239 2966 1404 3007 Deloino]
1423 2967 1475 2998 Cf.
1493 2966 1556 3007 Ep.
1574 2967 1649 3006 689.
1666 2968 1732 3007 5,6.
