2034 3433
129 116 227 171 800]
605 118 676 157 ΤΟ
713 118 868 157 PAUL
908 119 1236 160 BOMBASIUS
1633 121 1711 159 255

124 221 344 261 habiturus
372 223 407 260 si
436 221 503 261 vel
533 222 704 272 paulum
733 236 801 260 me
828 224 954 262 velim
984 224 1218 274 principum
1245 224 1423 274 negociis
1452 224 1708 274 immergere.

125 287 295 326 Adeone
324 286 517 337 quicquid
546 287 591 325 in
620 290 805 326 mentem
835 288 961 337 venit,
997 289 1091 327 ilico
1119 288 1274 327 chartis
1302 289 1551 327 illinendum
1579 291 1708 339 putat.

128 364 257 402 neque
272 352 488 402 quicquam
505 352 630 391 habet
649 353 767 402 pensi
787 353 937 403 quibus
952 354 1087 393 modis
1106 355 1286 393 amicum
1301 355 1345 393 in
1360 354 1481 393 libris
1497 355 1712 394 nominet?
1729 362 1768 393 35

128 416 216 467 Ego
254 420 360 456 certe
404 417 539 464 illum,
582 418 771 456 nondum
809 420 974 457 tantum
1018 421 1197 468 quantus
1234 432 1346 457 nunc
1383 421 1456 468 est,
1498 419 1712 470 aliquanto

126 481 467 520 honorificentius
493 482 666 521 tractaui
692 483 736 521 in
764 483 868 522 meis
894 483 1161 523 Chiliadibus.
1221 484 1426 522 Fortassis
1451 484 1528 523 hoc
1552 498 1648 523 vere
1671 487 1711 523 te

126 546 270 592 visam,
291 547 374 585 nisi
394 549 441 585 tu
462 547 577 597 prius
596 548 771 586 Romam
791 549 1001 598 repetieris
1020 563 1027 595 ;
1057 551 1098 587 et
1114 549 1198 586 illic
1219 549 1389 587 forsitan
1405 550 1536 588 adero.
1597 550 1711 589 Bene

126 612 228 660 vale,
255 611 463 657 Bombasi,
483 612 711 651 amicorum
733 613 1034 663 syncerissime.

181 677 357 716 Louanii
376 677 509 727 pridie
528 676 630 716 Idus
653 677 787 716 Marti.
810 679 921 716 Ann.
945 691 1159 717 M.D.XV111.
1727 687 1770 718 40

557 811 707 852 τ95801.
772 811 900 852 FROM
932 812 1057 853 JOHN
1091 812 1287 854 FROBEN.

175 900 282 936 Basle
300 900 376 936 MS.
391 913 398 936 :
426 901 738 937 Amorbachiana.
1341 902 1602 950 <Frankfort.>

1281 960 1433 1006 <March
1452 962 1512 997 fin.
1536 962 1660 1008 1518.)

170 1038 300 1079 [There
316 1049 375 1070 are
391 1041 462 1070 two
477 1040 593 1079 copies
605 1039 643 1070 of
654 1039 730 1070 this
742 1038 848 1070 letter
860 1048 990 1078 among
1002 1039 1064 1070 the
1075 1039 1362 1071 Amorbachiana
1376 1041 1457 1082 (Ep.
1471 1043 1534 1081 464
1546 1043 1709 1082 introd.),

125 1082 212 1113 both
228 1083 275 1122 by
295 1083 417 1114 Bruno
431 1082 644 1121 Amorbach,
660 1082 741 1113 who
762 1082 949 1121 evidently
970 1092 1042 1113 was
1062 1084 1182 1123 acting
1203 1093 1241 1114 as
1263 1084 1430 1115 Froben's
1452 1088 1629 1125 secretary
1651 1086 1710 1125 (cf.

125 1125 228 1157 BRE.
245 1127 334 1166 427).
379 1127 457 1158 One
474 1126 532 1166 (al)
549 1126 580 1156 is
596 1126 696 1164 quite
712 1125 834 1165 rough,
853 1125 917 1156 the
933 1126 1035 1156 other
1047 1125 1111 1165 (αἳ)
1128 1126 1159 1157 is
1179 1137 1216 1157 so
1236 1127 1306 1158 fair
1325 1129 1406 1159 that
1427 1129 1456 1159 it
1478 1129 1596 1168 might
1612 1130 1712 1168 quite

124 1169 207 1199 well
223 1170 312 1200 have
328 1170 417 1200 been
432 1171 522 1200 sent.
561 1168 594 1198 ο.2
610 1170 648 1200 of
659 1179 781 1200 course
797 1169 860 1200 has
876 1168 1021 1209 usually
1036 1169 1098 1200 the
1111 1170 1326 1210 precedence
1339 1184 1347 1210 ;
1367 1173 1431 1203 but
1448 1174 1569 1212 except
1585 1173 1625 1203 in
1640 1174 1711 1204 two

124 1213 304 1244 instances
320 1214 382 1244 the
397 1213 592 1244 variations
606 1213 770 1243 between
786 1212 883 1243 them
902 1222 961 1243 are
977 1214 1041 1244 not
1056 1214 1173 1244 worth
1192 1214 1407 1256 recording.]

182 1291 221 1329 S.
236 1289 283 1329 P.
300 1290 347 1328 D.
382 1291 499 1339 Quod
538 1290 638 1329 adeo
666 1290 798 1328 amico
827 1290 870 1328 in
900 1303 966 1328 me
995 1304 1038 1330 es
1067 1290 1216 1339 animo,
1248 1292 1485 1331 doctissime
1525 1293 1706 1342 Erasme,

132 1355 260 1394 habeo
279 1356 479 1405 gratiam:
506 1355 627 1394 faciat
643 1354 755 1394 Deus
774 1357 821 1394 vt
840 1355 1061 1405 aliquando
1081 1355 1159 1394 tibi
1177 1356 1246 1395 vel
1264 1370 1313 1396 ex
1333 1360 1447 1406 parte
1467 1359 1712 1409 respondere

133 1419 298 1470 possim.
368 1420 484 1469 Quod
527 1420 672 1458 scribis
716 1421 907 1459 visurum
947 1423 987 1458 te
1024 1433 1099 1459 nos
1134 1422 1322 1471 proxima
1358 1425 1497 1471 estate,
1538 1423 1711 1462 mirifice

127 1485 295 1535 gaudeo,
318 1485 442 1535 idque
467 1488 514 1524 vt
538 1486 661 1525 facias
687 1485 812 1524 etiam
838 1488 962 1536 atque
984 1486 1111 1524 etiam
1133 1500 1242 1536 rogo.
1301 1488 1362 1526 De
1387 1490 1501 1538 peste
1521 1488 1629 1527 nihil
1648 1491 1710 1528 est

127 1551 235 1601 quod
271 1551 428 1590 timeas.
500 1551 719 1590 Perierunt
752 1552 860 1601 apud
897 1565 983 1599 nos,
1017 1552 1156 1600 fateor,
1189 1553 1465 1603 superioribus
1497 1555 1712 1594 mensibus
1731 1565 1748 1595 5

132 1615 288 1666 aliquot
315 1616 535 1664 homines;
569 1629 653 1655 non
681 1619 795 1666 peste
824 1619 963 1655 tamen
992 1617 1061 1655 sed
1090 1617 1194 1656 febri
1222 1618 1358 1657 nescio
1387 1632 1478 1668 qua.
1538 1619 1628 1658 Iam
1660 1621 1711 1658 ad

127 1682 235 1720 duos
253 1694 418 1720 menses
440 1683 481 1719 et
505 1681 685 1731 amplius
712 1694 763 1719 ne
786 1681 921 1719 morbi
948 1681 1117 1731 quidem
1142 1683 1308 1730 mentio,
1331 1685 1496 1722 tantum
1521 1684 1636 1723 abest
1664 1687 1710 1723 vt

120 1746 343 1797 quisquam
363 1746 520 1785 obierit.

182 1811 298 1859 Quod
319 1812 632 1850 Testamentum
652 1814 773 1850 tuum
792 1825 935 1851 rursus
954 1813 1061 1851 mihi
1079 1813 1365 1852 excudendum
1391 1815 1522 1862 offers,
1545 1817 1712 1853 tantum

129 1876 208 1915 tibi
227 1876 355 1915 debeo
375 1878 579 1926 quantum
599 1890 815 1926 nunquam
834 1877 1066 1927 persoluere
1090 1890 1269 1927 possum.
1330 1878 1489 1917 Curabo
1514 1881 1560 1918 vt
1587 1893 1711 1929 quam
1732 1895 1770 1917 10

122 1940 513 1980 emendatissimum
538 1941 584 1978 in
607 1955 756 1980 manus
778 1942 999 1980 hominum
1019 1944 1144 1981 exeat.
1203 1944 1359 1982 Verum
1378 1943 1504 1983 timeo
1525 1957 1577 1982 ne
1597 1945 1638 1982 id
1660 1946 1709 1983 ad

130 2006 367 2057 proximum
403 2008 628 2045 mercatum
674 2007 1060 2046 Francfordiensem
1102 2008 1192 2046 fieri
1230 2009 1372 2058 possit,
1412 2009 1565 2059 partim
1602 2009 1708 2060 quod

130 2071 264 2110 obstet
292 2071 490 2121 temporis
517 2071 716 2120 angustia,
739 2073 893 2121 partim
922 2074 1031 2122 quod
1059 2073 1145 2111 sint
1174 2074 1281 2112 mihi
1309 2074 1435 2112 ferme
1464 2074 1560 2112 libri
1589 2075 1709 2124 quad-

129 2136 312 2186 ringenti
341 2149 390 2174 ex
419 2136 546 2186 priori
579 2136 771 2185 editione,
798 2151 900 2187 quos
926 2137 1094 2176 interim
1124 2152 1286 2188 quoquo
1314 2139 1437 2178 modo
1467 2140 1705 2178 distraham.

129 2201 340 2240 Laborabo
368 2203 414 2239 vt
442 2201 493 2239 ad
521 2201 764 2240 Paschalem
793 2205 1020 2240 mercatum
1050 2203 1431 2242 Francfordiensem
1458 2204 1705 2254 diuulgetur.
1731 2220 1768 2252 15

131 2266 351 2306 Suetonius
378 2267 476 2304 tuus
504 2266 554 2304 ad
582 2266 820 2315 proximum
848 2269 1087 2316 Augustum
1115 2267 1364 2306 absoluetur.
1424 2268 1705 2316 Enchiridion‚

133 2344 255 2381 quam
280 2331 465 2380 primum
491 2331 662 2369 domum
685 2331 851 2379 rediero,
875 2331 951 2370 sub
972 2332 1165 2370 incudem
1183 2345 1345 2381 ponam.
1405 2333 1565 2371 Feceris
1602 2333 1708 2372 mihi

129 2409 216 2435 rem
235 2395 459 2435 admodum
481 2397 640 2446 gratam
661 2397 696 2435 si
715 2396 1023 2447 quamprimum
1043 2397 1146 2435 meis
1171 2397 1368 2447 impensis
1386 2398 1435 2436 ad
1456 2411 1522 2436 me
1548 2398 1708 2437 dederis

129 2461 320 2500 libellum
371 2463 493 2499 tuum
543 2462 592 2500 de
639 2462 846 2512 Principe,
893 2475 1018 2512 quem
1064 2476 1206 2501 rursus
1253 2464 1449 2502 excudam
1472 2478 1482 2511 ;
1528 2463 1707 2513 priorem

127 2526 350 2564 editionem
368 2526 613 2576 iampridem
633 2527 815 2565 distraxi.
1728 2540 1766 2563 20

181 2590 225 2629 Si
245 2603 367 2640 quam
386 2591 513 2630 habes
534 2592 711 2630 feturam
732 2605 855 2642 quam
875 2593 984 2631 felici
1008 2595 1081 2632 tuo
1107 2593 1270 2643 ingenio
1295 2596 1476 2633 recenter
1496 2596 1701 2646 peperisti,

635 2701 709 2732 801.
740 2711 767 2739 7.
793 2701 908 2732 morbi
925 2700 980 2731 al:
1004 2701 1129 2732 mortis
1144 2700 1189 2732 αἳ.

170 2787 244 2818 800.
263 2796 313 2825 34.
333 2787 481 2828 chartis]
501 2787 552 2818 Cf.
572 2788 658 2820 Hor.
678 2792 711 2820 S.
735 2799 762 2820 1.
780 2801 809 2828 4.
829 2791 881 2828 36.
950 2788 1020 2819 had
1028 2789 1116 2819 been
1127 2787 1284 2827 printed;
1301 2799 1358 2819 see
1371 2789 1706 2832 Erasmus'Apoloqia

170 2840 222 2869 37.
246 2830 487 2872 Chiliadibus]
501 2830 551 2862 Cf.
566 2831 652 2872 Epp.
667 2842 739 2861 211.
755 2843 796 2872 43
809 2833 881 2863 and
950 2842 1012 2870 qua
1029 2834 1182 2869 respondet
1196 2832 1236 2862 f0.
1252 2830 1309 2870 Α3,
1328 2832 1445 2864 Jortin
1463 2834 1500 2866 ii.
1514 2845 1588 2874 497.

112 2874 201 2914 398.
219 2874 249 2904 8.
995 2877 1042 2906 16.
1066 2874 1271 2915 Suetonius]
1290 2876 1377 2916 Epp.
1397 2878 1469 2916 586,
1487 2879 1562 2916 648.

169 2917 244 2948 801.
271 2918 302 2948 6.
326 2916 433 2957 febri]
451 2917 502 2948 Cf.
519 2918 588 2949 Zw.
608 2918 662 2949 E.²
676 2928 729 2957 31.
1035 2917 1286 2958 Enchiridion]
1306 2919 1368 2958 Ep.
1385 2920 1458 2959 858.

172 2970 220 2999 13.
246 2960 517 3002 quadringenti]
548 2961 645 2992 More
674 2962 766 2994 than
799 2972 882 2993 1200
997 2972 1044 3002 ¹9·
1069 2962 1112 2993 de
1129 2961 1311 3002 Principe]
1329 2963 1418 3004 Epp.
1436 2974 1511 3004 393,
1528 2967 1602 3005 853.
