<?xml version="1.0" encoding="UTF-8"?>
<!DOCTYPE html PUBLIC "-//W3C//DTD XHTML 1.0 Transitional//EN"
    "http://www.w3.org/TR/xhtml1/DTD/xhtml1-transitional.dtd">
<html xmlns="http://www.w3.org/1999/xhtml" xml:lang="en" lang="en">
 <head>
  <title>
</title>
<meta http-equiv="Content-Type" content="text/html;charset=utf-8" />
  <meta name='ocr-system' content='tesseract 3.04.00' />
  <meta name='ocr-capabilities' content='ocr_page ocr_carea ocr_par ocr_line ocrx_word'/>
</head>
<body>
  <div class='ocr_page' id='page_1' title='image "./opusepistolarumd03erasuoft_0078.png"; bbox 0 0 2034 3433; ppageno 0'>
   <div class='ocr_carea' id='block_1_1' title="bbox 280 161 1865 216">
    <p class='ocr_par' dir='ltr' id='par_1_1' title="bbox 280 161 1865 216">
     <span class='ocr_line' id='line_1_1' title="bbox 280 161 1865 216; baseline -0.001 -15"><span class='ocrx_word' id='word_1_1' title='bbox 280 163 333 201; x_wconf 86' lang='lat'>40</span> <span class='ocrx_word' id='word_1_2' title='bbox 744 163 994 203; x_wconf 83' lang='lat' dir='ltr'><strong>LETTERS</strong></span> <span class='ocrx_word' id='word_1_3' title='bbox 1032 162 1101 201; x_wconf 87' lang='lat' dir='ltr'>OF</span> <span class='ocrx_word' id='word_1_4' title='bbox 1139 162 1404 202; x_wconf 86' lang='lat' dir='ltr'>ERASMUS</span> <span class='ocrx_word' id='word_1_5' title='bbox 1743 161 1782 216; x_wconf 89' lang='lat'>[1</span> <span class='ocrx_word' id='word_1_6' title='bbox 1791 174 1812 212; x_wconf 90' lang='lat'><strong><em>5</em></strong></span> <span class='ocrx_word' id='word_1_7' title='bbox 1822 172 1865 211; x_wconf 90' lang='lat'>17</span> 
     </span>
    </p>
   </div>
   <div class='ocr_carea' id='block_1_2' title="bbox 208 263 1885 2610">
    <p class='ocr_par' dir='ltr' id='par_1_2' title="bbox 208 263 1885 2610">
     <span class='ocr_line' id='line_1_2' title="bbox 278 263 1866 318; baseline -0.001 -13"><span class='ocrx_word' id='word_1_8' title='bbox 278 267 515 308; x_wconf 82' lang='lat' dir='ltr'>facundiam</span> <span class='ocrx_word' id='word_1_9' title='bbox 545 267 734 318; x_wconf 72' lang='lat' dir='ltr'>pertinet,</span> <span class='ocrx_word' id='word_1_10' title='bbox 764 266 955 305; x_wconf 86' lang='lat' dir='ltr'>barbaras</span> <span class='ocrx_word' id='word_1_11' title='bbox 993 277 1133 304; x_wconf 89' lang='lat' dir='ltr'>eorum</span> <span class='ocrx_word' id='word_1_12' title='bbox 1171 264 1375 303; x_wconf 88' lang='lat' dir='ltr'>orationes</span> <span class='ocrx_word' id='word_1_13' title='bbox 1402 263 1602 312; x_wconf 85' lang='lat' dir='ltr'>Christus,</span> <span class='ocrx_word' id='word_1_14' title='bbox 1634 265 1681 303; x_wconf 86' lang='lat' dir='ltr'>vt</span> <span class='ocrx_word' id='word_1_15' title='bbox 1711 264 1866 315; x_wconf 87' lang='lat' dir='ltr'>opinor,</span> 
     </span>
     <span class='ocr_line' id='line_1_3' title="bbox 280 329 1872 383; baseline -0.002 -12"><span class='ocrx_word' id='word_1_16' title='bbox 280 333 368 383; x_wconf 87' lang='lat' dir='ltr'>ipse</span> <span class='ocrx_word' id='word_1_17' title='bbox 383 335 649 381; x_wconf 88' lang='lat' dir='ltr'>auersaretur,</span> <span class='ocrx_word' id='word_1_18' title='bbox 666 331 889 382; x_wconf 73' lang='lat' dir='ltr'>malletque</span> <span class='ocrx_word' id='word_1_19' title='bbox 903 331 1029 369; x_wconf 83' lang='lat' dir='ltr'>fidem</span> <span class='ocrx_word' id='word_1_20' title='bbox 1049 343 1167 369; x_wconf 87' lang='lat' dir='ltr'>suam</span> <span class='ocrx_word' id='word_1_21' title='bbox 1181 329 1404 380; x_wconf 88' lang='lat' dir='ltr'>periclitari</span> <span class='ocrx_word' id='word_1_22' title='bbox 1416 343 1539 380; x_wconf 90' lang='lat' dir='ltr'>quam</span> <span class='ocrx_word' id='word_1_23' title='bbox 1554 331 1669 368; x_wconf 86' lang='lat' dir='ltr'>tanta</span> <span class='ocrx_word' id='word_1_24' title='bbox 1681 329 1872 369; x_wconf 86' lang='lat' dir='ltr'>barbarie</span> 
     </span>
     <span class='ocr_line' id='line_1_4' title="bbox 282 394 1872 445; baseline -0.003 -8"><span class='ocrx_word' id='word_1_25' title='bbox 282 399 421 438; x_wconf 89' lang='lat' dir='ltr'>fedari.</span> <span class='ocrx_word' id='word_1_26' title='bbox 467 400 573 439; x_wconf 89' lang='lat' dir='ltr'>Sane</span> <span class='ocrx_word' id='word_1_27' title='bbox 593 398 730 445; x_wconf 90' lang='lat' dir='ltr'>miror,</span> <span class='ocrx_word' id='word_1_28' title='bbox 749 398 808 435; x_wconf 90' lang='lat' dir='ltr'>mi</span> <span class='ocrx_word' id='word_1_29' title='bbox 824 398 1006 445; x_wconf 85' lang='lat' dir='ltr'>Erasme,</span> <span class='ocrx_word' id='word_1_30' title='bbox 1026 395 1156 435; x_wconf 89' lang='lat' dir='ltr'>curin</span> <span class='ocrx_word' id='word_1_31' title='bbox 1171 395 1342 445; x_wconf 90' lang='lat' dir='ltr'>epistola</span> <span class='ocrx_word' id='word_1_32' title='bbox 1355 397 1427 435; x_wconf 85' lang='lat' dir='ltr'>tua</span> <span class='ocrx_word' id='word_1_33' title='bbox 1440 398 1526 434; x_wconf 90' lang='lat' dir='ltr'>tam</span> <span class='ocrx_word' id='word_1_34' title='bbox 1546 395 1672 445; x_wconf 88' lang='lat' dir='ltr'>longa</span> <span class='ocrx_word' id='word_1_35' title='bbox 1688 394 1872 434; x_wconf 88' lang='lat' dir='ltr'>oratione</span> 
     </span>
     <span class='ocr_line' id='line_1_5' title="bbox 223 460 1873 512; baseline -0.003 -8"><span class='ocrx_word' id='word_1_36' title='bbox 223 468 266 499; x_wconf 88' lang='lat'>80</span> <span class='ocrx_word' id='word_1_37' title='bbox 281 478 382 504; x_wconf 80' lang='lat' dir='ltr'>Vsus</span> <span class='ocrx_word' id='word_1_38' title='bbox 395 478 438 503; x_wconf 89' lang='lat' dir='ltr'>es</span> <span class='ocrx_word' id='word_1_39' title='bbox 454 464 504 503; x_wconf 91' lang='lat' dir='ltr'>ad</span> <span class='ocrx_word' id='word_1_40' title='bbox 525 464 626 502; x_wconf 87' lang='lat' dir='ltr'>istos</span> <span class='ocrx_word' id='word_1_41' title='bbox 646 463 782 501; x_wconf 89' lang='lat' dir='ltr'>asinos</span> <span class='ocrx_word' id='word_1_42' title='bbox 795 462 846 501; x_wconf 87' lang='lat' dir='ltr'>ad</span> <span class='ocrx_word' id='word_1_43' title='bbox 861 462 996 512; x_wconf 86' lang='lat' dir='ltr'>lyram</span> <span class='ocrx_word' id='word_1_44' title='bbox 1015 461 1237 511; x_wconf 89' lang='lat' dir='ltr'>placandos</span> <span class='ocrx_word' id='word_1_45' title='bbox 1252 475 1262 509; x_wconf 85' lang='lat'><em>3</em></span> <span class='ocrx_word' id='word_1_46' title='bbox 1292 460 1373 499; x_wconf 88' lang='lat' dir='ltr'>nisi</span> <span class='ocrx_word' id='word_1_47' title='bbox 1388 461 1558 500; x_wconf 75' lang='lat' dir='ltr'>f01tasse</span> <span class='ocrx_word' id='word_1_48' title='bbox 1573 460 1677 499; x_wconf 89' lang='lat' dir='ltr'>illud</span> <span class='ocrx_word' id='word_1_49' title='bbox 1692 460 1873 510; x_wconf 77' lang='lat' dir='ltr'>eleganti</span> 
     </span>
     <span class='ocr_line' id='line_1_6' title="bbox 281 525 1872 580; baseline -0.003 -12"><span class='ocrx_word' id='word_1_50' title='bbox 281 530 477 580; x_wconf 84' lang='lat' dir='ltr'>grauique</span> <span class='ocrx_word' id='word_1_51' title='bbox 492 528 665 579; x_wconf 86' lang='lat' dir='ltr'>epistola</span> <span class='ocrx_word' id='word_1_52' title='bbox 679 541 797 579; x_wconf 87' lang='lat' dir='ltr'>agere</span> <span class='ocrx_word' id='word_1_53' title='bbox 812 526 951 576; x_wconf 88' lang='lat' dir='ltr'>velles,</span> <span class='ocrx_word' id='word_1_54' title='bbox 971 528 1017 566; x_wconf 86' lang='lat' dir='ltr'>vt</span> <span class='ocrx_word' id='word_1_55' title='bbox 1031 526 1134 565; x_wconf 89' lang='lat' dir='ltr'>alios</span> <span class='ocrx_word' id='word_1_56' title='bbox 1150 539 1312 576; x_wconf 89' lang='lat' dir='ltr'>quoque</span> <span class='ocrx_word' id='word_1_57' title='bbox 1331 526 1372 565; x_wconf 89' lang='lat' dir='ltr'>id</span> <span class='ocrx_word' id='word_1_58' title='bbox 1393 539 1523 576; x_wconf 89' lang='lat' dir='ltr'>genus</span> <span class='ocrx_word' id='word_1_59' title='bbox 1541 526 1734 565; x_wconf 89' lang='lat' dir='ltr'>homines</span> <span class='ocrx_word' id='word_1_60' title='bbox 1748 525 1872 576; x_wconf 89' lang='lat' dir='ltr'>(quod</span> 
     </span>
     <span class='ocr_line' id='line_1_7' title="bbox 282 590 1874 643; baseline -0.003 -9"><span class='ocrx_word' id='word_1_61' title='bbox 282 595 445 634; x_wconf 86' lang='lat' dir='ltr'>difficile</span> <span class='ocrx_word' id='word_1_62' title='bbox 476 595 554 643; x_wconf 89' lang='lat' dir='ltr'>est)</span> <span class='ocrx_word' id='word_1_63' title='bbox 583 607 606 632; x_wconf 87' lang='lat' dir='ltr'>a</span> <span class='ocrx_word' id='word_1_64' title='bbox 633 592 839 632; x_wconf 79' lang='lat' dir='ltr'>consimili</span> <span class='ocrx_word' id='word_1_65' title='bbox 868 592 1058 631; x_wconf 86' lang='lat' dir='ltr'>fatuitate</span> <span class='ocrx_word' id='word_1_66' title='bbox 1089 592 1323 630; x_wconf 73' lang='lat' dir='ltr'>deterreres.</span> <span class='ocrx_word' id='word_1_67' title='bbox 1384 591 1492 630; x_wconf 88' lang='lat' dir='ltr'>Satis</span> <span class='ocrx_word' id='word_1_68' title='bbox 1522 591 1636 630; x_wconf 92' lang='lat' dir='ltr'>enim</span> <span class='ocrx_word' id='word_1_69' title='bbox 1664 593 1751 630; x_wconf 90' lang='lat' dir='ltr'>erat</span> <span class='ocrx_word' id='word_1_70' title='bbox 1781 590 1874 630; x_wconf 87' lang='lat' dir='ltr'>istis</span> 
     </span>
     <span class='ocr_line' id='line_1_8' title="bbox 282 656 1869 710; baseline -0.003 -12"><span class='ocrx_word' id='word_1_71' title='bbox 282 660 387 699; x_wconf 89' lang='lat' dir='ltr'>illud</span> <span class='ocrx_word' id='word_1_72' title='bbox 404 660 512 710; x_wconf 91' lang='lat' dir='ltr'>quod</span> <span class='ocrx_word' id='word_1_73' title='bbox 527 659 725 709; x_wconf 74' lang='lat' dir='ltr'>scripsisti</span> <span class='ocrx_word' id='word_1_74' title='bbox 745 659 795 697; x_wconf 91' lang='lat' dir='ltr'>de</span> <span class='ocrx_word' id='word_1_75' title='bbox 817 657 1117 707; x_wconf 75' lang='lat' dir='ltr'>‘mumpsimus</span> <span class='ocrx_word' id='word_1_76' title='bbox 1130 656 1141 673; x_wconf 89' lang='lat'>&#39;</span> <span class='ocrx_word' id='word_1_77' title='bbox 1159 658 1200 695; x_wconf 90' lang='lat' dir='ltr'>et</span> <span class='ocrx_word' id='word_1_78' title='bbox 1219 657 1495 706; x_wconf 82' lang='lat' dir='ltr'>‘sumpsimus</span> <span class='ocrx_word' id='word_1_79' title='bbox 1508 657 1518 673; x_wconf 86' lang='lat'>&#39;</span> <span class='ocrx_word' id='word_1_80' title='bbox 1536 656 1667 696; x_wconf 87' lang='lat' dir='ltr'>nostri</span> <span class='ocrx_word' id='word_1_81' title='bbox 1686 656 1869 696; x_wconf 90' lang='lat' dir='ltr'>sacrifici.</span> 
     </span>
     <span class='ocr_line' id='line_1_9' title="bbox 283 721 1875 774; baseline -0.001 -11"><span class='ocrx_word' id='word_1_82' title='bbox 283 724 401 773; x_wconf 74' lang='lat' dir='ltr'>Quod</span> <span class='ocrx_word' id='word_1_83' title='bbox 427 725 463 763; x_wconf 91' lang='lat' dir='ltr'>si</span> <span class='ocrx_word' id='word_1_84' title='bbox 480 724 656 764; x_wconf 88' lang='lat' dir='ltr'>vlterius</span> <span class='ocrx_word' id='word_1_85' title='bbox 682 724 873 774; x_wconf 84' lang='lat' dir='ltr'>progredi</span> <span class='ocrx_word' id='word_1_86' title='bbox 898 725 940 762; x_wconf 90' lang='lat' dir='ltr'>et</span> <span class='ocrx_word' id='word_1_87' title='bbox 958 723 1001 760; x_wconf 92' lang='lat' dir='ltr'>in</span> <span class='ocrx_word' id='word_1_88' title='bbox 1028 736 1097 762; x_wconf 90' lang='lat' dir='ltr'>eos</span> <span class='ocrx_word' id='word_1_89' title='bbox 1123 722 1298 761; x_wconf 87' lang='lat' dir='ltr'>scribere</span> <span class='ocrx_word' id='word_1_90' title='bbox 1316 721 1390 771; x_wconf 87' lang='lat' dir='ltr'>vis,</span> <span class='ocrx_word' id='word_1_91' title='bbox 1414 722 1534 772; x_wconf 89' lang='lat' dir='ltr'>cupio</span> <span class='ocrx_word' id='word_1_92' title='bbox 1554 723 1631 762; x_wconf 91' lang='grc'><strong>1106</strong></span> <span class='ocrx_word' id='word_1_93' title='bbox 1651 735 1781 762; x_wconf 83' lang='lat' dir='ltr'>vnum</span> <span class='ocrx_word' id='word_1_94' title='bbox 1801 722 1875 761; x_wconf 87' lang='lat' dir='ltr'>abs</span> 
     </span>
     <span class='ocr_line' id='line_1_10' title="bbox 224 787 1875 840; baseline -0.001 -14"><span class='ocrx_word' id='word_1_95' title='bbox 224 796 263 836; x_wconf 81' lang='lat'>85</span> <span class='ocrx_word' id='word_1_96' title='bbox 283 792 323 829; x_wconf 83' lang='lat' dir='ltr'>te</span> <span class='ocrx_word' id='word_1_97' title='bbox 343 790 576 840; x_wconf 88' lang='lat' dir='ltr'>impetrare,</span> <span class='ocrx_word' id='word_1_98' title='bbox 599 791 645 828; x_wconf 90' lang='lat' dir='ltr'>vt</span> <span class='ocrx_word' id='word_1_99' title='bbox 665 789 742 828; x_wconf 90' lang='lat' dir='ltr'>hoc</span> <span class='ocrx_word' id='word_1_100' title='bbox 763 789 887 827; x_wconf 88' lang='lat' dir='ltr'>titulo</span> <span class='ocrx_word' id='word_1_101' title='bbox 906 788 1120 838; x_wconf 88' lang='lat' dir='ltr'>epistolam</span> <span class='ocrx_word' id='word_1_102' title='bbox 1147 788 1197 826; x_wconf 90' lang='lat' dir='ltr'>ad</span> <span class='ocrx_word' id='word_1_103' title='bbox 1224 787 1320 826; x_wconf 90' lang='lat' dir='ltr'>illos</span> <span class='ocrx_word' id='word_1_104' title='bbox 1348 787 1522 826; x_wconf 88' lang='lat' dir='ltr'>scribas:</span> <span class='ocrx_word' id='word_1_105' title='bbox 1551 790 1606 838; x_wconf 84' lang='grc' dir='ltr'>Τῇ</span> <span class='ocrx_word' id='word_1_106' title='bbox 1623 791 1695 826; x_wconf 84' lang='grc' dir='ltr'>τῶν</span> <span class='ocrx_word' id='word_1_107' title='bbox 1713 788 1875 837; x_wconf 81' lang='grc' dir='ltr'>ἀνοήτων</span> 
     </span>
     <span class='ocr_line' id='line_1_11' title="bbox 283 851 1877 908; baseline -0.002 -13"><span class='ocrx_word' id='word_1_108' title='bbox 283 856 426 908; x_wconf 78' lang='grc' dir='ltr'>συνόδῳ</span> <span class='ocrx_word' id='word_1_109' title='bbox 447 859 562 896; x_wconf 81' lang='grc' dir='ltr'>κακῶς</span> <span class='ocrx_word' id='word_1_110' title='bbox 580 857 762 905; x_wconf 83' lang='grc' dir='ltr'>πράττειν.</span> <span class='ocrx_word' id='word_1_111' title='bbox 824 854 1088 905; x_wconf 74' lang='lat' dir='ltr'>Principium</span> <span class='ocrx_word' id='word_1_112' title='bbox 1117 855 1256 892; x_wconf 79' lang='lat' dir='ltr'>autem</span> <span class='ocrx_word' id='word_1_113' title='bbox 1285 853 1455 903; x_wconf 72' lang='lat' dir='ltr'>epistole</span> <span class='ocrx_word' id='word_1_114' title='bbox 1485 851 1799 905; x_wconf 66' lang='lat' dir='ltr'>detur:’‘A71-oeye</span> <span class='ocrx_word' id='word_1_115' title='bbox 1828 855 1877 893; x_wconf 88' lang='grc' dir='ltr'>εἲς</span> 
     </span>
     <span class='ocr_line' id='line_1_12' title="bbox 283 918 1602 972; baseline -0.003 -12"><span class='ocrx_word' id='word_1_116' title='bbox 283 922 327 960; x_wconf 82' lang='grc' dir='ltr'>τὸ</span> <span class='ocrx_word' id='word_1_117' title='bbox 345 923 538 972; x_wconf 82' lang='grc' dir='ltr'>βάραθρον</span> <span class='ocrx_word' id='word_1_118' title='bbox 556 923 621 971; x_wconf 87' lang='grc' dir='ltr'>τῆς</span> <span class='ocrx_word' id='word_1_119' title='bbox 640 920 798 967; x_wconf 82' lang='grc' dir='ltr'>ἀμαθίας</span> <span class='ocrx_word' id='word_1_120' title='bbox 815 921 929 970; x_wconf 76' lang='grc' dir='ltr'>ὑμεῖς,</span> <span class='ocrx_word' id='word_1_121' title='bbox 949 922 1108 971; x_wconf 81' lang='grc' dir='ltr'>ἀτεχνῶς</span> <span class='ocrx_word' id='word_1_122' title='bbox 1127 919 1280 958; x_wconf 86' lang='grc' dir='ltr'>ἐτώσιον</span> <span class='ocrx_word' id='word_1_123' title='bbox 1300 918 1414 970; x_wconf 78' lang='grc' dir='ltr'>ἄχθος</span> <span class='ocrx_word' id='word_1_124' title='bbox 1434 919 1602 968; x_wconf 83' lang='grc' dir='ltr'>ἀρούρης.</span> 
     </span>
     <span class='ocr_line' id='line_1_13' title="bbox 338 983 1876 1035; baseline -0.003 -10"><span class='ocrx_word' id='word_1_125' title='bbox 338 987 487 1035; x_wconf 88' lang='lat' dir='ltr'>Budei,</span> <span class='ocrx_word' id='word_1_126' title='bbox 503 987 581 1026; x_wconf 90' lang='lat' dir='ltr'>viri</span> <span class='ocrx_word' id='word_1_127' title='bbox 597 985 867 1025; x_wconf 86' lang='lat' dir='ltr'>eruditissimi</span> <span class='ocrx_word' id='word_1_128' title='bbox 882 987 1005 1035; x_wconf 86' lang='lat' dir='ltr'>atque</span> <span class='ocrx_word' id='word_1_129' title='bbox 1024 985 1330 1033; x_wconf 81' lang='lat' dir='ltr'>humanissimi,</span> <span class='ocrx_word' id='word_1_130' title='bbox 1348 984 1397 1023; x_wconf 86' lang='lat' dir='ltr'>ad</span> <span class='ocrx_word' id='word_1_131' title='bbox 1413 986 1453 1022; x_wconf 89' lang='lat' dir='ltr'>te</span> <span class='ocrx_word' id='word_1_132' title='bbox 1469 983 1688 1034; x_wconf 88' lang='lat' dir='ltr'>epistolam</span> <span class='ocrx_word' id='word_1_133' title='bbox 1703 985 1745 1022; x_wconf 87' lang='lat' dir='ltr'>et</span> <span class='ocrx_word' id='word_1_134' title='bbox 1760 985 1876 1022; x_wconf 85' lang='lat' dir='ltr'>tuam</span> 
     </span>
     <span class='ocr_line' id='line_1_14' title="bbox 284 1049 1878 1103; baseline -0.001 -13"><span class='ocrx_word' id='word_1_135' title='bbox 284 1053 334 1090; x_wconf 86' lang='lat' dir='ltr'>ad</span> <span class='ocrx_word' id='word_1_136' title='bbox 364 1053 513 1103; x_wconf 88' lang='lat' dir='ltr'>ipsum,</span> <span class='ocrx_word' id='word_1_137' title='bbox 536 1052 581 1091; x_wconf 92' lang='lat' dir='ltr'>in</span> <span class='ocrx_word' id='word_1_138' title='bbox 601 1052 752 1102; x_wconf 87' lang='lat' dir='ltr'>quibus</span> <span class='ocrx_word' id='word_1_139' title='bbox 780 1051 998 1102; x_wconf 87' lang='lat' dir='ltr'>disputatis</span> <span class='ocrx_word' id='word_1_140' title='bbox 1026 1051 1077 1089; x_wconf 89' lang='lat' dir='ltr'>de</span> <span class='ocrx_word' id='word_1_141' title='bbox 1104 1051 1412 1101; x_wconf 88' lang='lat' dir='ltr'>interpretando</span> <span class='ocrx_word' id='word_1_142' title='bbox 1431 1051 1565 1089; x_wconf 87' lang='lat' dir='ltr'>Lucae</span> <span class='ocrx_word' id='word_1_143' title='bbox 1588 1049 1878 1100; x_wconf 87' lang='lat' dir='ltr'>Euangelistae</span> 
     </span>
     <span class='ocr_line' id='line_1_15' title="bbox 225 1114 1877 1168; baseline -0.001 -13"><span class='ocrx_word' id='word_1_144' title='bbox 225 1132 267 1165; x_wconf 91' lang='lat'>90</span> <span class='ocrx_word' id='word_1_145' title='bbox 285 1117 372 1156; x_wconf 91' lang='lat' dir='ltr'>loco</span> <span class='ocrx_word' id='word_1_146' title='bbox 392 1117 438 1155; x_wconf 91' lang='lat' dir='ltr'>in</span> <span class='ocrx_word' id='word_1_147' title='bbox 459 1117 592 1168; x_wconf 88' lang='lat' dir='ltr'>operis</span> <span class='ocrx_word' id='word_1_148' title='bbox 611 1117 878 1167; x_wconf 84' lang='lat' dir='ltr'>praefatione,</span> <span class='ocrx_word' id='word_1_149' title='bbox 903 1116 1000 1164; x_wconf 86' lang='lat' dir='ltr'>vidi,</span> <span class='ocrx_word' id='word_1_150' title='bbox 1024 1129 1069 1154; x_wconf 91' lang='lat' dir='ltr'>ac</span> <span class='ocrx_word' id='word_1_151' title='bbox 1088 1116 1403 1155; x_wconf 82' lang='lat' dir='ltr'>translationem</span> <span class='ocrx_word' id='word_1_152' title='bbox 1430 1117 1546 1154; x_wconf 91' lang='lat' dir='ltr'>tuam</span> <span class='ocrx_word' id='word_1_153' title='bbox 1570 1117 1611 1153; x_wconf 90' lang='lat' dir='ltr'>et</span> <span class='ocrx_word' id='word_1_154' title='bbox 1630 1114 1746 1153; x_wconf 87' lang='lat' dir='ltr'>illius</span> <span class='ocrx_word' id='word_1_155' title='bbox 1766 1115 1877 1165; x_wconf 91' lang='lat' dir='ltr'>opin-</span> 
     </span>
     <span class='ocr_line' id='line_1_16' title="bbox 284 1179 1877 1231; baseline -0.002 -9"><span class='ocrx_word' id='word_1_156' title='bbox 284 1183 424 1222; x_wconf 87' lang='lat' dir='ltr'>ionem</span> <span class='ocrx_word' id='word_1_157' title='bbox 454 1183 606 1222; x_wconf 87' lang='lat' dir='ltr'>notaui.</span> <span class='ocrx_word' id='word_1_158' title='bbox 667 1183 733 1231; x_wconf 88' lang='lat' dir='ltr'>Et,</span> <span class='ocrx_word' id='word_1_159' title='bbox 757 1184 802 1221; x_wconf 89' lang='lat' dir='ltr'>vt</span> <span class='ocrx_word' id='word_1_160' title='bbox 832 1181 1074 1220; x_wconf 87' lang='lat' dir='ltr'>summatim</span> <span class='ocrx_word' id='word_1_161' title='bbox 1102 1181 1260 1231; x_wconf 88' lang='lat' dir='ltr'>loquar,</span> <span class='ocrx_word' id='word_1_162' title='bbox 1283 1181 1390 1220; x_wconf 89' lang='lat' dir='ltr'>nihil</span> <span class='ocrx_word' id='word_1_163' title='bbox 1418 1181 1463 1219; x_wconf 92' lang='lat' dir='ltr'>in</span> <span class='ocrx_word' id='word_1_164' title='bbox 1492 1180 1564 1219; x_wconf 93' lang='lat' dir='ltr'>illo</span> <span class='ocrx_word' id='word_1_165' title='bbox 1594 1180 1680 1219; x_wconf 94' lang='grc'><strong>1060</strong></span> <span class='ocrx_word' id='word_1_166' title='bbox 1712 1179 1877 1219; x_wconf 84' lang='lat' dir='ltr'>difficul-</span> 
     </span>
     <span class='ocr_line' id='line_1_17' title="bbox 284 1246 1879 1298; baseline -0.003 -10"><span class='ocrx_word' id='word_1_167' title='bbox 284 1249 382 1288; x_wconf 87' lang='lat' dir='ltr'>tatis</span> <span class='ocrx_word' id='word_1_168' title='bbox 408 1251 478 1288; x_wconf 89' lang='lat' dir='ltr'>aut</span> <span class='ocrx_word' id='word_1_169' title='bbox 501 1249 705 1298; x_wconf 84' lang='grc' dir='ltr'>δυσνόητόν</span> <span class='ocrx_word' id='word_1_170' title='bbox 723 1266 769 1297; x_wconf 84' lang='grc' dir='ltr'>τι,</span> <span class='ocrx_word' id='word_1_171' title='bbox 792 1250 839 1287; x_wconf 88' lang='lat' dir='ltr'>vt</span> <span class='ocrx_word' id='word_1_172' title='bbox 859 1247 1029 1286; x_wconf 89' lang='lat' dir='ltr'>Budeus</span> <span class='ocrx_word' id='word_1_173' title='bbox 1054 1248 1192 1297; x_wconf 77' lang='lat' dir='ltr'>sentit,</span> <span class='ocrx_word' id='word_1_174' title='bbox 1216 1247 1345 1295; x_wconf 86' lang='lat' dir='ltr'>video,</span> <span class='ocrx_word' id='word_1_175' title='bbox 1369 1247 1440 1286; x_wconf 89' lang='lat' dir='ltr'>sed</span> <span class='ocrx_word' id='word_1_176' title='bbox 1461 1246 1807 1296; x_wconf 84' lang='grc' dir='ltr'>παρηκολουθηκότι</span> <span class='ocrx_word' id='word_1_177' title='bbox 1832 1246 1879 1284; x_wconf 91' lang='lat' dir='ltr'>in</span> 
     </span>
     <span class='ocr_line' id='line_1_18' title="bbox 285 1313 1879 1365; baseline -0.001 -12"><span class='ocrx_word' id='word_1_178' title='bbox 285 1329 359 1354; x_wconf 88' lang='lat' dir='ltr'>sua</span> <span class='ocrx_word' id='word_1_179' title='bbox 372 1315 472 1354; x_wconf 83' lang='lat' dir='ltr'>trita</span> <span class='ocrx_word' id='word_1_180' title='bbox 487 1317 527 1354; x_wconf 88' lang='lat' dir='ltr'>et</span> <span class='ocrx_word' id='word_1_181' title='bbox 543 1314 705 1365; x_wconf 88' lang='lat' dir='ltr'>vulgari</span> <span class='ocrx_word' id='word_1_182' title='bbox 719 1313 1022 1364; x_wconf 87' lang='lat' dir='ltr'>significacione</span> <span class='ocrx_word' id='word_1_183' title='bbox 1035 1313 1322 1362; x_wconf 88' lang='lat' dir='ltr'>accipiendum</span> <span class='ocrx_word' id='word_1_184' title='bbox 1337 1325 1479 1351; x_wconf 90' lang='lat' dir='ltr'>censeo</span> <span class='ocrx_word' id='word_1_185' title='bbox 1496 1328 1504 1361; x_wconf 81' lang='lat'><em>3</em></span> <span class='ocrx_word' id='word_1_186' title='bbox 1534 1315 1580 1352; x_wconf 90' lang='lat' dir='ltr'>vt</span> <span class='ocrx_word' id='word_1_187' title='bbox 1592 1326 1687 1351; x_wconf 88' lang='lat' dir='ltr'>cum</span> <span class='ocrx_word' id='word_1_188' title='bbox 1703 1313 1879 1352; x_wconf 89' lang='lat' dir='ltr'>dicimus</span> 
     </span>
     <span class='ocr_line' id='line_1_19' title="bbox 285 1377 1879 1430; baseline -0.001 -13"><span class='ocrx_word' id='word_1_189' title='bbox 285 1383 400 1418; x_wconf 81' lang='grc' dir='ltr'>ταῦτα</span> <span class='ocrx_word' id='word_1_190' title='bbox 417 1380 693 1430; x_wconf 84' lang='grc' dir='ltr'>παρακολουθεῖ</span> <span class='ocrx_word' id='word_1_191' title='bbox 708 1381 759 1430; x_wconf 79' lang='grc' dir='ltr'>τῷ</span> <span class='ocrx_word' id='word_1_192' title='bbox 772 1379 971 1430; x_wconf 75' lang='grc' dir='ltr'>προσώπῳ,</span> <span class='ocrx_word' id='word_1_193' title='bbox 993 1378 1035 1417; x_wconf 91' lang='lat' dir='ltr'>id</span> <span class='ocrx_word' id='word_1_194' title='bbox 1055 1379 1116 1416; x_wconf 90' lang='lat' dir='ltr'>est</span> <span class='ocrx_word' id='word_1_195' title='bbox 1136 1380 1359 1427; x_wconf 86' lang='lat' dir='ltr'>sequntur:</span> <span class='ocrx_word' id='word_1_196' title='bbox 1387 1379 1435 1416; x_wconf 90' lang='lat' dir='ltr'>vt</span> <span class='ocrx_word' id='word_1_197' title='bbox 1454 1378 1509 1416; x_wconf 88' lang='lat' dir='ltr'>sit</span> <span class='ocrx_word' id='word_1_198' title='bbox 1528 1390 1684 1427; x_wconf 86' lang='lat' dir='ltr'>sensus,</span> <span class='ocrx_word' id='word_1_199' title='bbox 1713 1377 1879 1416; x_wconf 89' lang='lat' dir='ltr'>‘Visum</span> 
     </span>
     <span class='ocr_line' id='line_1_20' title="bbox 225 1443 1880 1496; baseline -0.002 -11"><span class='ocrx_word' id='word_1_200' title='bbox 225 1461 267 1494; x_wconf 85' lang='lat'>95</span> <span class='ocrx_word' id='word_1_201' title='bbox 286 1449 348 1485; x_wconf 91' lang='lat' dir='ltr'>est</span> <span class='ocrx_word' id='word_1_202' title='bbox 381 1447 486 1485; x_wconf 85' lang='lat' dir='ltr'>mihi</span> <span class='ocrx_word' id='word_1_203' title='bbox 518 1448 648 1485; x_wconf 88' lang='lat' dir='ltr'>aetate</span> <span class='ocrx_word' id='word_1_204' title='bbox 678 1445 895 1496; x_wconf 84' lang='lat' dir='ltr'>posteriori</span> <span class='ocrx_word' id='word_1_205' title='bbox 927 1446 969 1483; x_wconf 87' lang='lat' dir='ltr'>et</span> <span class='ocrx_word' id='word_1_206' title='bbox 1001 1444 1060 1483; x_wconf 92' lang='lat' dir='ltr'>eis</span> <span class='ocrx_word' id='word_1_207' title='bbox 1092 1443 1327 1483; x_wconf 85' lang='lat' dir='ltr'>succedenti</span> <span class='ocrx_word' id='word_1_208' title='bbox 1360 1445 1400 1481; x_wconf 91' lang='lat' dir='ltr'>et</span> <span class='ocrx_word' id='word_1_209' title='bbox 1431 1443 1632 1494; x_wconf 86' lang='lat' dir='ltr'>sequenti,</span> <span class='ocrx_word' id='word_1_210' title='bbox 1660 1445 1707 1482; x_wconf 87' lang='lat' dir='ltr'>vt</span> <span class='ocrx_word' id='word_1_211' title='bbox 1736 1443 1880 1483; x_wconf 89' lang='lat' dir='ltr'>scribe-</span> 
     </span>
     <span class='ocr_line' id='line_1_21' title="bbox 286 1510 1880 1562; baseline -0.002 -11"><span class='ocrx_word' id='word_1_212' title='bbox 286 1513 399 1561; x_wconf 87' lang='lat' dir='ltr'>rem,&#39;</span> <span class='ocrx_word' id='word_1_213' title='bbox 433 1515 507 1551; x_wconf 87' lang='lat' dir='ltr'>etc.</span> <span class='ocrx_word' id='word_1_214' title='bbox 568 1512 692 1562; x_wconf 83' lang='lat' dir='ltr'>Sequi</span> <span class='ocrx_word' id='word_1_215' title='bbox 730 1513 870 1550; x_wconf 85' lang='lat' dir='ltr'>autem</span> <span class='ocrx_word' id='word_1_216' title='bbox 909 1510 1041 1549; x_wconf 84' lang='lat' dir='ltr'>Lucas</span> <span class='ocrx_word' id='word_1_217' title='bbox 1078 1523 1122 1549; x_wconf 92' lang='lat' dir='ltr'>se</span> <span class='ocrx_word' id='word_1_218' title='bbox 1160 1510 1217 1549; x_wconf 89' lang='lat' dir='ltr'>ait</span> <span class='ocrx_word' id='word_1_219' title='bbox 1256 1523 1342 1548; x_wconf 93' lang='lat' dir='ltr'>non</span> <span class='ocrx_word' id='word_1_220' title='bbox 1379 1510 1573 1559; x_wconf 82' lang='grc' dir='ltr'>αὐτόπτας,</span> <span class='ocrx_word' id='word_1_221' title='bbox 1606 1512 1652 1548; x_wconf 91' lang='lat' dir='ltr'>vt</span> <span class='ocrx_word' id='word_1_222' title='bbox 1685 1510 1880 1561; x_wconf 87' lang='lat' dir='ltr'>opinatur</span> 
     </span>
     <span class='ocr_line' id='line_1_22' title="bbox 287 1575 1877 1627; baseline -0.001 -11"><span class='ocrx_word' id='word_1_223' title='bbox 287 1578 467 1626; x_wconf 84' lang='lat' dir='ltr'>Budeus,</span> <span class='ocrx_word' id='word_1_224' title='bbox 488 1577 557 1616; x_wconf 90' lang='lat' dir='ltr'>sed</span> <span class='ocrx_word' id='word_1_225' title='bbox 578 1576 816 1627; x_wconf 88' lang='lat' dir='ltr'>posterioris</span> <span class='ocrx_word' id='word_1_226' title='bbox 836 1575 958 1614; x_wconf 87' lang='lat' dir='ltr'>etatis</span> <span class='ocrx_word' id='word_1_227' title='bbox 977 1577 1174 1624; x_wconf 83' lang='lat' dir='ltr'>auctores,</span> <span class='ocrx_word' id='word_1_228' title='bbox 1194 1575 1265 1625; x_wconf 89' lang='lat' dir='ltr'>qui</span> <span class='ocrx_word' id='word_1_229' title='bbox 1285 1576 1468 1616; x_wconf 78' lang='grc' dir='ltr'>αὐτόπτας</span> <span class='ocrx_word' id='word_1_230' title='bbox 1486 1576 1598 1626; x_wconf 90' lang='lat' dir='ltr'>ipsos</span> <span class='ocrx_word' id='word_1_231' title='bbox 1617 1577 1716 1614; x_wconf 92' lang='lat' dir='ltr'>sunt</span> <span class='ocrx_word' id='word_1_232' title='bbox 1735 1575 1877 1614; x_wconf 88' lang='lat' dir='ltr'>secuti.</span> 
     </span>
     <span class='ocr_line' id='line_1_23' title="bbox 288 1640 1878 1694; baseline -0.002 -12"><span class='ocrx_word' id='word_1_233' title='bbox 288 1643 435 1694; x_wconf 89' lang='lat' dir='ltr'>Itaque</span> <span class='ocrx_word' id='word_1_234' title='bbox 462 1656 536 1682; x_wconf 89' lang='lat' dir='ltr'>nec</span> <span class='ocrx_word' id='word_1_235' title='bbox 558 1645 759 1691; x_wconf 73' lang='lat' dir='ltr'>prosecuto</span> <span class='ocrx_word' id='word_1_236' title='bbox 784 1654 858 1680; x_wconf 89' lang='lat' dir='ltr'>nec</span> <span class='ocrx_word' id='word_1_237' title='bbox 878 1644 1079 1690; x_wconf 67' lang='lat' dir='ltr'>persecuto</span> <span class='ocrx_word' id='word_1_238' title='bbox 1103 1654 1179 1679; x_wconf 91' lang='lat' dir='ltr'>nec</span> <span class='ocrx_word' id='word_1_239' title='bbox 1205 1645 1376 1681; x_wconf 73' lang='lat' dir='ltr'>assecuto</span> <span class='ocrx_word' id='word_1_240' title='bbox 1401 1641 1446 1680; x_wconf 91' lang='lat' dir='ltr'>in</span> <span class='ocrx_word' id='word_1_241' title='bbox 1474 1641 1551 1681; x_wconf 88' lang='lat' dir='ltr'>hoc</span> <span class='ocrx_word' id='word_1_242' title='bbox 1577 1641 1666 1680; x_wconf 92' lang='grc'><strong>1060</strong></span> <span class='ocrx_word' id='word_1_243' title='bbox 1690 1640 1878 1680; x_wconf 87' lang='lat' dir='ltr'>admitto.</span> 
     </span>
     <span class='ocr_line' id='line_1_24' title="bbox 287 1707 1880 1758; baseline -0.001 -10"><span class='ocrx_word' id='word_1_244' title='bbox 287 1711 347 1749; x_wconf 92' lang='lat' dir='ltr'>At</span> <span class='ocrx_word' id='word_1_245' title='bbox 369 1722 467 1748; x_wconf 88' lang='lat' dir='ltr'>vero</span> <span class='ocrx_word' id='word_1_246' title='bbox 496 1709 540 1747; x_wconf 93' lang='lat' dir='ltr'>in</span> <span class='ocrx_word' id='word_1_247' title='bbox 570 1708 749 1747; x_wconf 86' lang='lat' dir='ltr'>secundo</span> <span class='ocrx_word' id='word_1_248' title='bbox 778 1708 876 1756; x_wconf 86' lang='grc'><strong>1060,</strong></span> <span class='ocrx_word' id='word_1_249' title='bbox 906 1721 1030 1758; x_wconf 91' lang='lat' dir='ltr'>quem</span> <span class='ocrx_word' id='word_1_250' title='bbox 1059 1707 1226 1746; x_wconf 88' lang='lat' dir='ltr'>Budeus</span> <span class='ocrx_word' id='word_1_251' title='bbox 1256 1721 1307 1746; x_wconf 80' lang='lat' dir='ltr'>ex</span> <span class='ocrx_word' id='word_1_252' title='bbox 1334 1708 1615 1746; x_wconf 90' lang='lat' dir='ltr'>Demosthene</span> <span class='ocrx_word' id='word_1_253' title='bbox 1643 1707 1758 1755; x_wconf 83' lang='lat' dir='ltr'>citat,</span> <span class='ocrx_word' id='word_1_254' title='bbox 1784 1720 1880 1746; x_wconf 88' lang='lat' dir='ltr'>cum</span> 
     </span>
     <span class='ocr_line' id='line_1_25' title="bbox 208 1772 1880 1824; baseline 0.001 -15"><span class='ocrx_word' id='word_1_255' title='bbox 208 1787 270 1810; x_wconf 91' lang='lat'>100</span> <span class='ocrx_word' id='word_1_256' title='bbox 287 1775 376 1824; x_wconf 89' lang='lat' dir='ltr'>ipso</span> <span class='ocrx_word' id='word_1_257' title='bbox 396 1774 556 1822; x_wconf 69' lang='lat' dir='ltr'>sentio,</span> <span class='ocrx_word' id='word_1_258' title='bbox 585 1787 682 1811; x_wconf 87' lang='lat' dir='ltr'>nam</span> <span class='ocrx_word' id='word_1_259' title='bbox 709 1773 852 1811; x_wconf 91' lang='lat' dir='ltr'>nullus</span> <span class='ocrx_word' id='word_1_260' title='bbox 874 1772 1030 1822; x_wconf 87' lang='lat' dir='ltr'>alioqui</span> <span class='ocrx_word' id='word_1_261' title='bbox 1054 1772 1113 1810; x_wconf 88' lang='lat' dir='ltr'>ibi</span> <span class='ocrx_word' id='word_1_262' title='bbox 1139 1773 1244 1810; x_wconf 86' lang='lat' dir='ltr'>esset</span> <span class='ocrx_word' id='word_1_263' title='bbox 1271 1772 1518 1822; x_wconf 89' lang='lat' dir='ltr'>intellectus,</span> <span class='ocrx_word' id='word_1_264' title='bbox 1542 1772 1647 1811; x_wconf 89' lang='lat' dir='ltr'>sicut</span> <span class='ocrx_word' id='word_1_265' title='bbox 1672 1785 1747 1811; x_wconf 89' lang='lat' dir='ltr'>nec</span> <span class='ocrx_word' id='word_1_266' title='bbox 1772 1773 1880 1822; x_wconf 85' lang='lat' dir='ltr'>apud</span> 
     </span>
     <span class='ocr_line' id='line_1_26' title="bbox 288 1838 1878 1885; baseline -0.003 -5"><span class='ocrx_word' id='word_1_267' title='bbox 288 1841 503 1880; x_wconf 83' lang='lat' dir='ltr'>Galenum.</span> <span class='ocrx_word' id='word_1_268' title='bbox 565 1840 643 1878; x_wconf 85' lang='lat' dir='ltr'>Sed</span> <span class='ocrx_word' id='word_1_269' title='bbox 674 1839 904 1878; x_wconf 84' lang='lat' dir='ltr'>notandum</span> <span class='ocrx_word' id='word_1_270' title='bbox 939 1840 1000 1877; x_wconf 89' lang='lat' dir='ltr'>est</span> <span class='ocrx_word' id='word_1_271' title='bbox 1028 1838 1355 1877; x_wconf 87' lang='lat' dir='ltr'>Demosthenem</span> <span class='ocrx_word' id='word_1_272' title='bbox 1384 1839 1455 1877; x_wconf 91' lang='lat' dir='ltr'>illo</span> <span class='ocrx_word' id='word_1_273' title='bbox 1483 1838 1527 1876; x_wconf 90' lang='lat' dir='ltr'>in</span> <span class='ocrx_word' id='word_1_274' title='bbox 1556 1838 1645 1877; x_wconf 91' lang='grc'><strong>1060</strong></span> <span class='ocrx_word' id='word_1_275' title='bbox 1676 1839 1878 1885; x_wconf 83' lang='grc' dir='ltr'>ἀττικίζειν.</span> 
     </span>
     <span class='ocr_line' id='line_1_27' title="bbox 288 1904 1882 1956; baseline -0.001 -11"><span class='ocrx_word' id='word_1_276' title='bbox 288 1907 396 1945; x_wconf 90' lang='lat' dir='ltr'>Nam</span> <span class='ocrx_word' id='word_1_277' title='bbox 428 1906 472 1945; x_wconf 90' lang='lat' dir='ltr'>in</span> <span class='ocrx_word' id='word_1_278' title='bbox 503 1906 637 1956; x_wconf 86' lang='lat' dir='ltr'>primo</span> <span class='ocrx_word' id='word_1_279' title='bbox 665 1905 737 1955; x_wconf 88' lang='lat' dir='ltr'>qui</span> <span class='ocrx_word' id='word_1_280' title='bbox 771 1905 821 1943; x_wconf 89' lang='lat' dir='ltr'>ab</span> <span class='ocrx_word' id='word_1_281' title='bbox 850 1904 995 1942; x_wconf 91' lang='lat' dir='ltr'>eodem</span> <span class='ocrx_word' id='word_1_282' title='bbox 1024 1904 1168 1943; x_wconf 87' lang='lat' dir='ltr'>Budeo</span> <span class='ocrx_word' id='word_1_283' title='bbox 1197 1904 1345 1943; x_wconf 87' lang='lat' dir='ltr'>citatur</span> <span class='ocrx_word' id='word_1_284' title='bbox 1372 1905 1471 1954; x_wconf 90' lang='lat' dir='ltr'>loco,</span> <span class='ocrx_word' id='word_1_285' title='bbox 1502 1906 1625 1943; x_wconf 85' lang='lat' dir='ltr'>etiam</span> <span class='ocrx_word' id='word_1_286' title='bbox 1658 1905 1702 1943; x_wconf 91' lang='lat' dir='ltr'>in</span> <span class='ocrx_word' id='word_1_287' title='bbox 1732 1904 1882 1943; x_wconf 86' lang='lat' dir='ltr'>vsitata</span> 
     </span>
     <span class='ocr_line' id='line_1_28' title="bbox 289 1969 1882 2023; baseline -0.002 -12"><span class='ocrx_word' id='word_1_288' title='bbox 289 1971 590 2023; x_wconf 87' lang='lat' dir='ltr'>significatione</span> <span class='ocrx_word' id='word_1_289' title='bbox 609 1970 895 2021; x_wconf 85' lang='lat' dir='ltr'>accipiendum</span> <span class='ocrx_word' id='word_1_290' title='bbox 914 1971 977 2009; x_wconf 88' lang='lat' dir='ltr'>est</span> <span class='ocrx_word' id='word_1_291' title='bbox 990 1969 1163 2008; x_wconf 88' lang='lat' dir='ltr'>verbum</span> <span class='ocrx_word' id='word_1_292' title='bbox 1183 1970 1518 2020; x_wconf 81' lang='grc' dir='ltr'>παρηκολουθηκώς</span> <span class='ocrx_word' id='word_1_293' title='bbox 1533 1985 1542 2018; x_wconf 89' lang='grc'><strong>;</strong></span> <span class='ocrx_word' id='word_1_294' title='bbox 1572 1971 1681 2020; x_wconf 87' lang='lat' dir='ltr'>quod</span> <span class='ocrx_word' id='word_1_295' title='bbox 1697 1970 1764 2009; x_wconf 91' lang='lat' dir='ltr'>vel</span> <span class='ocrx_word' id='word_1_296' title='bbox 1782 1970 1882 2008; x_wconf 91' lang='lat' dir='ltr'>hinc</span> 
     </span>
     <span class='ocr_line' id='line_1_29' title="bbox 289 2035 1883 2087; baseline -0.001 -12"><span class='ocrx_word' id='word_1_297' title='bbox 289 2038 431 2087; x_wconf 89' lang='lat' dir='ltr'>liquet,</span> <span class='ocrx_word' id='word_1_298' title='bbox 463 2036 573 2086; x_wconf 91' lang='lat' dir='ltr'>quod</span> <span class='ocrx_word' id='word_1_299' title='bbox 601 2036 776 2074; x_wconf 88' lang='lat' dir='ltr'>verbum</span> <span class='ocrx_word' id='word_1_300' title='bbox 806 2035 906 2075; x_wconf 81' lang='grc' dir='ltr'>εἰδώς</span> <span class='ocrx_word' id='word_1_301' title='bbox 933 2035 1178 2084; x_wconf 88' lang='lat' dir='ltr'>praeposuit.</span> <span class='ocrx_word' id='word_1_302' title='bbox 1239 2035 1345 2073; x_wconf 91' lang='lat' dir='ltr'>Nam</span> <span class='ocrx_word' id='word_1_303' title='bbox 1384 2035 1419 2073; x_wconf 89' lang='lat' dir='ltr'>si</span> <span class='ocrx_word' id='word_1_304' title='bbox 1446 2035 1749 2073; x_wconf 88' lang='lat' dir='ltr'>Demosthenes</span> <span class='ocrx_word' id='word_1_305' title='bbox 1777 2035 1883 2073; x_wconf 85' lang='lat' dir='ltr'>vidit</span> 
     </span>
     <span class='ocr_line' id='line_1_30' title="bbox 213 2100 1883 2151; baseline 0.002 -14"><span class='ocrx_word' id='word_1_306' title='bbox 213 2115 272 2147; x_wconf 82' lang='lat'>105</span> <span class='ocrx_word' id='word_1_307' title='bbox 290 2102 485 2142; x_wconf 87' lang='lat' dir='ltr'>Eschinis</span> <span class='ocrx_word' id='word_1_308' title='bbox 515 2101 681 2151; x_wconf 85' lang='lat' dir='ltr'>flagitia,</span> <span class='ocrx_word' id='word_1_309' title='bbox 718 2114 880 2139; x_wconf 87' lang='lat' dir='ltr'>necesse</span> <span class='ocrx_word' id='word_1_310' title='bbox 910 2102 973 2138; x_wconf 89' lang='lat' dir='ltr'>est</span> <span class='ocrx_word' id='word_1_311' title='bbox 1006 2114 1102 2139; x_wconf 92' lang='lat' dir='ltr'>eum</span> <span class='ocrx_word' id='word_1_312' title='bbox 1135 2100 1263 2139; x_wconf 88' lang='lat' dir='ltr'>fuisse</span> <span class='ocrx_word' id='word_1_313' title='bbox 1300 2103 1513 2149; x_wconf 89' lang='lat' dir='ltr'>secutum;</span> <span class='ocrx_word' id='word_1_314' title='bbox 1556 2113 1630 2139; x_wconf 91' lang='lat' dir='ltr'>nec</span> <span class='ocrx_word' id='word_1_315' title='bbox 1668 2100 1883 2140; x_wconf 91' lang='lat' dir='ltr'>intellectu</span> 
     </span>
     <span class='ocr_line' id='line_1_31' title="bbox 290 2166 1884 2218; baseline -0.001 -11"><span class='ocrx_word' id='word_1_316' title='bbox 290 2170 524 2207; x_wconf 87' lang='lat' dir='ltr'>assecutum</span> <span class='ocrx_word' id='word_1_317' title='bbox 553 2167 636 2216; x_wconf 90' lang='lat' dir='ltr'>illa,</span> <span class='ocrx_word' id='word_1_318' title='bbox 669 2167 739 2205; x_wconf 88' lang='lat' dir='ltr'>sed</span> <span class='ocrx_word' id='word_1_319' title='bbox 768 2168 1025 2216; x_wconf 87' lang='lat' dir='ltr'>praesentem</span> <span class='ocrx_word' id='word_1_320' title='bbox 1054 2166 1230 2205; x_wconf 88' lang='lat' dir='ltr'>affuisse.</span> <span class='ocrx_word' id='word_1_321' title='bbox 1291 2166 1405 2205; x_wconf 88' lang='lat' dir='ltr'>Illud</span> <span class='ocrx_word' id='word_1_322' title='bbox 1438 2167 1607 2205; x_wconf 86' lang='lat' dir='ltr'>verbum</span> <span class='ocrx_word' id='word_1_323' title='bbox 1640 2169 1884 2218; x_wconf 85' lang='grc' dir='ltr'>ἐπεχείρησαν</span> 
     </span>
     <span class='ocr_line' id='line_1_32' title="bbox 291 2231 1884 2283; baseline 0 -12"><span class='ocrx_word' id='word_1_324' title='bbox 291 2233 335 2271; x_wconf 90' lang='lat' dir='ltr'>in</span> <span class='ocrx_word' id='word_1_325' title='bbox 364 2232 566 2283; x_wconf 88' lang='lat' dir='ltr'>principio</span> <span class='ocrx_word' id='word_1_326' title='bbox 594 2232 778 2282; x_wconf 88' lang='lat' dir='ltr'>positum</span> <span class='ocrx_word' id='word_1_327' title='bbox 803 2232 969 2271; x_wconf 87' lang='lat' dir='ltr'>videtur</span> <span class='ocrx_word' id='word_1_328' title='bbox 996 2233 1037 2269; x_wconf 87' lang='lat' dir='ltr'>te</span> <span class='ocrx_word' id='word_1_329' title='bbox 1065 2231 1245 2270; x_wconf 90' lang='lat' dir='ltr'>mouisse</span> <span class='ocrx_word' id='word_1_330' title='bbox 1271 2233 1317 2269; x_wconf 90' lang='lat' dir='ltr'>vt</span> <span class='ocrx_word' id='word_1_331' title='bbox 1345 2232 1565 2282; x_wconf 86' lang='lat' dir='ltr'>diligenter</span> <span class='ocrx_word' id='word_1_332' title='bbox 1585 2236 1779 2281; x_wconf 70' lang='lat' dir='ltr'>persecuto</span> <span class='ocrx_word' id='word_1_333' title='bbox 1798 2246 1884 2272; x_wconf 87' lang='lat' dir='ltr'>ver-</span> 
     </span>
     <span class='ocr_line' id='line_1_33' title="bbox 291 2296 1884 2350; baseline -0.001 -12"><span class='ocrx_word' id='word_1_334' title='bbox 291 2302 409 2338; x_wconf 89' lang='lat' dir='ltr'>teres.</span> <span class='ocrx_word' id='word_1_335' title='bbox 471 2299 622 2337; x_wconf 85' lang='lat' dir='ltr'>Scribis</span> <span class='ocrx_word' id='word_1_336' title='bbox 641 2299 755 2336; x_wconf 90' lang='lat' dir='ltr'>enim</span> <span class='ocrx_word' id='word_1_337' title='bbox 781 2299 826 2336; x_wconf 89' lang='lat' dir='ltr'>in</span> <span class='ocrx_word' id='word_1_338' title='bbox 854 2300 926 2337; x_wconf 87' lang='lat' dir='ltr'>tua</span> <span class='ocrx_word' id='word_1_339' title='bbox 946 2298 989 2335; x_wconf 91' lang='lat' dir='ltr'>in</span> <span class='ocrx_word' id='word_1_340' title='bbox 1010 2296 1120 2335; x_wconf 90' lang='lat' dir='ltr'>hunc</span> <span class='ocrx_word' id='word_1_341' title='bbox 1146 2297 1282 2336; x_wconf 90' lang='lat' dir='ltr'>locum</span> <span class='ocrx_word' id='word_1_342' title='bbox 1310 2298 1590 2348; x_wconf 81' lang='lat' dir='ltr'>annotatione,</span> <span class='ocrx_word' id='word_1_343' title='bbox 1618 2299 1884 2350; x_wconf 65' lang='grc' dir='ltr'>’ἐπεχείρησαν</span> 
     </span>
     <span class='ocr_line' id='line_1_34' title="bbox 292 2363 1882 2415; baseline 0 -12"><span class='ocrx_word' id='word_1_344' title='bbox 292 2365 397 2404; x_wconf 80' lang='lat' dir='ltr'>dixit</span> <span class='ocrx_word' id='word_1_345' title='bbox 429 2367 476 2403; x_wconf 89' lang='lat' dir='ltr'>vt</span> <span class='ocrx_word' id='word_1_346' title='bbox 508 2364 789 2414; x_wconf 86' lang='lat' dir='ltr'>intelligamus</span> <span class='ocrx_word' id='word_1_347' title='bbox 822 2364 916 2402; x_wconf 88' lang='lat' dir='ltr'>illos</span> <span class='ocrx_word' id='word_1_348' title='bbox 947 2363 1104 2414; x_wconf 85' lang='lat' dir='ltr'>priores</span> <span class='ocrx_word' id='word_1_349' title='bbox 1136 2363 1352 2413; x_wconf 87' lang='lat' dir='ltr'>scriptores</span> <span class='ocrx_word' id='word_1_350' title='bbox 1385 2364 1564 2403; x_wconf 89' lang='lat' dir='ltr'>voluisse</span> <span class='ocrx_word' id='word_1_351' title='bbox 1597 2365 1731 2414; x_wconf 90' lang='lat' dir='ltr'>magis</span> <span class='ocrx_word' id='word_1_352' title='bbox 1761 2378 1882 2415; x_wconf 89' lang='lat' dir='ltr'>quam</span> 
     </span>
     <span class='ocr_line' id='line_1_35' title="bbox 216 2428 1882 2479; baseline 0 -11"><span class='ocrx_word' id='word_1_353' title='bbox 216 2439 274 2461; x_wconf 91' lang='lat'>110</span> <span class='ocrx_word' id='word_1_354' title='bbox 294 2430 573 2479; x_wconf 63' lang='lat' dir='ltr'>praestitisse?</span> <span class='ocrx_word' id='word_1_355' title='bbox 629 2429 707 2468; x_wconf 89' lang='lat' dir='ltr'>Sed</span> <span class='ocrx_word' id='word_1_356' title='bbox 736 2442 810 2478; x_wconf 88' lang='lat' dir='ltr'>ego</span> <span class='ocrx_word' id='word_1_357' title='bbox 836 2429 885 2467; x_wconf 90' lang='lat' dir='ltr'>de</span> <span class='ocrx_word' id='word_1_358' title='bbox 910 2428 987 2467; x_wconf 92' lang='lat' dir='ltr'>hoc</span> <span class='ocrx_word' id='word_1_359' title='bbox 1007 2441 1168 2478; x_wconf 89' lang='lat' dir='ltr'>quoque</span> <span class='ocrx_word' id='word_1_360' title='bbox 1190 2429 1314 2466; x_wconf 88' lang='lat' dir='ltr'>verbo</span> <span class='ocrx_word' id='word_1_361' title='bbox 1340 2429 1418 2467; x_wconf 89' lang='lat' dir='ltr'>tibi</span> <span class='ocrx_word' id='word_1_362' title='bbox 1445 2430 1580 2467; x_wconf 86' lang='lat' dir='ltr'>dicam</span> <span class='ocrx_word' id='word_1_363' title='bbox 1603 2429 1711 2479; x_wconf 92' lang='lat' dir='ltr'>quod</span> <span class='ocrx_word' id='word_1_364' title='bbox 1737 2430 1882 2468; x_wconf 92' lang='lat' dir='ltr'>sentio.</span> 
     </span>
     <span class='ocr_line' id='line_1_36' title="bbox 293 2494 1885 2546; baseline 0.001 -13"><span class='ocrx_word' id='word_1_365' title='bbox 293 2495 515 2546; x_wconf 82' lang='grc' dir='ltr'>Ἐπιχειρεῖν</span> <span class='ocrx_word' id='word_1_366' title='bbox 540 2496 693 2544; x_wconf 67' lang='lat' dir='ltr'>ayyredz·</span> <span class='ocrx_word' id='word_1_367' title='bbox 715 2494 883 2544; x_wconf 91' lang='lat' dir='ltr'>quidem</span> <span class='ocrx_word' id='word_1_368' title='bbox 912 2494 1143 2544; x_wconf 85' lang='lat' dir='ltr'>significat:</span> <span class='ocrx_word' id='word_1_369' title='bbox 1174 2494 1243 2532; x_wconf 90' lang='lat' dir='ltr'>sed</span> <span class='ocrx_word' id='word_1_370' title='bbox 1273 2507 1357 2532; x_wconf 92' lang='lat' dir='ltr'>non</span> <span class='ocrx_word' id='word_1_371' title='bbox 1385 2495 1518 2544; x_wconf 87' lang='lat' dir='ltr'>magis</span> <span class='ocrx_word' id='word_1_372' title='bbox 1546 2495 1594 2532; x_wconf 91' lang='lat' dir='ltr'>de</span> <span class='ocrx_word' id='word_1_373' title='bbox 1622 2494 1705 2532; x_wconf 91' lang='lat' dir='ltr'>hiis</span> <span class='ocrx_word' id='word_1_374' title='bbox 1735 2494 1885 2534; x_wconf 83' lang='lat' dir='ltr'>dicitur</span> 
     </span>
     <span class='ocr_line' id='line_1_37' title="bbox 295 2558 1883 2610; baseline 0.001 -13"><span class='ocrx_word' id='word_1_375' title='bbox 295 2560 367 2610; x_wconf 90' lang='lat' dir='ltr'>qui</span> <span class='ocrx_word' id='word_1_376' title='bbox 396 2559 505 2597; x_wconf 90' lang='lat' dir='ltr'>male</span> <span class='ocrx_word' id='word_1_377' title='bbox 536 2560 601 2597; x_wconf 90' lang='lat' dir='ltr'>vel</span> <span class='ocrx_word' id='word_1_378' title='bbox 631 2573 776 2608; x_wconf 83' lang='lat' dir='ltr'>parum</span> <span class='ocrx_word' id='word_1_379' title='bbox 808 2560 913 2598; x_wconf 87' lang='lat' dir='ltr'>bene</span> <span class='ocrx_word' id='word_1_380' title='bbox 943 2572 1065 2608; x_wconf 85' lang='lat' dir='ltr'>quam</span> <span class='ocrx_word' id='word_1_381' title='bbox 1099 2558 1148 2596; x_wconf 88' lang='lat' dir='ltr'>de</span> <span class='ocrx_word' id='word_1_382' title='bbox 1182 2558 1248 2596; x_wconf 90' lang='lat' dir='ltr'>his</span> <span class='ocrx_word' id='word_1_383' title='bbox 1278 2558 1348 2608; x_wconf 91' lang='lat' dir='ltr'>qui</span> <span class='ocrx_word' id='word_1_384' title='bbox 1381 2559 1535 2609; x_wconf 89' lang='lat' dir='ltr'>optime</span> <span class='ocrx_word' id='word_1_385' title='bbox 1564 2558 1745 2597; x_wconf 86' lang='lat' dir='ltr'>efficiunt</span> <span class='ocrx_word' id='word_1_386' title='bbox 1775 2560 1883 2609; x_wconf 90' lang='lat' dir='ltr'>quod</span> 
     </span>
    </p>
   </div>
   <div class='ocr_carea' id='block_1_3' title="bbox 294 2651 1946 3029">
    <p class='ocr_par' dir='ltr' id='par_1_3' title="bbox 294 2651 1946 2946">
     <span class='ocr_line' id='line_1_38' title="bbox 340 2651 1882 2691; baseline 0.001 -9"><span class='ocrx_word' id='word_1_387' title='bbox 340 2661 389 2691; x_wconf 91' lang='lat'>79.</span> <span class='ocrx_word' id='word_1_388' title='bbox 419 2651 565 2690; x_wconf 71' lang='lat' dir='ltr'>Erasme</span> <span class='ocrx_word' id='word_1_389' title='bbox 580 2662 610 2682; x_wconf 88' lang='grc' dir='ltr'>α.</span> <span class='ocrx_word' id='word_1_390' title='bbox 764 2652 815 2683; x_wconf 85' lang='lat'><strong>82.</strong></span> <span class='ocrx_word' id='word_1_391' title='bbox 842 2651 1006 2691; x_wconf 70' lang='lat' dir='ltr'>fatuitate</span> <span class='ocrx_word' id='word_1_392' title='bbox 1022 2662 1054 2682; x_wconf 86' lang='grc' dir='ltr'>α.</span> <span class='ocrx_word' id='word_1_393' title='bbox 1206 2651 1259 2689; x_wconf 87' lang='grc'>83.</span> <span class='ocrx_word' id='word_1_394' title='bbox 1285 2651 1511 2689; x_wconf 86' lang='lat' dir='ltr'>munpsimus</span> <span class='ocrx_word' id='word_1_395' title='bbox 1527 2662 1559 2681; x_wconf 89' lang='grc' dir='ltr'>α.</span> <span class='ocrx_word' id='word_1_396' title='bbox 1713 2652 1768 2691; x_wconf 84' lang='grc'>85.</span> <span class='ocrx_word' id='word_1_397' title='bbox 1794 2663 1834 2691; x_wconf 89' lang='grc' dir='ltr'>τη</span> <span class='ocrx_word' id='word_1_398' title='bbox 1849 2654 1882 2687; x_wconf 88' lang='grc' dir='ltr'>β.</span> 
     </span>
     <span class='ocr_line' id='line_1_39' title="bbox 294 2690 1946 2736; baseline 0.001 -12"><span class='ocrx_word' id='word_1_399' title='bbox 294 2696 348 2726; x_wconf 89' lang='lat'>86.</span> <span class='ocrx_word' id='word_1_400' title='bbox 373 2695 480 2725; x_wconf 87' lang='lat' dir='ltr'>detur</span> <span class='ocrx_word' id='word_1_401' title='bbox 496 2697 571 2726; x_wconf 78' lang='lat' dir='ltr'>add.</span> <span class='ocrx_word' id='word_1_402' title='bbox 589 2696 622 2729; x_wconf 85' lang='grc' dir='ltr'>β.</span> <span class='ocrx_word' id='word_1_403' title='bbox 766 2697 818 2733; x_wconf 85' lang='grc'>87.</span> <span class='ocrx_word' id='word_1_404' title='bbox 842 2695 996 2725; x_wconf 83' lang='grc' dir='ltr'>ἀετωσιον</span> <span class='ocrx_word' id='word_1_405' title='bbox 1010 2695 1045 2729; x_wconf 87' lang='grc' dir='ltr'>β.</span> <span class='ocrx_word' id='word_1_406' title='bbox 1191 2695 1242 2724; x_wconf 82' lang='grc'>88.</span> <span class='ocrx_word' id='word_1_407' title='bbox 1269 2694 1511 2724; x_wconf 83' lang='lat' dir='ltr'>humanissini</span> <span class='ocrx_word' id='word_1_408' title='bbox 1527 2705 1556 2724; x_wconf 89' lang='grc' dir='ltr'>α.</span> <span class='ocrx_word' id='word_1_409' title='bbox 1705 2705 1759 2734; x_wconf 90' lang='lat'>92.</span> <span class='ocrx_word' id='word_1_410' title='bbox 1785 2707 1883 2736; x_wconf 87' lang='grc' dir='ltr'>παρα-</span> <span class='ocrx_word' id='word_1_411' title='bbox 1943 2690 1946 2693; x_wconf 55' lang='grc'><strong><em>’</em></strong></span> 
     </span>
     <span class='ocr_line' id='line_1_40' title="bbox 295 2737 1879 2778; baseline 0.001 -10"><span class='ocrx_word' id='word_1_412' title='bbox 295 2738 506 2778; x_wconf 76' lang='grc' dir='ltr'>κολουθηκότι</span> <span class='ocrx_word' id='word_1_413' title='bbox 530 2740 563 2772; x_wconf 88' lang='grc' dir='ltr'>β.</span> <span class='ocrx_word' id='word_1_414' title='bbox 733 2740 786 2777; x_wconf 86' lang='grc'>98.</span> <span class='ocrx_word' id='word_1_415' title='bbox 818 2738 970 2770; x_wconf 83' lang='lat' dir='ltr'>admitto</span> <span class='ocrx_word' id='word_1_416' title='bbox 996 2761 1003 2768; x_wconf 90' lang='lat'><strong>.</strong></span> <span class='ocrx_word' id='word_1_417' title='bbox 1028 2761 1036 2769; x_wconf 95' lang='lat'><strong>.</strong></span> <span class='ocrx_word' id='word_1_418' title='bbox 1062 2761 1069 2768; x_wconf 94' lang='lat'><strong>.</strong></span> <span class='ocrx_word' id='word_1_419' title='bbox 1093 2747 1145 2777; x_wconf 89' lang='lat'>99.</span> <span class='ocrx_word' id='word_1_420' title='bbox 1166 2737 1240 2768; x_wconf 88' lang='lat' dir='ltr'>loco</span> <span class='ocrx_word' id='word_1_421' title='bbox 1263 2739 1336 2768; x_wconf 83' lang='lat' dir='ltr'>add.</span> <span class='ocrx_word' id='word_1_422' title='bbox 1361 2738 1394 2771; x_wconf 86' lang='grc' dir='ltr'>β.</span> <span class='ocrx_word' id='word_1_423' title='bbox 1573 2747 1625 2776; x_wconf 86' lang='grc'>99.</span> <span class='ocrx_word' id='word_1_424' title='bbox 1660 2737 1828 2770; x_wconf 87' lang='lat' dir='ltr'>Boudeus</span> <span class='ocrx_word' id='word_1_425' title='bbox 1850 2750 1879 2771; x_wconf 89' lang='grc' dir='ltr'>α.</span> 
     </span>
     <span class='ocr_line' id='line_1_41' title="bbox 300 2781 1880 2822; baseline 0.002 -11"><span class='ocrx_word' id='word_1_426' title='bbox 300 2791 370 2813; x_wconf 89' lang='lat'><strong>100.</strong></span> <span class='ocrx_word' id='word_1_427' title='bbox 395 2782 509 2812; x_wconf 83' lang='lat' dir='ltr'>sentio</span> <span class='ocrx_word' id='word_1_428' title='bbox 525 2783 548 2816; x_wconf 87' lang='grc' dir='ltr'>β</span> <span class='ocrx_word' id='word_1_429' title='bbox 565 2793 571 2813; x_wconf 85' lang='grc'>;</span> <span class='ocrx_word' id='word_1_430' title='bbox 596 2782 712 2812; x_wconf 84' lang='lat' dir='ltr'>centio</span> <span class='ocrx_word' id='word_1_431' title='bbox 725 2793 755 2813; x_wconf 88' lang='grc' dir='ltr'>α.</span> <span class='ocrx_word' id='word_1_432' title='bbox 883 2792 953 2813; x_wconf 87' lang='grc'><strong>101.</strong></span> <span class='ocrx_word' id='word_1_433' title='bbox 967 2781 1258 2818; x_wconf 72' lang='lat' dir='ltr'>,Domesthenem</span> <span class='ocrx_word' id='word_1_434' title='bbox 1274 2792 1302 2810; x_wconf 90' lang='grc' dir='ltr'>α.</span> <span class='ocrx_word' id='word_1_435' title='bbox 1435 2790 1506 2811; x_wconf 86' lang='lat'><strong>102.</strong></span> <span class='ocrx_word' id='word_1_436' title='bbox 1531 2781 1646 2820; x_wconf 87' lang='lat' dir='ltr'>primo</span> <span class='ocrx_word' id='word_1_437' title='bbox 1661 2783 1685 2815; x_wconf 87' lang='grc' dir='ltr'>β</span> <span class='ocrx_word' id='word_1_438' title='bbox 1699 2793 1706 2813; x_wconf 89' lang='lat'>:</span> <span class='ocrx_word' id='word_1_439' title='bbox 1732 2785 1838 2822; x_wconf 86' lang='lat' dir='ltr'>prino</span> <span class='ocrx_word' id='word_1_440' title='bbox 1850 2794 1880 2814; x_wconf 89' lang='grc' dir='ltr'>α.</span> 
     </span>
     <span class='ocr_line' id='line_1_42' title="bbox 299 2824 1881 2865; baseline 0.002 -11"><span class='ocrx_word' id='word_1_441' title='bbox 299 2834 371 2862; x_wconf 83' lang='grc'><strong>103.</strong></span> <span class='ocrx_word' id='word_1_442' title='bbox 398 2825 680 2865; x_wconf 80' lang='grc' dir='ltr'>παρακολουθηκώς</span> <span class='ocrx_word' id='word_1_443' title='bbox 694 2827 729 2860; x_wconf 84' lang='grc' dir='ltr'>β.</span> <span class='ocrx_word' id='word_1_444' title='bbox 899 2836 970 2864; x_wconf 88' lang='lat'>104.</span> <span class='ocrx_word' id='word_1_445' title='bbox 993 2827 1017 2860; x_wconf 83' lang='grc' dir='ltr'><strong><em>β</em></strong></span> <span class='ocrx_word' id='word_1_446' title='bbox 1034 2836 1042 2855; x_wconf 76' lang='grc' dir='ltr'><strong>ι</strong></span> <span class='ocrx_word' id='word_1_447' title='bbox 1065 2825 1296 2855; x_wconf 86' lang='lat' dir='ltr'>Domestenes</span> <span class='ocrx_word' id='word_1_448' title='bbox 1311 2834 1341 2855; x_wconf 90' lang='grc' dir='ltr'>α.</span> <span class='ocrx_word' id='word_1_449' title='bbox 1489 2833 1560 2862; x_wconf 88' lang='grc'><strong>105.</strong></span> <span class='ocrx_word' id='word_1_450' title='bbox 1587 2824 1695 2855; x_wconf 83' lang='lat' dir='ltr'>fuisse</span> <span class='ocrx_word' id='word_1_451' title='bbox 1712 2826 1735 2859; x_wconf 87' lang='grc' dir='ltr'>β</span> <span class='ocrx_word' id='word_1_452' title='bbox 1753 2837 1760 2856; x_wconf 92' lang='lat'>:</span> <span class='ocrx_word' id='word_1_453' title='bbox 1782 2826 1835 2857; x_wconf 90' lang='lat' dir='ltr'>fui</span> <span class='ocrx_word' id='word_1_454' title='bbox 1851 2837 1881 2857; x_wconf 89' lang='grc' dir='ltr'>α.</span> 
     </span>
     <span class='ocr_line' id='line_1_43' title="bbox 300 2867 1882 2908; baseline 0.003 -11"><span class='ocrx_word' id='word_1_455' title='bbox 300 2869 370 2898; x_wconf 88' lang='lat'>106.</span> <span class='ocrx_word' id='word_1_456' title='bbox 398 2870 598 2899; x_wconf 76' lang='lat' dir='ltr'>assecutum</span> <span class='ocrx_word' id='word_1_457' title='bbox 615 2870 657 2903; x_wconf 78' lang='lat' dir='ltr'>B:</span> <span class='ocrx_word' id='word_1_458' title='bbox 683 2870 838 2900; x_wconf 86' lang='lat' dir='ltr'>assetum</span> <span class='ocrx_word' id='word_1_459' title='bbox 855 2880 885 2899; x_wconf 86' lang='lat' dir='ltr'>a.</span> <span class='ocrx_word' id='word_1_460' title='bbox 1021 2878 1091 2908; x_wconf 91' lang='lat'>109.</span> <span class='ocrx_word' id='word_1_461' title='bbox 1116 2867 1271 2899; x_wconf 81' lang='lat' dir='ltr'>voluisse</span> <span class='ocrx_word' id='word_1_462' title='bbox 1287 2869 1406 2906; x_wconf 77' lang='lat' dir='ltr'>scripsi,</span> <span class='ocrx_word' id='word_1_463' title='bbox 1424 2870 1592 2898; x_wconf 76' lang='lat' dir='ltr'>secundum</span> <span class='ocrx_word' id='word_1_464' title='bbox 1610 2871 1738 2900; x_wconf 83' lang='lat' dir='ltr'>Erasmz&#39;</span> <span class='ocrx_word' id='word_1_465' title='bbox 1753 2872 1882 2901; x_wconf 76' lang='lat' dir='ltr'>annota-</span> 
     </span>
     <span class='ocr_line' id='line_1_44' title="bbox 298 2912 1076 2946; baseline 0 -5"><span class='ocrx_word' id='word_1_466' title='bbox 298 2914 410 2941; x_wconf 71' lang='lat' dir='ltr'>tionem</span> <span class='ocrx_word' id='word_1_467' title='bbox 425 2922 432 2940; x_wconf 75' lang='grc' dir='ltr'>ι</span> <span class='ocrx_word' id='word_1_468' title='bbox 456 2912 623 2942; x_wconf 84' lang='lat' dir='ltr'>maluisse</span> <span class='ocrx_word' id='word_1_469' title='bbox 638 2924 669 2942; x_wconf 84' lang='lat' dir='ltr'>a.</span> <span class='ocrx_word' id='word_1_470' title='bbox 807 2921 840 2941; x_wconf 95' lang='lat'>11</span> <span class='ocrx_word' id='word_1_471' title='bbox 851 2923 878 2944; x_wconf 93' lang='lat'><strong>1.</strong></span> <span class='ocrx_word' id='word_1_472' title='bbox 901 2913 924 2946; x_wconf 87' lang='grc' dir='ltr'><em>β</em></span> <span class='ocrx_word' id='word_1_473' title='bbox 940 2924 946 2942; x_wconf 92' lang='lat'>:</span> <span class='ocrx_word' id='word_1_474' title='bbox 972 2912 1031 2942; x_wconf 89' lang='lat' dir='ltr'>hic</span> <span class='ocrx_word' id='word_1_475' title='bbox 1046 2923 1076 2942; x_wconf 89' lang='grc' dir='ltr'>α.</span> 
     </span>
    </p>

    <p class='ocr_par' dir='ltr' id='par_1_4' title="bbox 343 2981 1824 3029">
     <span class='ocr_line' id='line_1_45' title="bbox 343 2981 1824 3029; baseline 0.001 -11"><span class='ocrx_word' id='word_1_476' title='bbox 343 2989 394 3028; x_wconf 79' lang='grc'>83.</span> <span class='ocrx_word' id='word_1_477' title='bbox 422 2988 678 3029; x_wconf 84' lang='lat' dir='ltr'>mumpsimus]</span> <span class='ocrx_word' id='word_1_478' title='bbox 695 2988 759 3019; x_wconf 85' lang='lat' dir='ltr'>See</span> <span class='ocrx_word' id='word_1_479' title='bbox 775 2987 838 3028; x_wconf 91' lang='lat' dir='ltr'>Ep.</span> <span class='ocrx_word' id='word_1_480' title='bbox 857 2989 930 3026; x_wconf 85' lang='lat'><strong>456.</strong></span> <span class='ocrx_word' id='word_1_481' title='bbox 951 2998 990 3027; x_wconf 87' lang='lat'>73</span> <span class='ocrx_word' id='word_1_482' title='bbox 1001 2997 1037 3019; x_wconf 88' lang='lat' dir='ltr'>n.</span> <span class='ocrx_word' id='word_1_483' title='bbox 1172 2988 1225 3025; x_wconf 88' lang='lat'>89.</span> <span class='ocrx_word' id='word_1_484' title='bbox 1251 2985 1458 3026; x_wconf 74' lang='lat' dir='ltr'>disputatis]</span> <span class='ocrx_word' id='word_1_485' title='bbox 1475 2986 1562 3027; x_wconf 87' lang='lat' dir='ltr'>Epp.</span> <span class='ocrx_word' id='word_1_486' title='bbox 1579 2998 1643 3027; x_wconf 84' lang='lat'>403</span> <span class='ocrx_word' id='word_1_487' title='bbox 1658 2981 1730 3019; x_wconf 77' lang='lat' dir='ltr'>and</span> <span class='ocrx_word' id='word_1_488' title='bbox 1750 2999 1824 3027; x_wconf 89' lang='lat'><strong>421.</strong></span> 
     </span>
    </p>
   </div>
   <div class='ocr_carea' id='block_1_4' title="bbox 341 3030 1879 3072">
    <p class='ocr_par' dir='ltr' id='par_1_5' title="bbox 341 3030 1879 3072">
     <span class='ocr_line' id='line_1_46' title="bbox 341 3030 1879 3072; baseline 0.001 -10"><span class='ocrx_word' id='word_1_489' title='bbox 341 3033 393 3071; x_wconf 83' lang='lat'><strong>87.</strong></span> <span class='ocrx_word' id='word_1_490' title='bbox 421 3031 568 3072; x_wconf 77' lang='grc' dir='ltr'>ἐτώσιον]</span> <span class='ocrx_word' id='word_1_491' title='bbox 586 3033 694 3063; x_wconf 90' lang='lat' dir='ltr'>Hom.</span> <span class='ocrx_word' id='word_1_492' title='bbox 714 3034 755 3063; x_wconf 87' lang='lat' dir='ltr'>Il.</span> <span class='ocrx_word' id='word_1_493' title='bbox 775 3032 821 3061; x_wconf 87' lang='lat'>18.</span> <span class='ocrx_word' id='word_1_494' title='bbox 844 3041 914 3070; x_wconf 89' lang='lat'><strong>104.</strong></span> <span class='ocrx_word' id='word_1_495' title='bbox 1176 3030 1246 3060; x_wconf 87' lang='lat'><strong>108.</strong></span> <span class='ocrx_word' id='word_1_496' title='bbox 1275 3030 1523 3071; x_wconf 85' lang='lat' dir='ltr'>annotatione]</span> <span class='ocrx_word' id='word_1_497' title='bbox 1539 3033 1579 3062; x_wconf 91' lang='lat' dir='ltr'><strong>N.</strong></span> <span class='ocrx_word' id='word_1_498' title='bbox 1599 3034 1693 3062; x_wconf 78' lang='lat' dir='ltr'>Instr.</span> <span class='ocrx_word' id='word_1_499' title='bbox 1708 3033 1745 3063; x_wconf 92' lang='lat' dir='ltr'>ii.</span> <span class='ocrx_word' id='word_1_500' title='bbox 1758 3042 1792 3072; x_wconf 90' lang='lat' dir='ltr'>p.</span> <span class='ocrx_word' id='word_1_501' title='bbox 1807 3043 1879 3072; x_wconf 86' lang='lat'><strong>314.</strong></span> 
     </span>
    </p>
   </div>
  </div>
 </body>
</html>
