2034 3433
348 163 427 202 486
812 161 1058 200 LETTERS
1095 161 1165 199 OF
1201 159 1466 199 ERASMUS
1803 158 1926 212 [1519

349 266 574 305 ‘Ecclesiae
595 265 705 311 fides,
727 277 840 303 arma
859 263 1064 302 Ecclesiae
1089 263 1218 302 oratio
1248 265 1321 308 est,
1345 276 1448 312 quae
1473 263 1754 301 aduersarium
1775 264 1931 303 vincit?

269 347 328 370 200
347 331 532 371 Succinit
561 330 656 368 huic
685 329 914 367 sententiae
943 328 1137 367 Nicolaus
1169 327 1295 377 Papa,
1326 328 1445 366 cuius
1474 327 1599 366 verba
1627 327 1860 367 referuntur
1886 329 1928 367 in

345 395 571 435 Sententiis
592 393 850 444 Theologicis
867 394 937 433 lib.
961 393 1036 431 iiii.
1059 393 1198 432 distin.
1220 393 1378 431 xxxvii.
1401 393 1419 441 ξ
1439 392 1518 432 His
1539 393 1808 432 adiiciendum.

399 460 478 498 His
496 460 632 507 armis,
654 458 720 497 his
735 459 872 509 copiis,
892 461 932 496 et
952 459 1010 497 sic
1026 458 1227 497 instructo
1247 457 1381 496 milite
1393 457 1549 496 Paulus
1565 457 1738 496 bellator
1752 457 1931 496 inuictus

344 525 509 563 subacta
530 524 697 562 Graecia
715 537 945 574 magnaque
971 523 1145 562 minoris
1168 522 1292 561 Asiae
1317 524 1433 573 parte
1459 522 1694 561 Romanum
1713 535 1930 572 aggressus

344 592 417 637 est,
439 603 483 628 30
503 589 634 639 coepit
654 589 876 639 imperium
895 591 987 627 tum
1009 588 1136 627 nullis
1166 601 1311 638 regum
1339 587 1467 626 armis
1486 587 1765 638 expugnabile.
1813 587 1929 636 Quic-

267 671 323 702 205
345 654 443 705 quid
463 656 601 692 autem
620 656 824 693 terrarum
845 654 1017 703 subegit,
1040 653 1204 693 Christo
1229 653 1405 703 subegit,
1428 666 1512 691 non
1536 652 1618 691 sibi
1638 667 1647 701 3
1676 652 1792 691 cuius
1811 652 1932 702 presi-

345 721 423 759 diis
442 720 518 758 hoc
536 720 623 770 ipso
640 720 785 758 ducem
805 720 1010 758 inuictum
1028 719 1243 769 praestitit,
1262 718 1369 769 quod
1391 718 1520 756 nullis
1536 717 1732 757 humanis
1745 717 1936 768 presidiis

345 786 558 824 niteretur.
618 785 801 825 Coeleste
820 798 992 835 regnum
1023 785 1266 823 coelestibus
1285 784 1412 823 armis
1432 784 1618 832 asseruit,
1648 786 1689 822 et
1715 783 1932 833 Euangeli-

345 863 433 888 cam
463 850 657 889 militiam
689 849 950 901 Euangelicis
981 850 1128 899 opibus
1158 850 1296 900 gessit.
1356 849 1561 888 Coriarius
1592 849 1797 897 Pontifex,
1831 849 1930 899 peri-

344 928 483 966 psema
495 915 651 962 mundi,
671 916 741 954 sed
755 915 930 954 electum
947 928 1147 964 organum
1161 914 1318 954 Christi
1336 929 1345 962 ;
1375 914 1492 953 cuius
1506 913 1657 953 humili
1678 913 1933 953 sublimitate

269 995 327 1017 210
345 982 384 1018 et
405 980 578 1018 facunda
599 980 775 1018 infantia
795 981 916 1029 atque
941 979 1151 1030 eloquenti
1178 979 1361 1018 balbutie
1389 992 1513 1017 suum
1536 991 1691 1016 nomen
1710 978 1844 1017 voluit
1863 992 1936 1028 per

346 1045 670 1094 superstitiosam
692 1045 900 1093 Iudaeam,
926 1058 997 1094 per
1016 1044 1338 1083 eruditissimam
1370 1044 1593 1091 Graeciam,
1617 1057 1689 1093 per
1712 1056 1934 1093 regnorum

346 1110 534 1149 omnium
561 1110 744 1160 reginam
771 1111 947 1148 Romam
975 1110 1184 1149 illustrari.
1247 1109 1295 1148 In
1322 1122 1446 1160 quem
1473 1122 1566 1147 vere
1593 1108 1799 1158 competit,
1825 1109 1932 1159 quod

347 1176 448 1214 olim
479 1176 522 1214 in
554 1176 767 1224 Periclem,
790 1176 873 1214 nisi
900 1176 1031 1223 fallor,
1056 1175 1213 1214 dictum
1234 1177 1306 1223 est,
1328 1175 1537 1224 Fulgurat,
1569 1176 1685 1213 tonat
1707 1188 1752 1213 30
1775 1174 1933 1222 miscet,

346 1254 430 1279 non
461 1242 670 1280 Graeciam
700 1242 831 1290 modo,
865 1241 1210 1292 quemadmodum
1241 1241 1322 1289 ille,
1359 1254 1505 1279 verum
1535 1240 1661 1278 etiam
1690 1239 1936 1279 vniuersum

269 1322 326 1353 215
346 1308 549 1345 terrarum
570 1307 723 1345 orbem.

399 1371 553 1410 Verum
581 1372 686 1410 illud
710 1371 879 1410 interim
904 1371 1045 1410 mirari
1071 1371 1195 1419 subit,
1220 1372 1265 1410 in
1286 1371 1386 1421 ipsis
1417 1371 1560 1410 statim
1588 1370 1723 1409 initiis
1754 1383 1800 1409 ac
1829 1369 1937 1408 rudi-

347 1438 498 1476 mentis
517 1437 792 1487 periclitatam
817 1437 943 1475 fuisse
967 1437 1194 1475 doctrinam
1217 1437 1526 1488 Euangelicam,
1554 1437 1599 1475 ni
1625 1435 1784 1475 Paulus
1808 1435 1938 1484 omni,

348 1503 454 1552 quod
475 1503 602 1550 aiunt,
626 1503 726 1552 pede
745 1504 886 1540 contra
907 1503 1089 1540 stetisset
1105 1516 1114 1549 ;
1143 1515 1227 1540 non
1254 1502 1376 1541 aliter
1396 1515 1519 1553 quam
1541 1503 1676 1541 foetus
1697 1501 1864 1552 quidam
1888 1500 1938 1538 de

347 1568 432 1606 vita
452 1568 735 1617 periclitantur
755 1568 994 1617 priusquam
1013 1567 1057 1605 in
1075 1567 1202 1606 vitam
1218 1568 1474 1606 emerserint.
1537 1564 1671 1606 Tanta
1687 1566 1936 1605 zizaniorum

271 1648 331 1670 220
347 1633 411 1671 vis
441 1635 576 1671 coorta
612 1635 684 1680 est,
723 1645 825 1682 quae
857 1635 1044 1671 teneram
1080 1632 1311 1671 etiamnum
1352 1635 1392 1671 et
1432 1633 1743 1672 herbescentem
1782 1630 1936 1670 Christi

348 1700 574 1736 sementem
612 1711 715 1747 pene
755 1697 902 1746 obruit,
934 1710 1031 1735 mox
1058 1697 1317 1747 philosophia
1356 1698 1586 1745 mundana,
1633 1710 1729 1735 mox
1772 1695 1938 1734 Iudaica

348 1763 597 1811 superstItio,
619 1776 691 1801 ceu
712 1763 761 1800 de
775 1763 1001 1812 composito
1020 1763 1173 1801 iunctis
1197 1763 1325 1812 copiis
1346 1764 1391 1801 in
1414 1763 1630 1802 Christum
1662 1760 1931 1810 conspirabat.

347 1827 615 1877 Philosophia
649 1827 913 1866 dissuadebat
951 1827 1304 1876 resurrectionem,
1336 1830 1376 1866 et
1411 1827 1607 1866 humanis
1639 1826 1811 1876 argutiis
1840 1838 1939 1863 non-

347 1892 454 1931 nihil
475 1893 623 1931 viciare
643 1893 774 1943 coepit
795 1893 1009 1942 Euangelii
1026 1894 1332 1943 synceritatem.
1384 1893 1623 1932 Iudaismus
1639 1893 1775 1930 totum
1794 1890 1938 1928 Mosen

272 1975 329 2006 225
349 1958 415 1996 vel
444 1972 572 2009 Vsque
601 1959 651 1997 ad
681 1958 990 1997 circuncisionis
1018 1958 1212 1997 iniuriam
1244 1959 1367 1997 nobis
1397 1959 1624 2006 inuexerat,
1645 1970 1690 1996 30
1719 1956 1938 1995 coelestem

348 2023 464 2062 illam
497 2024 800 2074 philosophiam
834 2024 883 2061 ad
915 2036 1071 2062 crassas
1106 2023 1358 2074 frigidasque
1388 2024 1646 2062 ceremonias
1674 2023 1937 2072 pertraxerat,

350 2089 431 2128 nisi
451 2089 765 2128 strenuissimus
783 2089 850 2127 hic
872 2089 987 2127 Isaac
1007 2090 1147 2127 noster
1165 2091 1227 2128 tot
1246 2092 1391 2139 puteos
1412 2089 1560 2138 Euang
1570 2088 1695 2127 elicae
1714 2099 1854 2135 venae,
1877 2088 1940 2125 tot

348 2155 483 2194 fontes
512 2154 601 2193 viui
629 2154 762 2193 laticis
802 2154 998 2192 aduersus
1027 2154 1253 2193 Philisteos
1287 2155 1426 2194 omnia
1463 2156 1571 2193 terra
1600 2152 1812 2203 opplentes
1850 2164 1938 2201 ape-

350 2220 510 2259 ruisset.
569 2219 841 2269 Philosophia
862 2222 952 2258 tum
972 2233 1044 2269 per
1062 2219 1330 2269 morosophos
1352 2233 1447 2259 suos
1467 2219 1586 2258 libris
1605 2232 1651 2257 ac
1672 2217 1839 2268 linguis,
1861 2229 1935 2266 per

272 2303 285 2323 2
293 2302 332 2331 30
347 2288 547 2336 tyrannos
567 2285 714 2335 gladiis
735 2285 872 2333 etiam,
895 2285 1154 2335 grassabatur
1172 2285 1216 2323 in
1236 2285 1437 2335 pusillum
1462 2297 1508 2322 ac
1528 2283 1762 2334 simplicem
1782 2282 1940 2322 Christi

349 2363 525 2400 gregem,
552 2350 736 2400 vestigiis
755 2351 795 2388 et
819 2351 864 2388 in
892 2350 990 2388 haec
1014 2363 1141 2400 vsque
1164 2352 1349 2400 tempora
1382 2350 1550 2389 relictis.
1613 2350 1849 2388 Iudaismus
1867 2361 1943 2398 per

349 2415 572 2465 Apostolos
597 2417 836 2464 personatos
863 2415 940 2453 sub
967 2415 1114 2454 vmbra
1141 2417 1436 2466 praetextuque
1473 2415 1640 2464 pietatis
1668 2413 1942 2465 perniciosius

349 2481 474 2519 etiam
493 2480 706 2530 irrepebat,
730 2481 908 2531 adeoque
928 2482 1059 2519 totam
1078 2481 1235 2520 Christi
1253 2482 1433 2531 segetem
1458 2480 1673 2530 occupauit
1691 2482 1738 2518 vt
1758 2492 1809 2517 ne
1829 2491 1941 2517 nunc

350 2546 518 2596 quidem
538 2545 683 2584 reuelli
703 2546 842 2596 possit.
902 2546 1020 2585 Certe
1047 2546 1171 2585 diuus
1197 2546 1463 2596 Augustinus
1489 2547 1534 2584 in
1559 2545 1732 2595 epistola
1763 2544 1939 2595 quadam

273 2628 330 2659 255
349 2612 399 2650 ad
429 2611 680 2657 Ianuarium,
707 2624 807 2662 quae
836 2624 947 2649 nunc
975 2611 1149 2650 habetur
1182 2625 1356 2650 numero
1390 2611 1494 2660 cxix,
1516 2612 1693 2649 testatur
1720 2610 1767 2648 in
1795 2609 1938 2648 Africa

350 2680 467 2716 tanta
503 2677 796 2727 superstitione
834 2676 1042 2716 obseruari
1070 2677 1201 2716 solere
1229 2677 1424 2726 pelluuia,
1462 2690 1639 2727 quorum
1674 2675 1866 2713 meminit
1897 2676 1939 2713 et
1970 2723 1974 2726 ἢ

352 2741 576 2789 quenalis,
603 2743 669 2780 ‘vt
689 2741 857 2791 grauius
877 2743 1144 2792 corriperetur
1164 2742 1237 2792 qui
1263 2755 1334 2792 per
1353 2744 1518 2781 octauas
1538 2754 1633 2780 suas
1652 2743 1804 2779 terram
1824 2739 1936 2778 nudo

418 2824 492 2845 202.
518 2814 648 2845 Paulus
665 2817 738 2845 (cdd.
755 2826 786 2853 η.
920 2815 993 2846 216.
1019 2815 1153 2845 Verum
1168 2826 1187 2844 α
1204 2825 1212 2841 2
1235 2814 1425 2845 Caeterum
1441 2826 1469 2854 η.
1607 2824 1681 2845 222.
1706 2813 1749 2844 de
1765 2823 1823 2844 om.
1842 2814 1870 2843 θ.

361 2869 469 2918 μ200.
503 2868 681 2926 NicHa-us]
708 2886 771 2916 See
794 2889 951 2917 Decretum
979 2896 1027 2918 ca.
1052 2896 1103 2925 33,
1217 2897 1290 2925 217.
1309 2887 1408 2917 omni
1422 2910 1430 2918 .
1448 2909 1455 2917 .
1473 2909 1481 2917 .
1498 2885 1603 2926 pede]
1618 2885 1650 2915 A
1667 2885 1776 2915 rustic
1789 2883 1936 2924 proverb

354 2932 486 2967 quaest.
507 2939 525 2958 2
545 2931 580 2966 ἐξ
600 2931 803 2966 Interfectores
819 2930 890 2960 and
904 2932 992 2960 Inter
1008 2933 1091 2961 haec,
1175 2930 1305 2968 quoted
1322 2931 1369 2970 by
1383 2930 1516 2969 Quint„
1532 2932 1611 2960 Inst.
1633 2937 1681 2959 12.
1699 2938 1731 2968 9.
1753 2928 1802 2959 18.

398 2981 470 3003 201.
495 2972 705 3012 Sententiis]
723 2972 769 3003 Of
783 2974 886 3004 Peter
902 2973 1086 3004 Lombard.
1226 2983 1298 3012 234.
1323 2971 1561 3013 Augustinus]
1581 2974 1638 3009 Ep.
1656 2981 1696 3010 55
1715 2974 1731 3009 §
1749 2980 1800 3010 35.

398 3024 469 3053 213.
497 3015 684 3055 Perlelem]
704 3016 754 3047 Cf.
771 3017 830 3047 Ar.
849 3020 924 3048 Aclz.
942 3026 1015 3056 531.
1228 3025 1301 3055 237.
1326 3015 1528 3056 quenalis]
1543 3025 1573 3054 3.
1593 3025 1666 3054 277,
1688 3024 1736 3045 10.
1754 3015 1805 3052 64.
