2034 3433
275 1459 316 1489 90

277 1782 316 1812 95

260 2106 320 2127 100

263 2434 318 2463 ¹05

331 162 410 199 :396
794 160 1044 200 LETTERS
1084 161 1153 198 OF
1191 160 1454 200 ERASMUS

1793 161 1920 215 [1518

330 278 466 315 equos,
508 265 665 314 imponi
704 264 875 302 alteram
913 264 1171 311 manticam3
1213 264 1385 303 alteram
1423 264 1577 315 hospiti
1615 266 1841 316 committo,
1881 270 1923 305 et

330 330 474 368 claudo
495 343 585 368 meo
605 342 710 378 equo
729 328 779 366 ad
797 328 1001 367 Comitem
1019 328 1160 367 Nouae
1175 328 1336 378 aquilae
1355 342 1545 379 percurro
1563 343 1571 367 :
1601 331 1665 368 est
1684 331 1824 368 autem
1844 331 1923 370 iter

331 396 523 433 horarum
545 395 738 443 quinque.
799 393 844 431 Is
863 393 1008 443 agebat
1027 393 1238 431 Bedburii.

384 460 507 508 Apud
555 459 666 497 hunc
714 458 962 497 suauissime
1006 459 1188 508 quinque
1227 459 1314 497 dies
1350 472 1445 497 sum
1483 462 1769 507 commoratus,
1809 462 1924 498 tanta
1942 472 2034 512 Sept.

330 524 630 574 tranquillitate
668 526 709 562 et
746 524 834 562 ocio
873 526 918 562 vt
957 524 1108 562 bonam
1145 524 1437 574 recognitionis
1477 527 1636 574 partem
1673 525 1783 574 apud
1829 538 1925 564 eum
1946 525 2034 546 12‘1‘

331 589 579 638 peregerim:
608 602 704 627 nam
736 602 826 627 eam
856 589 964 627 Noui
993 589 1249 628 Testamenti
1277 592 1438 638 partem
1466 603 1630 628 mecum
1659 590 1922 629 abduxeram.

331 654 502 692 Vtinam
540 654 755 692 hominem
794 667 947 701 nosses,
989 655 1049 691 mi
1088 654 1239 693 Beate!
1296 654 1470 693 quenis
1517 657 1589 702 est,
1632 655 1702 694 sed
1749 669 1841 694 rara
1887 658 1927 694 01

330 719 550 768 plusquam
596 719 720 757 senili
766 719 1018 769 prudentia;
1065 720 1345 769 pauciloquus‚
1385 720 1453 758 sed
1493 720 1603 770 quod
1645 720 1695 759 de
1742 720 1928 760 Menelao

331 785 534 833 praedicat
556 784 777 829 Homerus,
799 786 905 835 μάλα
931 786 1062 837 λιγέως
1086 785 1278 835 loquitur,
1299 786 1385 824 imo
1405 787 1597 833 cordate;
1627 785 1730 823 citra
1752 787 1928 824 ostenta·

331 851 489 888 tionem
508 851 655 888 doctus
674 864 759 888 non
779 851 823 889 in
847 864 930 889 vno
956 851 1189 889 studiorum
1215 864 1364 901 genere
1390 852 1568 899 tantum,
1591 853 1704 889 totus
1729 851 1928 889 candidus

331 918 372 953 et
391 915 523 954 amico
543 916 712 954 amicus.
772 916 865 954 Iam
885 917 1034 955 firmus
1053 929 1166 954 eram
1185 929 1230 954 ac
1250 916 1502 965 robustulus,
1525 916 1607 954 iam
1632 915 1739 954 mihi
1757 915 1929 966 pulchre

332 980 553 1030 placebam,
576 995 621 1020 ac
641 983 726 1020 fore
747 981 962 1032 sperabam
985 983 1032 1020 vt
1058 981 1222 1021 validus
1248 982 1502 1032 Episcopum
1530 981 1755 1020 inuiserem
1785 981 1929 1019 Leodi-

332 1058 474 1083 ensem
493 1048 534 1084 et
552 1046 726 1084 alacrem
747 1060 814 1084 me
838 1047 1050 1085 redderem
1080 1047 1224 1085 amicis
1253 1046 1528 1085 Brabanticis.
1589 1046 1699 1095 Quae
1725 1045 1927 1094 conuiuia,

333 1125 434 1161 quas
459 1112 770 1160 gratulationes,
793 1125 894 1162 quas
914 1112 1269 1150 confabulationes
1288 1112 1395 1150 mihi
1415 1112 1708 1162 promittebam
1725 1113 1733 1150 Ξ
1792 1112 1931 1150 Decre-

333 1190 488 1225 ueram,
510 1178 545 1215 si
567 1180 783 1216 vernasset
804 1180 1044 1227 autumnus,
1060 1179 1263 1228 Angliam
1281 1178 1392 1217 adire
1408 1180 1448 1216 et
1467 1178 1576 1228 quod
1598 1177 1684 1215 Rex
1704 1177 1787 1216 iam
1807 1178 1932 1216 toties

334 1243 451 1281 offert
466 1243 657 1292 accipere.
717 1243 795 1282 Sed
812 1257 836 1282 o
851 1243 1017 1282 fallaces
1031 1244 1271 1282 mortalium
1287 1245 1402 1293 spes!
1431 1257 1454 1281 o
1470 1243 1628 1282 subitas
1643 1245 1682 1281 et
1697 1243 1931 1293 inopinatas

334 1321 470 1347 rerum
490 1309 770 1347 humanarum
789 1309 899 1347 vices
916 1311 924 1348 Ξ
970 1309 1003 1347 Ε
1023 1309 1152 1348 tantis
1171 1309 1419 1348 felicitatum
1439 1309 1613 1348 somniis
1633 1308 1678 1346 in
1698 1310 1929 1346 extremm

333 1374 504 1413 exitium
524 1374 816 1424 praecipitatus
834 1387 938 1413 sum.

390 1439 483 1478 Iam
512 1439 557 1477 in
585 1442 800 1489 posterum
829 1440 941 1478 diem
967 1442 1053 1478 erat
1079 1440 1281 1478 conducta
1307 1439 1413 1489 biga.
1472 1440 1620 1478 Comes
1646 1439 1794 1477 nolens
1825 1438 1930 1476 mihi

334 1507 430 1543 ante
450 1507 614 1543 noctem
634 1505 860 1543 valedicere
877 1505 1130 1554 praedicauit
1149 1519 1194 1543 se
1213 1507 1310 1543 ante
1325 1505 1485 1543 abitum
1501 1518 1623 1542 mane
1637 1504 1827 1542 visurum
1848 1516 1926 1542 me.

335 1571 395 1609 Ea
416 1573 534 1608 nocte
553 1583 675 1608 saeua
690 1571 891 1620 quaedam
906 1571 1023 1609 venti
1043 1572 1266 1620 tempestas
1286 1572 1424 1608 coorta
1443 1572 1515 1618 est,
1533 1583 1635 1620 quae
1654 1571 1695 1607 et
1709 1572 1804 1607 ante
1821 1569 1930 1607 diem

336 1636 573 1685 proximum
589 1638 876 1685 praecesserat.
934 1636 1023 1685 Ego
1042 1635 1174 1674 nihilo
1187 1636 1318 1674 secius
1332 1649 1454 1685 surgo
1471 1639 1564 1685 post
1579 1635 1714 1673 noctis
1729 1634 1925 1681 medium,

335 1702 613 1739 annotaturus
637 1701 839 1750 quaedam
865 1701 1044 1740 Comiti:
1073 1714 1247 1751 cumque
1276 1701 1360 1739 iam
1389 1702 1497 1738 esset
1523 1700 1625 1738 hora
1651 1699 1828 1750 septima
1854 1712 1929 1737 nec

337 1766 520 1817 prodiret
545 1766 705 1814 Comes,
728 1766 850 1805 iubeo
871 1767 993 1805 illum
1012 1767 1197 1805 excitari.
1254 1766 1381 1805 Venit
1400 1768 1451 1814 et,
1474 1768 1522 1804 vt
1541 1767 1604 1804 est
1622 1765 1930 1804 modestissimo

335 1832 490 1882 pudore
508 1832 730 1881 praeditus,
752 1833 870 1881 rogat
900 1845 1003 1870 num
1030 1835 1136 1871 esset
1156 1833 1362 1871 sententia
1391 1832 1596 1870 discedere
1626 1832 1737 1870 coelo
1763 1833 1851 1869 tam
1870 1830 1930 1868 in-

335 1897 576 1935 commodo:
607 1910 649 1935 se
679 1897 786 1935 mihi
813 1898 973 1936 timere.
1033 1897 1111 1943 Ibi⁷
1135 1898 1194 1935 mi
1225 1898 1360 1944 Beate,
1384 1896 1544 1946 Iupiter
1572 1897 1708 1935 nescio
1736 1896 1830 1946 quis
1860 1896 1934 1934 aut

336 1962 472 2001 malus
509 1962 654 2012 genius
693 1976 777 2001 non
812 1962 1033 2001 dimidium
1071 1963 1237 2008 mentis,
1266 1964 1312 2001 vt
1344 1962 1402 2001 ait
1441 1962 1660 2010 Hesiodus,
1690 1961 1762 2001 sed
1799 1963 1931 1999 totam

337 2030 518 2066 mentem
548 2028 726 2066 ademit:
757 2041 856 2066 nam
878 2028 1101 2066 dimidium
1125 2028 1278 2066 mentis
1305 2028 1515 2066 ademerat
1538 2040 1632 2066 cum
1653 2026 1848 2066 Coloniae
1866 2039 1933 2065 me

337 2093 650 2131 committerem.
709 2095 849 2143 Atque
875 2093 1038 2132 vtinam
1057 2096 1128 2133 aut
1147 2093 1220 2132 ille
1238 2093 1371 2131 acrius
1389 2092 1570 2131 amicum
1597 2091 1929 2140 commonuisset,

337 2161 409 2197 3111
438 2172 511 2208 ego
539 2158 786 2197 verecundis
815 2159 885 2197 sed
914 2159 1180 2197 amicissimis
1213 2158 1386 2197 monitis
1414 2157 1707 2208 obsequentior
1735 2156 1933 2196 fuissem!

339 2223 463 2273 Rapit
488 2237 554 2262 me
574 2224 647 2262 fati
667 2224 754 2263 vis:
784 2224 882 2273 quid
907 2225 1019 2263 enim
1045 2225 1159 2263 aliud
1188 2224 1322 2262 dicam
1337 2225 1358 2261 ἵ)
1413 2223 1654 2263 Conscendo
1681 2223 1822 2273 bigam
1849 2234 1933 2261 non

337 2292 499 2338 tectam,
521 2289 647 2327 flante
667 2291 793 2328 vento

1952 1648 1988 1677 17

1095 2356 1276 2404 quantus
1305 2353 1402 2392 altis
1429 2352 1643 2392 montibus

825 2419 996 2469 Frangit
1023 2421 1250 2458 trementes
1280 2418 1405 2458 ilices.

472 2548 522 2576 77.
547 2548 630 2569 nam
649 2562 656 2569 .
678 2563 685 2569 .
707 2563 714 2570 .
733 2539 954 2570 abduxeram
971 2541 1045 2569 acm.
1062 2541 1097 2569 F.

1247 2539 1301 2577 98.
1325 2539 1365 2569 vt
1381 2537 1521 2569 EN²LB
1535 2549 1542 2568 ε
1565 2538 1627 2568 3111
1643 2535 1687 2567 N1
1703 2539 1800 2567 Lomi.

386 2647 436 2675 72.
463 2637 615 2668 alteram
644 2637 794 2679 hospiti]
826 2637 1022 2676 Evidently
1049 2637 1105 2668 for

342 2681 590 2711 transmission
625 2682 671 2720 by
702 2685 814 2712 water
842 2684 878 2712 to
909 2682 1106 2720 Antxve1·p;

343 2725 382 2754 .-f.
402 2725 489 2763 Epp.
510 2725 620 2765 877,8.

387 2777 436 2805 74.
464 2767 652 2807 Bedburii]
693 2769 732 2798 16
763 2768 868 2798 miles

345 2812 470 2850 logne;
494 2813 536 2842 ct‘.
557 2812 620 2851 Ep.
641 2822 703 2850 442
720 2812 855 2843 introd.

392 2864 441 2892 77.
466 2855 558 2885 Noui
574 2855 810 2896 Testamenti]
836 2855 884 2886 Of.
905 2865 938 2895 p.
957 2856 1030 2895 387.

388 2898 440 2927 80.
468 2898 664 2939 Homerus]
689 2901 729 2930 Il.
753 2909 782 2937 3.
813 2909 898 2936 2143
931 2900 973 2929 cf.
1001 2901 1105 2936 Aday.

351 2950 440 3021 1933:
470 2983 719 3024 Leodiensem]
744 2985 809 3016 See
825 2995 883 3025 pp.
904 2985 1009 3024 167‚8.

388 3027 440 3058 86.
469 3027 636 3066 Angliam
675 3028 790 3068 adire]
835 3029 899 3060 See
942 3029 1006 3068 Ep.
1044 3029 1107 3067 964

899 2777 942 2801 w.
976 2769 1014 2799 of
1044 2768 1106 2798 Co-

1175 2635 1308 2667 introd.

1218 2681 1270 2718 87.
1296 2679 1415 2720 offert]
1440 2679 1491 2710 Cf.
1510 2679 1573 2718 Ep.
1590 2679 1663 2718 694.
1685 2688 1725 2709 10
1740 2688 1775 2709 n.

1217 2724 1271 2762 98.
1304 2722 1498 2764 Hesiodus]
1535 2724 1555 2754 1

1176 2767 1240 2798 Mr.
1275 2766 1320 2797 Η.
1354 2767 1533 2806 Sharpley
1563 2766 1618 2796 for
1651 2766 1713 2796 the
1747 2764 1934 2805 ingenious

1177 2810 1380 2850 suggestion
1409 2810 1489 2841 that
1518 2810 1687 2840 Erasmus
1710 2809 1740 2839 is
1764 2809 1847 2839 here
1870 2816 1934 2838 un—

1176 2854 1400 2893 consciously
1413 2853 1702 2892 contaminating
1713 2852 1799 2883 Hes.
1811 2854 1857 2883 Sc.
1874 2859 1935 2890 149

1175 2897 1265 2927 with
1285 2897 1389 2928 Hom.
1408 2899 1462 2928 Od.
1479 2907 1529 2936 17.
1543 2906 1651 2936 322,3.
1699 2896 1766 2926 For
1780 2906 1801 2926 a
1813 2903 1936 2933 wrong

1177 2940 1391 2971 attribution
1409 2950 1466 2972 see
1482 2941 1544 2980 Ep.
1563 2941 1635 2979 967.
1656 2948 1685 2978 5.

1224 2994 1295 3022 104.
1330 2986 1486 3023 quantus
1516 2983 1615 3024 altis]
1646 2983 1731 3013 Hor.
1758 2983 1856 3019 Epooz.
1882 2989 1933 3010 10.

1178 3027 1241 3064 7‚8.

1593 2732 1651 2753 am
1690 2720 1862 2752 indebted
1898 2722 1934 2752 to
1981 2728 1984 2731 ·
