2034 3433
334 176 415 215 450
794 176 1044 216 LETTERS
1081 176 1151 216 OF
1189 177 1456 217 ERASMUS
1795 176 1837 229 [1
1846 187 1867 226 5
1876 190 1891 214 1
1900 179 1922 215 8

273 282 315 323 65
333 278 509 318 habebat
537 279 725 318 animum
755 292 925 326 meum;
955 293 1079 329 quem
1112 280 1250 330 ipsum
1290 281 1424 332 qualis
1454 280 1586 331 qualis
1619 282 1681 319 est
1708 283 1750 320 te
1783 283 1924 321 autore

333 344 479 383 lubens
499 357 683 393 posuero,
706 344 742 382 si
760 346 808 382 tu
828 344 886 383 ita
903 345 1009 383 serio
1028 346 1224 385 censebis.

387 409 527 458 Neque
542 422 639 447 vero
653 408 721 447 hic
736 409 873 458 agitur
887 423 1012 459 quam
1025 423 1099 460 ego
1115 410 1195 449 sim
1212 412 1396 450 iocorum
1411 424 1457 449 ac
1471 410 1712 449 facetiarum
1728 410 1918 460 prudens,

332 474 401 511 sed
436 473 534 523 quid
569 473 731 512 sensuri
760 474 811 512 de
841 474 963 514 nobis
995 474 1081 514 sint
1115 476 1185 525 qui
1221 489 1297 515 nos
1327 490 1350 514 e
1384 475 1502 515 libris
1539 475 1687 515 aeditis
1725 475 1924 514 duntaxat

332 538 565 576 aestimant.
624 538 828 577 Noueram
847 553 935 579 esse
954 553 1085 589 genus
1106 540 1267 580 iocandi
1288 540 1509 588 Gallicum,
1527 540 1713 590 impense
1732 540 1921 589 liberum,

275 615 314 647 70
332 603 513 652 gestiens
532 616 577 642 ac
606 603 727 653 paulo
752 603 959 651 licentius,
982 605 1091 656 quod
1115 605 1273 644 tetricis
1297 605 1477 656 ingeniis
1496 606 1626 644 videri
1652 607 1790 655 posset
1812 608 1925 656 petu-

331 668 484 706 lantiae
525 669 775 718 proximum.
851 670 957 708 Mihi
1002 671 1173 709 videbar
1216 671 1387 721 propius
1423 671 1767 710 animaduertisse
1803 673 1924 709 tuum

331 733 547 784 ingenium
573 734 650 773 hoc
678 748 824 785 genere
852 735 970 775 lusus
996 735 1227 786 impensius
1251 736 1455 785 delectari,
1477 736 1721 787 praesertim
1741 736 1778 774 si
1801 749 1924 786 quem

332 798 575 837 familiarius
604 812 774 848 amares,
805 813 885 850 quo
915 801 956 838 te
981 802 1053 840 tuo
1083 801 1284 840 arbitratu
1313 814 1456 851 posses
1485 801 1709 840 oblectare:
1739 800 1812 851 qui
1839 801 1924 840 fere

332 876 422 902 mos
446 867 519 902 τῶν
539 866 784 916 εὐτυχούντων
802 867 964 914 τουτωνὶ,
980 866 1025 904 in
1045 866 1201 905 deliciis
1222 866 1372 905 habere
1391 867 1616 917 quenpiam
1636 866 1714 904 imi
1739 865 1924 904 subsellii

275 941 311 973 75
331 928 558 968 amiculum
580 942 626 968 ac
653 930 794 969 vernis
822 931 1070 980 proximum,
1093 931 1139 970 in
1159 944 1283 981 quern
1307 931 1439 970 animi
1463 944 1583 970 causa
1602 931 1815 981 quodlibet
1830 932 1922 970 tum

330 994 469 1033 dicant
495 996 588 1033 tum
622 994 783 1034 faciant.
846 995 930 1035 Nec
958 995 1085 1034 istam
1119 996 1378 1046 voluptatem
1406 996 1484 1035 tibi
1517 996 1760 1045 inuiderem,
1791 996 1829 1035 si
1859 1009 1924 1035 res

330 1061 540 1108 gereretur
566 1062 734 1099 tantum
762 1060 815 1100 iis
842 1061 1010 1100 arbitris
1036 1062 1109 1112 qui
1133 1063 1322 1100 nostrum
1347 1063 1556 1111 vtrunque
1575 1062 1828 1111 pernossent,
1851 1063 1923 1100 aut

330 1123 447 1163 lusus
466 1126 629 1164 nostros
648 1126 734 1164 tam
755 1126 927 1166 candide
946 1126 1032 1166 sint
1059 1127 1375 1176 interpretaturi
1401 1139 1526 1177 quam
1554 1139 1630 1176 ego
1659 1126 1919 1175 interpretor.

332 1188 451 1228 Nunc
478 1190 597 1229 vides
619 1203 643 1228 a
667 1189 873 1241 plerisque
897 1191 1010 1230 trahi
1037 1192 1087 1230 ad
1114 1191 1369 1230 calumniam
1393 1204 1441 1231 ea
1465 1205 1626 1242 quoque
1647 1205 1750 1242 quae
1768 1190 1922 1242 simpli·

270 1261 311 1291 80
330 1254 494 1293 cissime
523 1255 745 1294 dicuntur:
786 1258 909 1306 atque
943 1257 1182 1296 huiusmodi
1220 1257 1488 1308 sycophantis
1518 1257 1777 1307 temporibus
1807 1256 1922 1296 hisce

328 1320 452 1369 plena
479 1323 578 1359 sunt
607 1321 759 1360 omnia.
822 1321 930 1370 Quid
959 1321 1037 1361 hos
1066 1322 1251 1361 dicturos
1283 1335 1435 1371 censes,
1472 1322 1508 1361 si
1542 1322 1652 1361 iocos
1682 1324 1775 1361 tuos
1805 1321 1922 1361 seriis

329 1385 527 1424 conuiciis
555 1385 789 1425 simillimos
813 1385 965 1437 legant,
987 1400 1089 1437 quos
1117 1401 1193 1437 ego
1216 1400 1319 1437 pene
1345 1387 1458 1426 solus
1485 1387 1676 1426 omnium
1702 1388 1812 1426 iocos
1834 1400 1921 1426 esse

329 1450 394 1488 vel
413 1451 547 1489 sentio
566 1450 632 1489 vel
652 1451 932 1501 interpretor?

381 1515 473 1554 Iam
502 1518 549 1554 vt
574 1529 659 1555 non
682 1516 896 1555 illibenter
917 1517 1049 1556 fateor
1070 1531 1136 1556 me
1163 1531 1248 1556 non
1271 1519 1413 1556 minus
1436 1517 1568 1557 literis
1594 1531 1718 1568 quam
1742 1517 1921 1557 fortunis

269 1585 309 1626 85
327 1580 563 1619 inferiorem
592 1580 769 1629 Budaeo,
801 1581 870 1629 ita,
903 1582 1011 1631 quod
1042 1582 1126 1621 scio
1154 1584 1196 1620 te
1229 1595 1314 1621 non
1349 1582 1510 1621 inficias
1541 1576 1710 1630 iturum,
1743 1581 1920 1621 eruditio

326 1647 410 1693 tua,
442 1659 527 1684 non
556 1659 664 1696 opes,
694 1645 821 1695 Musa,
855 1659 939 1686 non
966 1647 1233 1695 Rhamnusia,
1268 1650 1309 1686 te
1338 1647 1443 1686 mihi
1472 1647 1716 1695 conciliauit,
1739 1647 1826 1686 imo
1853 1660 1920 1685 me

327 1710 405 1749 tibi
423 1711 624 1749 deuinxit.
681 1711 938 1750 Felicitatem
956 1711 1079 1751 istam
1100 1712 1178 1750 tibi
1196 1711 1390 1762 gratulor,
1414 1711 1483 1750 sed
1509 1714 1653 1762 pectus
1676 1725 1769 1751 amo
1788 1713 1919 1762 suspi-

328 1775 483 1826 cioque.
545 1777 789 1826 Quanquam
820 1778 959 1815 autem
989 1777 1096 1815 nihil
1126 1777 1366 1816 addubitem
1402 1777 1503 1827 quin
1536 1777 1725 1816 fortunas
1757 1790 1919 1827 quoque

328 1844 421 1880 tuas
449 1854 533 1880 non
561 1841 635 1880 vni
663 1841 740 1880 tibi
768 1842 838 1880 sed
866 1842 1012 1881 amicis
1040 1843 1165 1881 etiam
1193 1843 1412 1891 possideas,
1435 1844 1575 1881 tamen
1604 1856 1626 1881 e
1653 1842 1808 1881 chartis
1836 1842 1920 1881 tuis

267 1921 309 1953 90
326 1906 482 1956 gaudeo
515 1906 720 1954 ditescere,
756 1906 907 1957 quibus
937 1907 1044 1945 nihil
1076 1907 1276 1946 diminuit
1308 1910 1379 1946 tua
1412 1907 1456 1946 in
1491 1920 1636 1946 omnes
1667 1906 1915 1957 benignitas.

327 1971 361 2009 E
390 1972 554 2010 scriniis
591 1971 839 2010 nummariis
871 1972 978 2011 nihil
1019 1972 1151 2011 adhuc
1187 1986 1261 2011 nec
1299 1972 1428 2011 ambii
1469 1985 1542 2011 nec
1580 1971 1774 2022 decerpsi.
1835 1971 1919 2011 Nec

326 2036 463 2075 tenuis
491 2037 633 2075 haberi
658 2036 778 2075 debet
807 2037 881 2086 qui
908 2050 982 2076 sua
1011 2039 1119 2077 sorte
1147 2039 1370 2077 contentus
1398 2039 1470 2076 est.
1531 2038 1586 2076 Et
1614 2037 1724 2076 haud
1753 2037 1837 2076 scio
1865 2050 1918 2076 an

326 2102 508 2140 eruditos
527 2102 637 2141 aliud
653 2102 819 2140 iocandi
834 2115 962 2152 genus
979 2103 1127 2151 deceat,
1142 2102 1385 2153 praesertim
1400 2102 1582 2141 amicitia
1597 2102 1914 2141 confoederatos.

327 2167 491 2206 Iocatur
510 2167 554 2205 in
576 2167 817 2206 Trebatium
840 2180 963 2206 suum
983 2168 1041 2206 Μ.
1062 2167 1238 2216 Tullius,
1262 2167 1435 2206 colludit
1456 2180 1551 2206 cum
1572 2180 1647 2206 suo
1667 2167 1918 2217 Symmacho

268 2248 307 2279 95
325 2233 548 2280 Ausonius,
584 2232 743 2271 iocatur
780 2232 826 2270 in
859 2245 990 2271 vnum
1023 2234 1147 2283 atque
1177 2232 1354 2272 alterum
1385 2245 1556 2271 suorum
1590 2231 1768 2272 Plinius.
1826 2231 1917 2271 Hoc

324 2297 485 2335 iocandi
517 2311 648 2347 genus
681 2297 792 2336 haud
826 2297 909 2336 scio
939 2310 993 2336 an
1017 2311 1193 2348 vsquam
1221 2297 1265 2336 in
1295 2297 1551 2336 eruditorum
1579 2297 1700 2336 libris
1728 2296 1913 2346 reperies.

326 2362 381 2401 Et
417 2362 578 2412 aspergi
615 2362 750 2401 solent
787 2362 1030 2401 huiusmodi
1067 2363 1236 2413 lepores,
1277 2376 1351 2401 ceu
1393 2362 1658 2401 condimenta
1698 2361 1912 2401 sermonis.

327 2427 570 2472 Cuiusmodi
588 2440 683 2466 vero
702 2427 869 2477 species,
891 2441 986 2466 cum
1010 2429 1123 2466 totus
1144 2441 1278 2466 sermo
1298 2441 1321 2466 a
1341 2427 1484 2478 capite,
1506 2428 1614 2478 quod
1635 2427 1766 2476 aiunt,
1787 2439 1916 2477 vsque

325 2493 375 2530 ad
416 2493 567 2532 calcem
604 2495 766 2542 praeter
802 2495 1039 2541 scommata,
1075 2494 1266 2543 strophas
1304 2495 1345 2532 et
1379 2493 1565 2543 obliquas
1602 2493 1774 2534 ὑπονοίας
1809 2491 1915 2530 nihil

249 2572 308 2594 100
325 2558 449 2596 habet
461 2559 482 2597 ⁶?

378 2623 535 2661 Verum
550 2623 649 2661 haec
668 2625 879 2673 vtcunque
899 2623 1120 2671 habebant,
1143 2625 1250 2662 certe
1271 2623 1485 2673 oportebat
1501 2622 1662 2661 iocandi
1676 2622 1789 2662 vices
1801 2622 1913 2661 inter

325 2689 476 2727 amicos
505 2701 593 2727 esse
631 2690 808 2727 mutuas.
879 2688 1050 2738 Alioqui
1088 2701 1172 2727 non
1210 2688 1419 2727 videbitur
1455 2688 1613 2727 amicus
1649 2701 1745 2726 cum
1782 2687 1914 2726 amico
1958 2740 1961 2742 Ι

325 2753 475 2801 ludere,
501 2754 571 2792 sed
598 2766 669 2792 rex
696 2753 741 2791 in
764 2753 990 2802 parasitum
1015 2753 1186 2803 ciboque
1209 2755 1395 2803 emptum
1424 2753 1745 2792 homuncionem
1772 2752 1911 2791 debac-

324 2818 448 2857 chari.
513 2818 634 2856 Nunc
672 2818 708 2856 si
745 2818 844 2868 quid
882 2832 905 2857 a
943 2831 1010 2857 me
1048 2818 1221 2857 liberius
1259 2821 1331 2857 aut
1368 2817 1602 2868 simplicius
1641 2818 1798 2856 dictum
1834 2817 1908 2862 est,

246 2897 304 2930 105
324 2883 617 2922 contumeliam
640 2885 819 2922 atrocem
843 2883 966 2931 facis3
995 2884 1031 2922 si
1056 2883 1154 2933 quid
1184 2883 1296 2921 lenio
1319 2896 1371 2922 ne
1392 2883 1585 2931 offendat,
1609 2883 1718 2933 quod
1739 2881 1910 2921 liberius

365 2979 632 3054 66.ΙῙ)(1>)ειιρῑὲ)]ξγἼ
646 2984 757 3020 Corriq.
775 2991 782 3012 :
804 2981 981 3022 posuerim
1000 2983 1039 3013 E.
1108 2990 1158 3020 75.
1185 2980 1359 3021 quidlibet
1375 2982 1409 3011 F.
1469 2980 1521 3012 80.
1548 2980 1845 3020 sycophantarum
1862 2981 1904 3010 H.

327 3033 396 3054 101.
436 3033 470 3053 ia
496 3032 561 3054 ean
627 3048 634 3055 .
