2034 3433
274 160 354 198 566
736 154 989 195 LETTERS
1028 153 1097 192 OF
1136 152 1402 192 ERASMUS
1744 149 1869 204 [1519

272 264 498 315 pateticam
537 263 586 301 de
627 260 747 299 bonis
795 258 1034 309 opinionem
1073 270 1199 307 quam
1237 257 1431 306 Stoicam,
1474 269 1647 306 eamque
1685 256 1788 296 dicis
1825 257 1876 296 ad

218 345 257 368 10
273 341 541 369 communem
573 325 799 365 hominum
831 336 1002 363 sensum
1034 322 1189 373 pariter
1218 335 1263 361 ao
1296 323 1429 361 vitam
1463 321 1597 372 magis
1631 335 1876 372 congruere:

274 396 383 447 quod
403 393 699 443 argumentum
747 390 783 429 si
829 389 959 428 vllius
1006 390 1070 427 est
1115 388 1320 427 momenti
1366 388 1412 426 in
1460 387 1619 427 ratione
1667 387 1878 427 beatitatis

273 459 501 506 asserenda,
524 457 645 496 facile
673 457 805 495 sectas
833 467 978 494 omnes
1005 453 1147 493 vincet
1176 453 1389 503 Epicurea,
1422 466 1523 504 quae
1551 455 1639 492 tam
1667 453 1879 504 popularis

274 528 337 565 est
352 526 398 563 vt
418 523 604 563 maxima
622 522 678 561 sit
696 521 920 560 hominum
938 533 1032 570 pars
1052 532 1156 570 quae
1175 521 1293 569 putet
1309 533 1384 558 nos
1402 520 1453 558 ad
1474 532 1600 558 vnam
1620 519 1880 569 voluptatem

276 592 395 629 natos
415 602 515 627 esse.
565 586 698 638 Atqui
713 586 835 626 video
856 587 897 625 te
916 598 1063 635 parum
1084 583 1247 623 moueri
1263 584 1386 622 turba
1405 584 1642 630 cerdonum,
1656 586 1876 632 sartorum,

221 671 258 702 15
277 654 585 701 culinariorum,
607 652 814 691 laniorum
843 651 1121 702 opificumque
1150 648 1415 699 reliquorum,
1444 651 1485 688 et
1510 649 1803 688 testimonium
1829 649 1882 688 ab

276 721 362 760 illis
401 717 775 770 praestantissimis
811 716 1018 767 requirere
1051 715 1155 756 viris
1187 714 1260 765 qui
1297 727 1464 754 summo
1498 714 1666 765 ingenio
1704 714 1883 765 praediti

277 799 522 836 summaque
552 783 786 823 eruditione
815 796 902 821 non
932 784 1090 820 temere
1120 781 1202 820 huc
1232 782 1355 831 atque
1386 780 1490 820 illuc
1519 781 1722 830 feruntur,
1747 781 1791 820 id
1820 784 1882 820 est

279 865 521 904 quocunque
556 862 652 901 opes
679 849 996 899 voluptatesque
1026 847 1277 898 impellunt;
1307 847 1378 885 sed
1403 860 1528 897 supra
1555 846 1761 886 humanos
1789 861 1884 886 con-

279 917 417 958 stituti
465 930 591 964 casus,
642 914 773 954 nullis
818 914 958 953 affecti
1004 913 1392 964 perturbationibus
1437 926 1503 951 res
1557 912 1667 963 ipsas
1721 913 1884 964 liquido

225 998 264 1020 20
279 983 536 1035 perspiciunt
570 984 611 1020 et
648 982 700 1020 ad
728 980 890 1028 viuum,
922 979 1030 1030 quod
1063 979 1195 1028 aiunt,
1225 980 1422 1018 resecant.
1483 977 1544 1016 Hi
1573 993 1670 1018 vero
1702 992 1885 1029 quonam

281 1050 404 1089 modo
424 1048 650 1098 disputent,
668 1060 818 1097 quaeso
837 1045 1078 1086 videamus:
1107 1057 1358 1095 agamusque
1378 1057 1454 1083 nos
1475 1044 1611 1083 Stoico
1630 1058 1745 1084 more
1763 1045 1885 1095 paulo

281 1114 491 1154 subtilius.
550 1113 635 1151 Nec
662 1111 830 1151 mireris
859 1111 896 1150 si
923 1110 975 1149 ad
1006 1110 1114 1149 hanc
1144 1110 1470 1160 disputationem
1500 1110 1678 1149 minime
1707 1111 1886 1150 attulero

282 1179 521 1231 popularem
554 1177 837 1228 eloquentiam
869 1176 1076 1227 copiosam
1106 1175 1224 1214 illam
1253 1176 1472 1224 forensem,
1506 1189 1631 1226 quam
1661 1176 1788 1215 etiam
1815 1176 1888 1215 vix

283 1258 522 1296 assequerer
541 1244 609 1284 vel
630 1244 675 1282 in
694 1243 785 1294 ipsa
804 1242 1019 1292 voluptate
1047 1241 1158 1292 apud
1185 1241 1507 1280 multitudinem
1531 1242 1889 1281 commendanda:

228 1328 243 1349 2
249 1327 265 1358 5
286 1325 419 1361 neque
439 1310 553 1349 enim
573 1323 719 1348 sumus
740 1321 886 1348 omnes
905 1307 1083 1356 Erasmi,
1102 1307 1174 1357 qui
1195 1307 1256 1345 ita
1275 1307 1323 1346 de
1340 1307 1507 1357 magnis
1527 1307 1695 1347 disserit
1714 1309 1761 1346 vt
1780 1306 1889 1346 nihil

285 1376 375 1415 fieri
413 1375 544 1427 possit
580 1374 841 1422 familiarius,
882 1373 942 1412 ita
981 1373 1031 1412 de
1067 1372 1210 1423 paruis
1246 1375 1293 1412 vt
1333 1372 1442 1411 nihil
1480 1373 1714 1421 sublimius,
1751 1373 1811 1411 ita
1839 1373 1889 1411 de

287 1442 470 1481 obscuris
489 1443 536 1481 vt
555 1440 666 1480 nihil
685 1439 923 1487 dilucidius,
946 1439 1005 1477 ita
1024 1439 1076 1477 de
1094 1438 1312 1488 paradoxis
1330 1440 1379 1477 vt
1398 1438 1510 1477 nihil
1529 1438 1797 1489 probabilius.

342 1507 421 1546 Sed
455 1507 505 1546 ad
541 1506 583 1544 id
618 1506 727 1556 quod
760 1505 1041 1552 institueram,
1074 1503 1110 1542 si
1139 1517 1245 1553 opeS‚
1278 1503 1314 1542 si
1343 1503 1494 1553 copiae,
1525 1504 1730 1552 valetudo,
1753 1504 1887 1549 robur,

288 1574 423 1612 forma
461 1572 619 1622 aliaque
656 1573 696 1610 et
729 1570 910 1620 corporis
943 1572 984 1608 et
1017 1571 1188 1608 externa
1221 1581 1323 1619 quae
1358 1571 1404 1608 tu
1436 1582 1558 1609 vocas
1589 1569 1709 1618 bona,
1731 1569 1889 1619 aliquid

231 1655 272 1686 30
290 1637 493 1677 momenti
522 1637 573 1676 ad
601 1636 843 1675 felicitatem
872 1636 1007 1685 ipsam
1035 1635 1224 1683 afferunt,
1249 1648 1329 1684 quo
1353 1635 1454 1673 haec
1481 1635 1638 1673 fuerint
1658 1635 1826 1681 maiora,
1844 1647 1891 1673 eo

290 1704 473 1755 profecto
493 1702 737 1752 ampliorem
763 1701 1190 1751 praestantioremque
1216 1700 1521 1739 beatitudinem
1549 1700 1705 1740 faciant
1724 1714 1891 1740 necesse

291 1773 380 1809 est:
414 1770 473 1808 ita
506 1771 555 1808 vt
588 1768 710 1818 longe
743 1767 900 1806 beatior
933 1767 988 1806 sit
1026 1767 1233 1805 formosus
1263 1768 1305 1804 et
1339 1766 1458 1805 diues
1490 1779 1670 1817 paupere
1701 1766 1889 1805 deformi.

292 1835 409 1883 Quod
430 1834 466 1873 si
486 1825 697 1872 addideris
714 1846 826 1882 opes,
839 1832 988 1883 copias,
1006 1832 1194 1880 honores,
1213 1831 1455 1881 potentiam,
1472 1832 1707 1882 imperium,
1724 1831 1890 1878 amicos,

292 1900 463 1949 natales,
493 1899 629 1946 robur,
663 1898 928 1947 celeritatem,
960 1910 1085 1948 quam
1119 1897 1191 1935 ille
1225 1897 1372 1936 multis
1411 1897 1652 1949 parasangis
1688 1897 1734 1935 in
1772 1909 1895 1935 cursu

234 1981 273 2013 35
293 1964 506 2004 felicitatis
539 1964 680 2002 virum
719 1964 878 2002 bonum
915 1963 1124 2013 relinquet
1156 1963 1227 2013 qui
1260 1963 1327 2001 his
1360 1963 1565 2002 caruerit!
1623 1963 1712 2011 Quo
1744 1962 1816 2002 fiet
1849 1963 1896 2001 vt

295 2030 456 2071 Socrati
476 2029 541 2068 illi
561 2029 728 2068 numini
747 2029 1092 2079 philosophorum
1112 2041 1207 2067 cum
1227 2030 1314 2067 tota
1339 2028 1411 2067 illa
1431 2041 1504 2068 sua
1523 2029 1677 2067 virtute
1695 2028 1769 2068 vix
1786 2041 1897 2067 vnus

294 2097 345 2135 ad
394 2095 638 2134 felicitatem
685 2094 837 2145 gradus
874 2094 1086 2132 confectus
1123 2093 1260 2132 fuerit.
1321 2094 1438 2142 Quod
1476 2096 1539 2133 est
1576 2108 1681 2144 pene
1717 2093 1898 2144 impium

296 2162 454 2209 dicere;
483 2173 582 2199 nam
606 2160 641 2199 si
665 2160 831 2210 singula
857 2159 1029 2198 illorum
1048 2159 1099 2197 ad
1120 2159 1361 2197 beatitatem
1384 2159 1543 2209 aliquid
1563 2160 1733 2208 faciunt,
1757 2160 1899 2198 omnia

296 2227 424 2267 simul
442 2227 543 2266 adeo
567 2225 749 2264 multum
772 2225 953 2274 profecto
977 2224 1142 2272 facient,
1165 2226 1210 2263 vt
1231 2224 1389 2263 beatior
1413 2225 1450 2264 is
1475 2226 1643 2264 futurus
1668 2225 1724 2264 sit
1750 2225 1824 2275 qui
1852 2239 1899 2264 ea

238 2310 279 2342 40
298 2294 444 2332 habeat
463 2305 588 2342 quam
608 2291 743 2329 bonus
762 2291 829 2330 vir
847 2291 935 2329 illis
956 2290 1147 2329 orbatus:
1179 2292 1303 2339 atque
1328 2290 1384 2329 ita
1403 2290 1613 2329 Neronem
1633 2291 1753 2330 facile
1771 2290 1898 2329 fuerit

298 2362 384 2398 tam
400 2370 570 2397 saeuum
585 2359 814 2407 tyrannum
830 2356 1018 2406 Epicteto
1039 2356 1176 2395 Stoico
1196 2368 1315 2394 seruo
1335 2356 1413 2395 diis
1432 2359 1473 2395 et
1492 2356 1740 2395 mortalibus
1755 2356 1900 2407 gratis-

299 2425 405 2463 simo
444 2423 671 2461 beatiorem
710 2422 854 2461 dicere.
926 2422 1069 2469 Aufer,
1111 2422 1288 2470 obsecro,
1329 2436 1353 2461 a
1390 2422 1556 2461 Socrate
1593 2423 1900 2472 turpitudinem

301 2489 419 2527 illam
447 2488 640 2538 corporis,
672 2487 981 2538 ignobilitatem
1009 2487 1182 2537 generis,
1214 2487 1379 2526 vxorias
1407 2487 1630 2536 molestias,
1660 2490 1897 2538 egestatem,

301 2554 511 2604 inopiam3
551 2554 601 2592 da
633 2553 822 2601 formam,
858 2553 910 2591 da
939 2554 1162 2591 stemmata
1190 2552 1364 2603 generis,
1400 2552 1451 2590 da
1484 2552 1902 2603 obsequentissimam

243 2637 284 2669 45
301 2632 486 2668 vxorem,
509 2618 649 2657 confer
678 2631 775 2668 opes
800 2618 1060 2668 honoresque
1083 2617 1278 2657 eximios:
1308 2617 1407 2668 quid
1433 2618 1623 2667 amplius,
1654 2619 1753 2669 quid
1777 2619 1902 2657 excel·

304 2684 401 2732 sius,
431 2684 531 2735 quid
562 2682 850 2722 admirabilius
881 2682 1101 2722 habiturus
1131 2696 1175 2722 es
1209 2683 1254 2721 in
1282 2683 1360 2722 hoc
1391 2683 1557 2722 Socrate
1591 2697 1718 2734 quam
1750 2683 1795 2722 in
1827 2683 1902 2723 illo
1939 2708 1941 2710 -

306 2749 420 2787 fuit?

363 2814 470 2863 Quid
509 2816 556 2852 tu
592 2813 668 2861 ais,
696 2813 756 2851 mi
794 2812 1075 2852 eruditissime
1113 2813 1318 2852 Erasme‘?
1375 2813 1482 2862 Opes
1519 2815 1620 2852 sunt
1657 2813 1774 2862 bona,
1806 2815 1904 2852 sunt

308 2878 574 2927 pulchritudo
601 2881 641 2917 et
667 2877 777 2917 vires
800 2878 933 2926 bona;
963 2891 1035 2916 cur
1057 2878 1186 2928 igitur
1211 2891 1336 2916 nemo
1358 2879 1424 2917 his
1444 2879 1493 2917 fit
1512 2892 1697 2928 vnquam
1721 2879 1869 2917 melior
1884 2880 1905 2917 ‘?

252 2962 292 2994 50
310 2943 459 2988 Cicero,
480 2944 524 2981 in
545 2957 625 2992 quo
645 2943 723 2981 fuit
744 2945 860 2982 tanta
880 2943 1100 2981 verborum
1123 2943 1370 2981 Latinorum
1397 2943 1545 2993 peritia
1568 2945 1722 2993 quanta
1744 2943 1791 2982 in
1815 2943 1906 2994 ipsa

733 3028 785 3048 20.
811 3018 857 3048 ad
873 3021 946 3049 add.
964 3021 1001 3048 F.
1199 3026 1252 3056 43.
1278 3021 1326 3048 F:
1351 3020 1567 3058 aegestatem
1584 3021 1622 3049 E.
