2034 3433
372 167 452 207 582
830 167 1081 206 LETTERS
1121 167 1191 205 OF
1230 167 1494 206 ERASMUS
1830 163 1958 217 [1519

372 272 589 312 infamiam
610 283 760 319 verear,
781 270 852 321 qui
871 269 952 309 huc
971 271 1012 309 et
1026 270 1150 309 hodie
1171 283 1256 309 non
1272 270 1541 320 aspernandis
1556 269 1864 308 conditionibus
1883 282 1958 308 nec

372 338 424 377 ab
461 350 543 376 vno
582 349 673 386 rege
711 348 915 386 prouocer.
976 334 1184 384 Equidem
1223 335 1394 374 natiuus
1430 349 1514 374 non
1561 348 1665 380 sum,
1704 335 1846 384 fateor,
1885 334 1957 373 sed

371 402 569 441 insitiuus
592 400 863 440 Britanniae:
903 401 945 438 et
973 401 1113 438 tamen
1132 400 1204 438 vbi
1227 413 1390 438 mecum
1416 402 1561 450 reputo
1589 400 1688 450 quot
1717 399 1803 437 illic
1827 412 1959 438 annos

370 466 558 514 vixerim,
580 466 680 516 quot
717 464 782 503 illi
820 465 991 504 debeam
1029 464 1296 511 Mecoenates,
1334 468 1434 515 quot
1472 465 1647 503 eximios
1685 477 1731 503 ac
1767 477 1959 514 synceros

293 548 351 580 105
371 532 535 580 amicos,
558 532 754 582 quantam
784 530 975 569 fortunae
1007 542 1134 576 meae,
1161 529 1197 567 si
1227 542 1308 579 qua
1336 532 1475 568 tamen
1504 533 1576 577 est,
1606 529 1852 580 portionem,
1873 542 1959 568 non

370 597 512 636 minus
532 596 595 636 illi
615 596 856 635 felicitatem
876 595 984 634 hanc
1004 594 1188 645 gratulor
1208 608 1331 645 quam
1351 594 1387 633 si
1406 608 1473 633 me
1494 594 1715 645 genuisset.

423 663 484 701 At
503 661 612 700 nihil
631 661 802 700 interim
829 659 936 699 mihi
962 659 1122 698 dictum
1148 661 1210 698 est
1236 660 1286 698 de
1311 658 1529 709 praeclaris
1549 659 1729 710 corporis
1748 659 1960 709 animique

368 727 432 766 tui
470 726 650 774 dotibus,
683 739 785 776 quas
817 726 902 764 Deo
935 727 1187 774 naturaeque
1225 724 1422 763 debemus
1460 725 1593 775 magis
1631 737 1755 775 quam
1794 726 1959 763 nostrae

369 792 623 832 industriae:
667 794 708 830 et
733 793 876 830 tamen
905 791 1002 829 haec
1031 803 1191 840 quoque
1222 789 1330 828 bona
1357 789 1508 828 cedunt
1537 790 1582 827 in
1610 789 1853 828 felicitatem
1887 790 1960 828 rei-

293 874 351 896 110
369 857 567 908 publicae,
590 857 626 896 si
658 857 703 896 in
735 856 967 907 principem
1004 855 1181 905 probum
1219 855 1453 893 inciderint.
1511 855 1642 893 Porro
1674 854 1842 893 tametsi
1874 854 1960 894 iam

369 922 519 962 seculis
537 923 695 974 aliquot
714 935 799 961 non
818 922 876 961 ita
895 921 1077 960 multum
1096 920 1233 959 laudis
1252 920 1297 959 in
1315 920 1482 971 regibus
1505 919 1634 959 tulere
1655 920 1784 958 bonae
1802 919 1958 968 literae,

369 990 513 1027 tamen
550 990 622 1027 tua
658 988 853 1027 maiestas
890 987 1035 1026 efficiet
1072 988 1129 1034 vt,
1167 986 1517 1036 quemadmodum
1552 985 1653 1024 olim
1691 985 1961 1036 praecipuum

369 1053 492 1092 decus
524 1067 667 1104 regum
699 1053 780 1092 fuit
813 1052 1048 1091 eruditione
1076 1051 1328 1100 praecellere,
1352 1051 1410 1089 ita
1436 1050 1605 1100 posthac
1629 1050 1961 1100 pulcherrimum

369 1119 570 1158 habeatur
595 1119 828 1170 principem
855 1118 958 1156 scire
982 1117 1134 1156 literas.
1194 1116 1306 1155 Tuae
1332 1116 1510 1155 virtutes
1536 1115 1760 1166 dispellent
1779 1118 1960 1155 veterem

290 1201 349 1233 115
369 1184 686 1231 cauillationem,
703 1198 784 1234 qua
800 1183 995 1222 dictitant
1011 1182 1179 1233 quidam
1195 1182 1296 1232 regii
1312 1182 1489 1231 pectoris
1499 1181 1685 1232 vigorem
1700 1181 1960 1231 languescere

368 1249 506 1288 studio
525 1249 754 1288 literarum.
814 1249 916 1298 Quis
942 1248 1054 1287 enim
1072 1260 1257 1297 vnquam
1283 1260 1427 1285 eorum
1454 1247 1526 1297 qui
1552 1246 1693 1285 literas
1712 1246 1957 1294 nescierunt,

367 1314 509 1353 extitit
543 1316 582 1353 te
608 1328 692 1353 vno
720 1314 765 1353 in
785 1314 872 1353 vlla
899 1313 1010 1364 regia
1036 1313 1249 1351 functione
1278 1312 1520 1351 dexterior?
1560 1312 1654 1362 quis
1681 1312 1881 1351 attentior
1908 1312 1959 1350 ad

368 1380 588 1419 coercenda
606 1379 795 1430 flagitia?
816 1379 909 1430 quis
920 1379 969 1417 ad
986 1377 1286 1417 consulendum
1299 1376 1521 1416 solertior?
1541 1377 1633 1428 quis
1647 1377 1698 1416 ad
1710 1377 1960 1428 prospicien-

369 1445 469 1484 dum
489 1444 723 1484 oculatior?
753 1444 846 1495 quis
872 1444 919 1482 in
947 1443 1146 1482 obeundis
1172 1442 1296 1481 rebus
1321 1442 1610 1491 praesentior?
1666 1443 1722 1481 Et
1748 1445 1888 1481 tamen
1914 1442 1959 1481 in

292 1525 352 1547 120
368 1510 503 1549 literis
535 1523 636 1560 quas
665 1510 766 1548 olim
795 1509 1035 1548 felicissime
1063 1507 1297 1558 degustauit
1324 1510 1397 1546 tua
1424 1507 1629 1555 maiestas,
1658 1522 1705 1546 eo
1733 1521 1845 1546 nunc
1873 1520 1960 1557 pro-

368 1588 506 1625 gressa
523 1577 597 1624 est,
617 1575 789 1613 fortasse
816 1587 899 1613 non
926 1574 1061 1612 multo
1088 1573 1227 1612 studio
1247 1573 1318 1611 sed
1344 1573 1532 1612 inaudita
1557 1575 1728 1612 naturae
1748 1572 1956 1620 felicitate,

368 1642 416 1679 vt
453 1639 745 1679 eruditissimis
782 1640 907 1678 etiam
949 1638 1154 1688 theologis
1186 1637 1387 1677 miraculo
1425 1638 1480 1677 sit
1514 1639 1670 1677 sanitas
1707 1641 1747 1678 et
1784 1651 1958 1676 acumen

368 1705 526 1754 ingenii
546 1705 620 1744 tui.
680 1705 894 1755 Siquidem
917 1704 961 1742 in
989 1703 1278 1754 disputatione,
1303 1717 1427 1754 quam
1448 1717 1578 1754 nuper
1598 1704 1728 1742 animi
1748 1716 1868 1742 causa
1887 1705 1959 1741 tua

368 1769 561 1808 maiestas
594 1770 780 1808 instituit
819 1783 913 1808 cum
951 1769 1191 1809 acutissimo
1230 1769 1356 1808 simul
1396 1772 1436 1807 et
1474 1769 1714 1808 doctissimo
1751 1768 1956 1818 theologo,

292 1851 350 1883 125
369 1834 591 1873 defendens
624 1848 647 1874 a
680 1835 794 1873 laicis
829 1848 913 1873 non
947 1834 1190 1884 exigendam
1224 1834 1502 1884 precationem
1539 1836 1700 1884 praeter
1732 1848 1822 1873 eam
1857 1847 1960 1884 quae

369 1899 524 1938 mentis
542 1900 790 1950 cogitatione
815 1901 951 1938 Deum
971 1899 1206 1949 alloquitur,
1228 1900 1364 1938 Deum
1379 1900 1669 1947 immortalem,
1693 1913 1815 1950 quem
1835 1899 1959 1939 artifi-

369 1977 457 2003 cem
494 1964 731 2014 praestitit‘?
787 1965 889 2013 Quis
926 1965 1115 2003 inuenire
1158 1966 1317 2014 poterat
1361 1966 1580 2014 argutius?
1634 1965 1726 2015 quis
1769 1965 1961 2014 colligere

368 2030 617 2069 neruosius‘?
646 2030 741 2081 quis
766 2030 970 2080 explicare
994 2030 1243 2069 venustius?
1299 2030 1500 2069 Omnium
1525 2032 1665 2069 autem
1684 2031 1892 2069 virtutum
1919 2031 1960 2068 et

368 2097 704 2134 ornamentorum
734 2097 901 2134 tuorum
931 2109 1004 2134 ceu
1034 2095 1239 2145 colophon
1268 2096 1437 2145 quidam
1459 2095 1624 2144 accedit,
1647 2096 1756 2146 quod
1776 2109 1898 2134 nemo
1918 2097 1959 2133 te

292 2178 351 2209 130
368 2172 450 2199 vno
477 2161 527 2199 ad
554 2174 817 2212 congressum
847 2161 1020 2210 ciuilior,
1045 2173 1168 2199 nemo
1195 2161 1337 2199 minus
1366 2161 1498 2200 fastus
1524 2162 1597 2199 aut
1625 2160 1835 2211 supercilii
1861 2172 1960 2211 prae

367 2238 410 2263 se
447 2225 609 2273 ferens3
653 2226 853 2265 incolumi
899 2227 1040 2265 tamen
1095 2226 1265 2264 interim
1305 2227 1417 2277 regia
1453 2226 1665 2276 dignitate,
1700 2225 1860 2276 quoties
1896 2238 1962 2264 res

367 2290 560 2339 postulat.

423 2353 537 2394 Olim
563 2355 794 2406 Olympicis
813 2356 998 2396 victoriis
1024 2358 1227 2395 terrarum
1255 2357 1445 2395 dominos
1470 2356 1514 2394 in
1538 2356 1635 2395 deos
1651 2356 1774 2394 euehi
1793 2356 1959 2407 scripsit

369 2419 580 2459 Horatius.
641 2420 751 2460 Olim
781 2422 944 2461 solenni
973 2422 1067 2469 ritu,
1096 2421 1166 2472 qui
1194 2435 1291 2460 cum
1320 2422 1440 2460 laude
1468 2422 1692 2471 gessissent
1719 2421 1954 2472 imperium,

290 2500 349 2534 135
368 2484 649 2525 referebantur
677 2486 723 2525 in
751 2500 973 2526 numerum
1002 2487 1206 2526 diuorum.
1268 2486 1383 2525 Haec
1411 2488 1510 2525 sunt
1538 2487 1719 2525 facinora
1745 2499 1847 2536 quae
1865 2499 1959 2525 vere

367 2553 606 2590 consecrent
619 2551 947 2599 immortalitati;
968 2553 1026 2591 sic
1041 2552 1127 2591 itur
1141 2553 1191 2591 ad
1206 2554 1330 2591 astra.
1364 2552 1458 2591 Non
1473 2552 1682 2602 patientur
1700 2551 1960 2591 eruditorum

977 2648 1048 2678 133.
1074 2638 1292 2679 Olympiacis
1308 2643 1341 2670 F.

416 2722 487 2743 101.
511 2713 791 2756 conditionibus]
810 2715 862 2747 Cf.
878 2715 942 2756 Ep.
957 2716 1031 2755 809.
1050 2726 1132 2755 127-
1194 2718 1293 2745 Deum
1311 2715 1395 2756 (LB.
1415 2726 1446 2746 v.
1470 2715 1551 2745 1128
1560 2716 1608 2757 A).
1651 2715 1831 2747 Erasmus*
1848 2717 1959 2747 utter-

367 2763 420 2793 33.
1193 2768 1301 2790 ances
1315 2769 1359 2789 on
1374 2759 1437 2789 the
1450 2759 1585 2798 subject
1598 2760 1638 2790 in
1651 2759 1710 2791 his
1722 2761 1825 2790 notes
1836 2769 1883 2790 on
1895 2759 1959 2790 the

412 2808 484 2847 323.
495 2798 757 2843 disputatione]
769 2802 937 2834 Erasmus
948 2802 1086 2834 alludes
1096 2805 1131 2833 to
1193 2803 1279 2833 New
1291 2802 1383 2834 Test.
1396 2812 1488 2833 were
1500 2803 1654 2843 brought
1668 2813 1717 2843 up
1728 2804 1866 2843 against
1878 2803 1959 2834 him

367 2841 440 2872 thls
456 2843 562 2883 again
579 2844 618 2874 in
635 2844 745 2875 Lond.
765 2845 835 2876 xix.
859 2856 928 2886 107,
953 2846 1023 2877 LB.
1042 2848 1106 2886 635
1122 2857 1130 2885 ;
1192 2846 1239 2886 by
1255 2846 1315 2876 the
1333 2845 1483 2886 Faculty
1498 2846 1536 2877 of
1553 2847 1731 2887 Theology
1747 2849 1782 2878 at
1803 2847 1901 2878 Paris
1917 2848 1957 2878 in

368 2884 432 2916 but
462 2886 651 2918 otherwise
689 2887 842 2929 nothing
875 2899 987 2921 seems
1019 2891 1054 2920 to
1086 2890 1130 2920 be
1195 2890 1287 2929 1526,
1317 2890 1374 2920 tit.
1403 2890 1463 2920 xix
1480 2899 1489 2920 ε
1522 2899 1578 2921 see
1606 2890 1676 2920 LB.
1702 2891 1748 2921 ix.
1778 2891 1842 2930 895
1869 2899 1956 2931 seq.‚

367 2926 499 2960 known
527 2930 565 2960 of
592 2931 630 2962 it.
672 2931 745 2962 The
772 2933 937 2971 question
965 2933 1130 2964 whether
1191 2933 1263 2964 and
1293 2933 1521 2973 d'Argentre,
1547 2935 1678 2965 Collectio
1707 2937 1899 2965 Iudiciorum
1928 2942 1959 2965 Π

368 2979 494 3010 prayer
522 2973 652 3004 should
677 2975 718 3005 be
745 2978 854 3006 vocalis
878 2986 916 3006 01·
941 2979 1032 3008 tacita
1057 2987 1130 3007 was
1190 2977 1319 3017 (1728),
1344 2987 1370 3016 1,
1389 2986 1448 3017 pp.
1468 2977 1564 3008 66-8.

368 3013 573 3055 frequently
598 3017 748 3049 debated
762 3029 770 3057 ;
800 3019 843 3050 cf.
872 3022 982 3050 Modus
1009 3023 1130 3051 Orandz·
1238 3029 1306 3059 134.
1336 3020 1523 3061 Horatius]
1541 3023 1642 3051 θαι-οη.
1666 3031 1691 3051 1.
1713 3031 1740 3052 1.
1758 3022 1830 3060 3-6.

2028 2839 2034 2890 ἑ

2004 3025 2034 3433 ¹1
