2034 3433
121 194 219 249 93—2]
398 198 548 237 FROM
585 198 738 237 JOHN
777 199 966 239 BECAR
1004 199 1074 239 OF
1112 199 1439 239 BORSSELEN
1630 202 1708 239 515

122 302 166 339 et
187 300 283 350 quid
305 301 488 350 quotidie
507 302 552 340 in
572 302 706 341 lucem
733 301 912 350 emittas,
940 302 1050 353 quod
1076 302 1241 354 publice
1259 305 1310 342 ad
1329 303 1460 343 bonos
1479 305 1520 342 et
1541 303 1710 342 Christo

122 364 272 416 dignos
290 378 425 405 mores
444 366 625 405 conferat
645 369 687 406 et
706 366 848 406 Sacrae
864 366 1098 418 Scripturae
1113 368 1310 407 studiosis
1324 368 1379 407 sit
1393 368 1488 408 vsui
1509 368 1709 407 futurum.

126 430 228 469 Post
262 431 498 470 absolutum
534 431 647 470 enim
677 432 761 471 iam
791 432 968 471 secundo
1008 432 1174 472 Nouum
1210 433 1556 482 Instrumentum,
1592 433 1713 472 video
1730 447 1746 477 5

124 493 325 532 aedidisse
357 496 396 532 te
430 493 474 532 in
508 507 651 532 omnes
685 494 809 533 Pauli
838 494 1045 545 Epistolas
1076 498 1331 546 argumenta,
1365 496 1484 535 video
1517 496 1561 535 in
1592 495 1712 535 Pauli

124 559 176 597 ad
207 558 444 598 Corinthios
473 560 575 598 duas
608 559 814 609 Epistolas
847 560 1229 610 explanatissimam
1264 561 1582 611 Paraphrasim3
1620 560 1713 611 lego

123 623 225 663 item
244 637 408 663 summa
433 637 527 662 cum
547 624 759 673 voluptate
784 638 860 663 nec
886 625 1048 673 minori,
1071 628 1116 664 vt
1142 639 1270 676 spero,
1291 626 1472 665 vtilitate
1498 626 1712 666 adauctam

126 689 254 728 studii
283 688 504 739 theologici
537 689 756 728 Rationem
787 703 831 728 ac
865 689 1121 729 Methodum.
1180 691 1259 730 Sed
1291 691 1391 730 haec
1424 693 1590 730 tametsi
1622 692 1715 730 aliis

126 754 318 801 maxima,
339 756 385 793 vt
414 756 524 802 sunt,
555 767 639 792 non
667 755 876 793 immerito
904 755 1110 804 videntur,
1139 757 1280 794 tamen
1309 757 1420 795 intra
1448 769 1598 807 paucos
1627 757 1714 795 dies
1736 774 1772 795 10

126 819 211 858 scio
240 818 314 857 abs
343 821 384 857 te
414 819 602 858 absoluta
631 832 731 858 esse.
792 819 848 858 Et
879 821 977 858 noui
1006 820 1311 870 infatigabilem
1343 823 1460 860 tuam
1492 823 1537 860 in
1566 822 1716 860 studiis

126 884 412 936 diligentiam:
442 884 526 923 scio
558 885 741 923 ociosum
772 898 860 924 esse
893 887 934 924 et
967 898 1119 924 cessare
1152 899 1175 923 a
1208 886 1358 925 studiis
1388 886 1603 925 literarum
1632 900 1714 926 non

126 962 257 999 posse.
316 949 591 997 Quamobrem
612 950 718 988 nihil
739 949 884 988 dubito
908 950 1010 1000 quin
1035 950 1155 1000 plura
1175 951 1309 990 multo
1335 952 1402 990 vel
1428 952 1716 1002 conscripseris

126 1014 210 1054 iam
239 1014 304 1053 vel
332 1015 377 1052 in
405 1015 597 1053 manibus
623 1015 784 1063 habeas,
814 1028 916 1064 quae
945 1015 1110 1065 publica
1140 1017 1287 1061 studia,
1318 1017 1559 1066 praesertim
1590 1031 1711 1066 sacra,

126 1080 323 1119 adiuuare
341 1092 386 1118 ac
405 1080 626 1129 prouehere
644 1080 816 1130 possint.

182 1145 339 1184 Verum
358 1147 419 1184 est
438 1146 543 1196 quod
565 1148 606 1184 te
626 1145 1075 1185 commonefaciendum
1097 1147 1209 1195 duxi,
1232 1148 1278 1186 vt
1295 1147 1364 1185 vbi
1383 1147 1600 1197 paululum
1623 1162 1716 1186 con-

126 1211 261 1261 tinget
273 1223 296 1249 a
308 1210 509 1260 grauioris
522 1223 664 1261 operae
677 1211 828 1250 studiis
843 1211 930 1259 ocii,
954 1211 1111 1262 aliquot
1131 1211 1218 1250 dies
1237 1212 1454 1262 impendas
1473 1214 1522 1252 ad
1543 1214 1716 1252 conscri-

127 1275 305 1315 bendam
333 1275 592 1325 Euangelici's
617 1275 884 1325 praeconibus
911 1276 1190 1315 Concionandi
1219 1277 1434 1316 rationem.
1490 1278 1717 1318 Instituisti

130 1341 244 1380 enim
269 1341 353 1379 iam
381 1341 484 1379 olim
515 1340 797 1380 Christianum
827 1341 1020 1389 Militem,
1049 1342 1273 1380 instituisti
1303 1342 1588 1382 Christianum
1616 1344 1724 1383 item·

129 1406 379 1456 Principem,
391 1406 611 1444 instituisti
618 1409 826 1456 praeterea
832 1409 873 1445 et
881 1406 1034 1446 discere
1043 1409 1084 1445 et
1091 1407 1232 1446 docere
1242 1408 1464 1457 cupienteS,
1477 1409 1718 1459 conscriptis
1739 1425 1776 1448 20

128 1473 206 1511 hoc
225 1474 472 1521 argumento
497 1484 542 1509 ac
567 1471 689 1510 titulo
713 1471 832 1510 libris
855 1472 1186 1522 elegantissimis.
1246 1473 1440 1523 Superest
1462 1475 1509 1513 vt
1534 1474 1717 1524 Euange-

129 1537 257 1576 licum
277 1537 607 1575 concionatorem
627 1539 735 1575 recte
754 1536 953 1576 instituas
970 1551 979 1584 ;
1000 1537 1108 1588 quod
1128 1537 1295 1587 quidem
1311 1538 1444 1578 multo
1458 1538 1647 1588 pluribus
1662 1540 1718 1579 sit

130 1603 409 1653 profuturum,
430 1604 522 1640 tum
540 1602 592 1640 iis
611 1602 683 1652 qui
701 1603 773 1641 tua
791 1602 1057 1640 institutione
1072 1602 1206 1641 edocti
1221 1603 1371 1642 rectius
1386 1606 1426 1642 et
1441 1604 1587 1642 maiori
1601 1604 1718 1655 fruge

129 1668 216 1707 sint
235 1667 426 1716 deinceps
446 1666 735 1713 concionaturi,
758 1669 851 1706 tum
869 1667 922 1705 iis
942 1667 1013 1717 qui
1032 1681 1079 1706 ea
1098 1668 1259 1706 ratione
1278 1668 1411 1707 multo
1431 1669 1576 1708 maiori
1591 1671 1717 1710 effica-

131 1734 192 1772 cia
210 1735 252 1771 et
271 1733 410 1771 fructu
429 1731 514 1771 sint
534 1732 820 1771 concionantes
839 1732 1034 1771 audituri.
1095 1733 1156 1771 Ea
1176 1746 1241 1771 res
1260 1733 1366 1771 mihi
1386 1736 1426 1772 et
1444 1734 1612 1784 publico
1631 1749 1717 1774 om·
1740 1750 1776 1779 25

131 1798 248 1837 nium
272 1799 314 1836 et
337 1811 430 1836 meo
453 1811 616 1848 quoque
646 1797 815 1836 nomine
843 1797 1039 1847 priuatim
1069 1798 1147 1836 erit
1175 1798 1419 1847 gratissima.
1479 1799 1719 1849 Asscriptus

128 1877 223 1903 sum
242 1863 354 1901 enim
374 1875 458 1901 non
476 1863 535 1901 ita
553 1862 714 1912 pridem
732 1862 777 1901 in
797 1864 1010 1912 pastorum
1031 1863 1166 1913 gregis
1189 1863 1399 1903 Dominici
1418 1878 1650 1914 numerum,
1674 1868 1719 1904 vt

131 1929 233 1969 scis:
263 1930 304 1966 et
324 1941 414 1978 quo,
437 1927 614 1976 obsecro,
635 1927 786 1977 pabulo
805 1927 872 1966 vel
892 1927 1111 1966 salubriori
1128 1928 1192 1966 vel
1207 1928 1371 1967 meliori
1385 1942 1546 1978 pascere
1565 1930 1717 1980 possim

131 1993 400 2033 commissum
414 1993 522 2031 mihi
537 1992 706 2031 Domini
721 1992 803 2030 mei
817 2005 984 2042 gregem
1000 2005 1123 2042 quam
1137 1992 1386 2043 Euangelico
1399 1995 1440 2031 et
1452 1994 1687 2044 Apostolico
1699 1997 1720 2034 Ῥ

133 2060 168 2098 si
187 2058 354 2108 quidem
373 2059 445 2096 tua
464 2056 727 2096 institutione
747 2057 952 2096 formatus
971 2057 1013 2095 id
1033 2057 1133 2096 scite
1153 2057 1457 2108 prudenterque
1484 2059 1720 2098 ministrare
1739 2073 1778 2102 30

134 2122 333 2162 nouerim.
398 2122 604 2171 Impetret
627 2121 732 2160 hanc
757 2134 845 2160 rem
868 2122 940 2160 abs
965 2123 1016 2170 te,
1047 2122 1223 2170 obsecro,
1258 2123 1442 2172 primum
1468 2124 1648 2162 maxima
1674 2138 1719 2163 ac

134 2188 334 2227 latissime
355 2188 502 2235 patens
522 2185 692 2233 vtilitas,
721 2185 866 2224 deinde
888 2188 960 2224 tua
985 2186 1029 2224 in
1056 2186 1210 2226 Christi
1231 2186 1473 2237 religionem
1493 2189 1719 2238 propensis-

137 2255 243 2292 sima
261 2252 464 2298 charitas3
492 2253 540 2290 vt
559 2251 623 2288 cui
648 2250 852 2290 iuuandae
877 2252 1042 2290 tantum
1066 2252 1194 2290 studii
1218 2265 1264 2290 ac
1290 2252 1443 2291 laboris
1468 2253 1720 2303 impenderis

135 2332 219 2358 non
246 2317 337 2355 sine
365 2315 610 2366 grauissimo
639 2318 808 2366 sumptu
839 2318 879 2354 et
899 2316 1149 2355 valetudinis
1178 2318 1404 2356 certissima
1432 2318 1596 2366 iactura,
1629 2333 1719 2359 con-

136 2382 309 2433 temptis
326 2381 451 2420 etiam
466 2383 528 2420 tot
542 2381 780 2419 inuidorum
793 2380 1161 2421 obtrectationibus
1173 2384 1214 2420 et
1225 2383 1497 2432 apertissimis
1508 2384 1716 2434 conuiciis
1739 2396 1777 2426 35

135 2450 175 2488 ei
192 2449 270 2488 hoc
288 2446 504 2485 tantillum
526 2459 670 2496 operae
686 2459 737 2484 ne
757 2447 943 2496 deneges.
986 2447 1205 2486 Postremo
1225 2447 1486 2487 eblandiatur
1504 2449 1614 2488 istud
1631 2463 1720 2489 mea

137 2515 182 2554 in
208 2517 249 2553 te
275 2515 481 2563 perpetua,
507 2514 726 2562 postquam
755 2514 796 2550 te
824 2512 1007 2562 primum
1036 2525 1156 2551 nosse
1186 2513 1393 2563 simulque
1431 2515 1561 2552 colere
1593 2515 1718 2565 coepi,

136 2577 407 2619 obseruantia.
450 2577 566 2625 Quod
584 2577 619 2615 si
633 2577 729 2616 haec
747 2579 788 2616 te
807 2577 949 2616 minus
968 2577 1188 2627 perpellere
1208 2578 1378 2628 possint,
1399 2579 1529 2629 cogita
1550 2579 1658 2629 quod
1678 2580 1720 2619 id

136 2648 179 2684 te
198 2645 404 2682 facturum
422 2642 527 2680 mihi
548 2642 746 2692 superiori
772 2642 931 2692 hyeme,
956 2656 1084 2692 quum
1107 2645 1179 2682 tuo
1203 2657 1365 2694 semper
1390 2643 1509 2683 lateri
1534 2645 1599 2683 vel
1626 2658 1719 2683 cum

140 2707 456 2759 importunitate
475 2707 700 2754 haererem,
721 2707 777 2746 sis
795 2708 1017 2758 pollicitus.
1737 2722 1778 2753 40

192 2775 254 2814 De
274 2772 508 2811 valetudine
534 2786 624 2812 mea
649 2786 865 2823 cognosces
889 2773 1047 2823 copiose
1070 2787 1119 2812 ex
1148 2786 1194 2812 eo
1224 2774 1294 2822 qui
1322 2773 1396 2812 has
1423 2774 1501 2812 tibi
1531 2775 1717 2824 reddidit,

189 2877 238 2907 18.
263 2875 524 2916 Concionandi]
549 2876 604 2915 By
630 2884 712 2914 1523
733 2876 900 2907 Erasmus
1054 2875 1190 2906 discere
1216 2877 1252 2906 et
1279 2874 1420 2916 docere]
1447 2876 1513 2906 For
1544 2877 1720 2908 Erasmus'

139 2920 214 2951 had
237 2919 340 2950 made
361 2928 382 2949 a
408 2919 627 2959 beginning3
650 2928 708 2949 see
733 2929 757 2952 1.
786 2929 819 2959 p.
844 2929 895 2959 34.
968 2919 1194 2950 educational
1211 2918 1376 2958 writings
1395 2928 1451 2950 see
1477 2919 1563 2959 Epp.
1588 2921 1641 2960 66,
1670 2931 1720 2960 71,

147 2972 263 3004 19-22,
281 2962 354 2993 and
367 2962 409 2994 cf.
428 2962 493 3001 Ep.
510 2962 575 3001 985
591 2962 724 2994 introd.
967 2963 1042 3002 260,
1066 2963 1141 3001 298,
1161 2971 1235 3002 341,
1254 2962 1329 3000 428,
1347 2972 1419 3002 771,
1435 2972 1500 3002 909
1515 2974 1523 3001 ;
1546 2963 1615 2994 and
1634 2964 1675 2996 ef.
1695 2974 1717 2994 1.

187 3017 238 3046 19.
264 3005 433 3046 Militem]
450 3006 514 3037 See
527 3006 590 3046 Ep.
610 3007 680 3044 164.
967 3015 1024 3046 pp.
1042 3006 1071 3036 8.
1092 3015 1186 3045 37—9.
1206 3015 1246 3035 22
1263 3005 1333 3036 and
1353 3015 1401 3036 12.
1419 3007 1533 3045 28—37.

183 3060 234 3080 20.
263 3048 483 3090 Principem]
503 3049 566 3080 See
582 3048 646 3089 Ep.
663 3057 735 3088 393.
1009 3059 1061 3089 39.
1088 3049 1259 3088 superiori
1276 3048 1420 3089 hyeme]
1442 3050 1565 3089 1517-ss

882 3104 983 3143 Ll2
