2034 3433
174 120 267 175 794]
639 124 708 164 To
747 126 934 166 PETER
971 127 1288 168 BARBIRIUS
1672 133 1751 171 247

169 225 208 256 of
218 226 280 258 the
296 227 403 258 letter
423 227 462 259 of
477 229 499 259 6
515 228 647 270 March,
666 229 738 260 and
760 230 948 261 otherwise
969 230 1072 261 made
1096 241 1193 263 more
1215 232 1368 264 suitable
1392 232 1446 264 for
1467 234 1686 274 publication
1704 237 1748 276 by

168 269 231 300 the
248 271 405 302 removal
421 272 460 302 of
472 273 535 303 the
551 272 720 303 offensive
736 274 880 313 portion
895 275 1002 305 about
1018 274 1208 307 Rimaclus.

211 313 258 345 In
282 314 385 346 order
406 316 443 346 to
459 316 557 346 show
573 316 635 347 the
652 316 758 347 letter
773 318 813 347 in
831 318 878 348 its
894 317 1022 348 earlier
1036 318 1127 349 form
1144 319 1163 350 I
1179 319 1269 350 have
1284 319 1430 360 printed
1446 319 1509 352 the
1525 324 1747 363 manuscript

167 358 357 398 postscript
371 359 568 399 separately
583 369 622 391 as
638 360 701 400 Ep.
717 362 792 400 803,
810 361 881 391 and
898 362 988 392 have
1001 364 1067 402 put
1083 362 1145 393 the
1157 372 1298 403 passage
1314 363 1433 395 which
1449 368 1648 405 represents
1664 367 1691 397 it
1710 367 1746 397 in

169 400 199 430 D
216 400 292 433 into
307 402 370 433 the
387 403 525 434 critical
537 406 639 434 notes
654 404 739 435 here
756 404 894 435 instead
910 405 951 436 of
963 406 1041 436 into
1057 406 1118 437 the
1134 405 1239 446 text]

845 492 1072 523 BARBIRIO.

219 564 258 603 S.
278 564 326 603 P.
358 566 419 614 Νὴ
445 567 509 606 τὰς
536 567 698 617 χάριτας,
726 567 760 604 si
789 580 852 604 res
880 566 1001 605 habet
1025 569 1070 605 vt
1100 568 1254 615 scribis,
1277 569 1347 618 qui
1375 568 1538 609 libellos
1564 583 1750 621 suppres-

164 632 319 678 serunt,
361 630 485 669 iidem
523 644 784 682 suppressere
821 631 982 670 literas:
1021 645 1118 670 nam
1155 633 1338 682 primum
1375 634 1612 684 Apologiae‚
1652 650 1748 675 mox

164 693 408 744 Paraphrasi
445 709 557 734 meas
596 696 776 735 adiunxi.
853 697 1081 736 Canonicus
1117 697 1188 735 ille
1226 698 1377 737 Canius
1420 702 1562 750 suapte
1603 704 1747 750 sponte

163 759 315 798 detulit
343 774 387 799 ac
413 761 528 800 misit
553 761 769 811 pecuniam
796 762 1110 812 pensionariam,
1143 762 1267 801 homo
1292 763 1475 802 melioris
1500 764 1596 803 fidei
1624 779 1746 816 quam

162 838 273 864 nunc
292 826 444 876 vulgus
462 829 525 865 est
552 827 804 865 mortalium.
862 826 979 865 Idem
999 827 1097 865 fecit
1124 828 1306 876 optimus
1331 828 1402 867 ille
1427 830 1742 878 Cantuariensis‚
1764 844 1783 875 5

160 890 284 930 etiam
310 892 437 930 inscio
471 905 548 930 me.
619 893 792 931 Vtinam
823 892 927 930 mihi
954 892 1092 930 decem
1121 895 1261 931 essent
1289 893 1518 933 eiusmodi!
1552 908 1620 934 eos
1647 908 1745 934 sane

160 956 303 994 malim
332 970 456 1007 quam
485 971 588 1008 quos
617 957 868 996 Homericus
895 959 1009 1006 optat
1042 958 1334 1006 Agamemnon
1367 959 1505 997 decem
1539 959 1742 1000 Nestores.

215 1020 414 1060 Ioannem
433 1036 574 1061 meum
595 1023 783 1072 Anglum
803 1023 848 1060 in
867 1022 1068 1072 Angliam
1089 1023 1316 1070 emandaui,
1338 1023 1409 1073 qui
1428 1024 1533 1062 mihi
1552 1037 1646 1063 cum
1666 1026 1745 1064 alia

159 1090 268 1126 certa
287 1090 377 1126 tum
399 1101 551 1137 equum
579 1088 759 1138 aliquem
787 1088 1050 1126 commodum
1075 1087 1264 1126 adducat.
1322 1088 1365 1127 Is
1385 1089 1592 1128 rediturus
1611 1092 1673 1129 est
1692 1092 1742 1130 ad

158 1151 328 1191 Pascha.
400 1153 581 1191 Interim
612 1166 679 1191 me
709 1153 758 1191 ad
792 1152 871 1191 iter
900 1153 1091 1202 accing03
1125 1153 1325 1202 planeque
1358 1167 1501 1192 vereor
1533 1168 1583 1193 ne
1621 1157 1741 1195 tuum
1763 1171 1802 1193 10

157 1217 261 1256 istuc
292 1217 490 1256 viaticum
519 1231 586 1256 me
614 1218 680 1256 hic
709 1231 794 1257 non
824 1218 1008 1268 reperiat.
1067 1218 1146 1256 Sed
1177 1220 1318 1256 tamen
1346 1219 1381 1257 si
1409 1220 1507 1269 quid
1537 1220 1738 1270 obtigerit,

158 1281 388 1333 relinquam
415 1283 483 1321 hic
510 1283 661 1332 probos
683 1283 846 1331 amicos,
868 1283 918 1322 ad
943 1296 1048 1332 quos
1070 1283 1261 1333 quicquid
1286 1283 1470 1323 delatum
1489 1285 1569 1323 erit
1588 1285 1631 1323 in
1651 1288 1742 1326 tuto

156 1348 279 1387 fuerit
296 1362 304 1396 ;
331 1348 378 1388 D.
398 1347 600 1387 Ioannem
615 1349 845 1397 Borsalum,
860 1349 927 1387 cui
941 1348 1113 1387 Latinae
1132 1348 1296 1397 linguae
1319 1349 1517 1398 professio
1538 1350 1742 1390 destinata

153 1415 225 1460 est,
262 1414 316 1451 M.
351 1414 553 1452 Ioannem
593 1413 773 1452 Neuium
811 1413 1179 1460 Hontiscotanum,
1208 1414 1261 1451 M.
1295 1414 1466 1453 Petrum
1501 1415 1735 1464 Aegidium,

153 1478 269 1517 cuius
287 1480 403 1529 pater
425 1478 608 1529 optimus
634 1492 765 1528 nuper
788 1479 875 1517 vita
897 1479 1115 1517 defunctus
1135 1480 1206 1526 est,
1229 1480 1349 1528 atque
1370 1479 1455 1528 ipse
1475 1481 1739 1520 tenacissimo
1761 1494 1797 1525 15

152 1543 296 1582 morbo
314 1543 517 1594 affligitur,
541 1544 594 1581 M.
620 1544 838 1582 Nicolaum
862 1543 1251 1591 Buschiducensem,
1274 1543 1610 1594 ludimagistrum
1630 1547 1737 1596 apud

151 1609 447 1659 Antwerpiam.
521 1608 909 1648 Reuerendissimus
947 1609 996 1647 D.
1028 1608 1257 1647 Cardinalis
1295 1608 1599 1648 Cameracensis
1635 1624 1738 1650 vnas

151 1676 272 1724 atque
304 1675 456 1713 alteras
484 1676 578 1712 tuas
605 1673 747 1712 literas
775 1674 880 1712 mihi
909 1673 1137 1712 reddendas
1166 1673 1352 1712 curauit:
1386 1688 1560 1724 quarum
1587 1675 1737 1715 alteras

152 1739 286 1778 Guido
316 1739 563 1779 Morillonus
591 1741 663 1777 tuo
692 1740 861 1778 nomine
889 1739 1066 1789 scripsit.
1123 1739 1202 1777 Sed
1233 1739 1332 1789 quid
1361 1740 1454 1778 ais?
1491 1740 1614 1790 friget
1643 1740 1735 1779 istic

152 1804 298 1854 Guido,
318 1805 481 1844 iuuenis
499 1805 544 1843 in
565 1804 733 1854 regione
748 1806 833 1842 tam
848 1804 1006 1843 calida?
1034 1804 1181 1842 saltem
1199 1803 1357 1842 adesset
1373 1804 1437 1842 illi
1452 1817 1524 1843 sua
1538 1806 1732 1856 nympha,
1756 1820 1795 1842 20

151 1884 201 1909 ne
226 1872 342 1909 totus
365 1870 513 1920 frigore
539 1872 686 1920 pereat.
743 1869 874 1920 Atqui
900 1869 1020 1908 nobis
1049 1870 1115 1907 hic
1144 1882 1384 1920 persuasum
1413 1871 1500 1908 erat
1527 1870 1618 1909 istic
1647 1884 1734 1909 esse

149 1938 259 1974 totas
285 1935 473 1986 regiones
500 1935 572 1974 vbi
601 1937 709 1974 terra
736 1935 845 1973 nihil
873 1934 955 1974 nisi
982 1948 1145 1973 merum
1173 1936 1278 1973 esset
1306 1947 1462 1983 aurum,
1495 1948 1568 1973 nec
1596 1936 1735 1974 adesse

150 2001 340 2039 formicas
369 2000 544 2048 Indicas,
575 2000 665 2039 auri
693 2001 892 2047 custodes,
924 2000 994 2038 sed
1024 1999 1200 2038 liberum
1230 2012 1318 2038 esse
1346 2000 1492 2049 cuique
1532 2002 1733 2049 quantum

149 2065 250 2104 velit
269 2065 416 2104 fodere.
475 2065 523 2103 R.
548 2066 596 2104 P.
619 2065 870 2104 Theatinum
889 2065 1053 2103 saluum
1078 2077 1166 2103 esse
1190 2065 1357 2114 gaudeo,
1379 2064 1460 2102 nisi
1489 2065 1596 2114 quod
1623 2065 1732 2103 hunc

149 2144 310 2182 quoque
331 2131 479 2180 frigere
504 2130 697 2181 suspicor.
758 2130 867 2168 Nam
896 2131 944 2168 de
974 2129 1176 2168 Briseloto
1205 2142 1347 2167 rumor
1375 2129 1541 2179 quidam
1565 2129 1731 2169 scelera·
1753 2147 1789 2178 25

148 2196 335 2235 tissimus
368 2208 435 2233 me
465 2196 764 2245 propemodum
797 2196 1066 2241 exanimarat‚
1095 2194 1307 2232 hominem
1336 2194 1467 2232 abisse
1494 2194 1538 2232 in
1567 2207 1730 2244 campos

149 2262 337 2312 Elysios;
377 2261 539 2310 iamque
577 2261 771 2310 parabam
808 2260 1031 2310 epicedion,
1067 2272 1146 2310 quo
1183 2261 1348 2297 tantum
1386 2258 1495 2297 orbis
1530 2259 1673 2298 lumen
1710 2273 1731 2297 c

148 2327 284 2365 medio
302 2326 516 2365 sublatum
536 2326 805 2376 deplorarem,
822 2326 894 2365 sed
913 2323 1192 2375 superioribus
1211 2323 1346 2362 literis
1359 2324 1566 2373 aspersisti
1582 2337 1730 2374 aquam

190 2433 252 2456 ΤΠ,
277 2432 445 2454 BARBIRIO
461 2432 487 2453 s.
506 2432 537 2454 P.
555 2425 642 2453 MS:
668 2432 740 2453 Das.
759 2431 915 2453 ERASMVS
930 2429 1182 2452 ROTERODAMVS
1198 2428 1304 2450 PETRo
1320 2428 1490 2450 BARBIRIO
1509 2428 1570 2450 svo
1591 2429 1617 2451 s.
1638 2429 1672 2451 n.
1689 2423 1726 2451 D.

149 2479 178 2508 3.
205 2468 438 2500 adiunxeram
455 2469 497 2497 H.
610 2467 641 2496 8.
666 2476 747 2497 cum
764 2468 836 2496 add.
854 2469 893 2497 D.
1006 2474 1055 2495 11.
1079 2465 1170 2495 istuc
1187 2466 1255 2494 MS.
1271 2474 1277 2493 z
1302 2463 1398 2494 istud
1413 2462 1465 2494 D2.
1610 2473 1660 2503 13.
1686 2464 1726 2495 D.

148 2522 205 2543 om.
222 2514 263 2542 H.
357 2520 405 2549 14,
427 2511 475 2541 16.
502 2510 547 2542 M.
567 2520 624 2541 om.
641 2513 676 2541 H
690 2514 743 2542 ter.
838 2520 887 2548 17.
912 2509 996 2540 ΕΜ*
1012 2509 1052 2539 D.
1072 2510 1159 2538 MS:
1185 2506 1402 2538 Guillelmus
1422 2508 1463 2537 H.
1565 2506 1726 2538 Camera-

147 2556 261 2587 censis
276 2557 365 2584 MS.:
394 2553 518 2584 Croius
533 2556 570 2584 F.
706 2563 753 2592 19.
780 2553 991 2584 Morillonus
1012 2555 1087 2583 add.
1103 2553 1146 2581 H.
1277 2559 1328 2588 24.
1353 2550 1392 2580 R.
1410 2549 1447 2580 P.
1466 2552 1540 2580 add.
1556 2552 1602 2581 D:
1626 2551 1729 2581 Prae-

147 2599 261 2630 sulem
277 2600 319 2628 H.
453 2606 505 2636 27.
532 2598 675 2636 iamque
694 2621 702 2628 .
721 2620 728 2627 .
749 2622 755 2628 .
773 2597 826 2628 28.
850 2596 1070 2636 deplorarem
1086 2597 1159 2625 add.
1174 2596 1211 2625 D.

189 2686 218 2706 2.
244 2674 385 2715 literas]
417 2674 504 2714 Epp.
541 2675 617 2714 652,
642 2675 731 2713 6953
769 2674 812 2704 cf.
838 2674 901 2713 Ep.
1019 2682 1067 2711 13.
1093 2668 1375 2710 Bo1·sa1um]See
1395 2669 1481 2710 Epp.
1506 2679 1566 2708 291
1594 2670 1727 2702 introd.

148 2729 220 2760 752.
242 2728 282 2748 10
297 2728 333 2749 n.
970 2716 1042 2747 and
1059 2725 1131 2754 737.
1147 2714 1167 2743 8
1183 2723 1219 2744 n.

189 2772 222 2801 3,
246 2760 393 2802 Canius]
411 2761 475 2791 See
491 2761 552 2800 Ep.
573 2769 644 2799 751.
1017 2760 1066 2791 16.
1092 2755 1429 2796 Buschiducensem]
1448 2756 1510 2787 See
1526 2766 1558 2795 p.
1575 2765 1626 2795 33.

190 2816 219 2845 5.
247 2803 530 2844 Cantuariensis]
548 2804 600 2835 Cf.
615 2804 677 2842 Ep.
696 2813 767 2843 775.
789 2813 826 2833 12
844 2814 879 2834 n.
1018 2811 1067 2840 17.
1092 2798 1370 2839 Cameracensis]
1387 2800 1451 2830 See
1468 2809 1502 2839 p.
1517 2800 1572 2831 68.

191 2860 219 2888 7.
250 2848 479 2888 Homericus]
508 2850 549 2878 Il.
585 2858 615 2878 2.
645 2857 732 2886 3723
765 2847 806 2878 cf.
841 2848 904 2886 Ep.
1014 2855 1065 2884 23.
1088 2842 1269 2883 formicas]
1287 2842 1338 2873 Cf.
1357 2842 1443 2873 Hdt.
1463 2852 1494 2881 3.
1516 2852 1628 2882 102-5.

146 2894 218 2932 583.
237 2902 291 2931 45.
1016 2900 1069 2927 24.
1091 2886 1327 2926 Theatinum]
1345 2885 1404 2926 cp.
1422 2886 1483 2925 Ep.
1498 2887 1572 2917 628.
1593 2896 1633 2926 54
1652 2897 1685 2917 n.

188 2937 218 2968 8.
246 2933 435 2975 Ioannem]
453 2933 504 2965 Cf.
524 2934 585 2973 Ep.
606 2943 667 2973 772
683 2934 817 2965 introd.
1015 2941 1066 2971 25.
1095 2928 1286 2969 Briscloto]
1318 2929 1370 2961 Cf.
1404 2929 1490 2970 Epp.
1524 2939 1594 2969 597.
1627 2941 1646 2968 4
1675 2940 1726 2967 n„

193 2989 245 3010 10.
268 2977 419 3019 Pascha]
436 2989 455 3016 4
473 2977 578 3017 April
598 2977 689 3016 1518.
973 2977 1047 3015 695.
1064 2985 1150 3014 4o‚1.
