2034 3433
234 541 272 573 25

221 1890 261 1921 45

220 2222 260 2253 50

299 161 375 199 164
763 157 1011 198 LETTERS
1049 156 1119 194 OF
1158 155 1425 194 ERASMUS
1766 152 1807 206 [1
1816 166 1838 203 5
1846 166 1862 191 1
1871 164 1890 202 7

295 277 374 303 vox
395 265 622 315 compositi,
639 265 816 314 praestet
831 261 966 299 delere
984 259 1155 297 terciam
1172 260 1335 307 partem
1357 270 1481 308 quam
1501 257 1702 296 subiicere
1716 257 1890 297 verbum

294 329 560 369 subsistendi.
620 328 757 374 Vides,
779 326 935 375 opinor,
963 337 1031 361 me
1059 322 1142 361 tale
1170 322 1279 360 nihil
1309 322 1498 362 sensisse.
1521 322 1766 371 praesertim
1794 336 1889 361 cum

294 395 379 433 tota
418 393 698 444 disputatione
737 390 949 428 diuersum
986 400 1118 437 agam.
1191 386 1245 424 Et
1284 388 1424 425 tamen
1461 387 1496 425 si
1537 387 1628 437 quis
1672 386 1887 425 Christum

293 459 465 497 dixisset
493 457 782 507 compositum,
806 453 917 504 quid,
951 465 1088 503 queso,
1117 454 1201 490 erat
1230 452 1435 501 periculi?
1490 452 1552 490 De
1581 452 1704 490 rebus
1733 451 1889 490 diuinis

292 523 495 562 balbuties
516 525 577 561 est
597 520 793 572 quicquid
813 519 999 568 loquitur
1013 517 1222 555 humanus
1241 529 1388 555 sermo.
1437 517 1532 555 Non
1551 519 1613 555 est
1634 516 1888 567 compositus

292 588 480 627 Christus
506 589 704 636 tanquam
724 582 824 634 <res>
842 597 892 621 ex
919 582 1092 620 materia
1117 583 1158 619 et
1179 582 1310 620 forma
1337 585 1407 620 aut
1433 582 1582 621 domus
1610 595 1659 620 ex
1686 582 1818 632 tignis
1847 583 1887 619 et

291 653 541 702 parietibus;
569 653 611 690 at
630 652 768 700 aliquo
797 649 921 688 modo
948 647 1201 697 compositus
1220 649 1293 685 est.
1355 648 1466 696 Quae
1491 648 1711 687 commissa
1731 648 1887 686 iuncta-

290 731 368 768 que
387 719 497 766 sunt,
521 717 682 755 Latinis
702 714 930 764 composita
949 713 1155 752 dicuntur.

342 783 497 820 Verum
517 782 593 820 hac
621 781 859 819 defensione
881 778 986 817 mihi
1007 777 1117 816 nihil
1138 781 1198 816 est
1219 791 1334 828 opus.
1394 778 1586 817 Demiror
1607 792 1731 828 quare
1750 779 1886 816 Berus

233 865 245 876 ἢ
289 847 532 892 scribatme
556 846 663 884 velle
690 845 905 884 Christum
932 843 1059 892 accipi
1089 856 1162 893 pro
1189 843 1348 881 vtrauis
1373 845 1521 882 natura
1543 846 1615 882 aut
1644 856 1720 893 pro
1742 843 1882 890 altera,

288 925 435 962 nempe
460 912 654 959 humana,
678 925 774 950 cum
797 924 871 960 ego
902 909 1152 948 nominatim
1182 908 1435 958 interpreter
1462 922 1536 959 pro
1565 909 1708 957 altera,
1735 921 1885 958 nempe

287 978 441 1015 diuina.
499 977 641 1026 Neque
668 977 781 1014 enim
802 989 893 1014 mea
913 975 1037 1014 refert
1056 975 1154 1025 quid
1176 974 1327 1013 dixerit
1347 975 1488 1023 Faber,
1513 976 1550 1013 si
1571 975 1670 1025 quid
1691 974 1762 1013 ille
1780 974 1887 1013 forte

287 1043 370 1080 tale
397 1042 512 1081 dixit.
574 1043 669 1080 Non
690 1055 774 1089 vos,
800 1041 955 1091 opinor,
979 1040 1153 1078 offendit
1174 1039 1281 1089 quod
1310 1040 1398 1078 dixi
1418 1042 1624 1090 vtranque
1645 1039 1882 1090 significari.

287 1121 381 1146 cum
401 1108 528 1146 altera
552 1109 811 1146 connotetur.
874 1106 941 1145 Sic
966 1106 1080 1144 enim
1110 1105 1258 1151 senti0,
1279 1108 1503 1145 connotare
1530 1106 1638 1144 nihil
1662 1119 1751 1144 esse
1771 1105 1884 1144 aliud

251 1192 265 1217 .·,
287 1186 410 1223 quam
439 1173 558 1211 aliter
586 1172 819 1223 significare
839 1172 939 1220 siue,
964 1175 1009 1210 vt
1034 1172 1103 1210 isti
1124 1172 1370 1221 loquuntur,
1391 1171 1644 1211 secundario.
1702 1172 1777 1211 Bis
1800 1172 1882 1211 iam

285 1238 429 1289 scripsi
444 1239 586 1286 Fabi-o,
608 1238 715 1276 nihil
732 1238 800 1276 ille
817 1237 1057 1287 respondet3
1087 1237 1232 1286 opinor
1250 1237 1424 1275 molitur
1438 1237 1607 1288 aliquid.
1670 1238 1884 1277 Admonui

284 1306 342 1351 vt,
379 1304 415 1342 si
446 1304 679 1354 respondet,
715 1303 955 1342 meminerit
992 1302 1091 1353 quid
1131 1302 1312 1341 Fabrum
1352 1303 1503 1341 deceat.
1566 1303 1684 1352 Quod
1723 1303 1758 1342 si
1795 1305 1883 1341 tam

285 1368 509 1407 inciuiliter
538 1371 631 1418 agat
662 1382 786 1419 quam
821 1368 949 1407 semel
984 1368 1077 1417 egit,
1115 1368 1265 1406 sentiet
1300 1381 1367 1405 me
1402 1381 1486 1406 non
1524 1381 1651 1418 aeque
1689 1367 1885 1414 ciuilem;

283 1436 324 1472 et
341 1434 539 1482 fortassis,
562 1434 677 1472 iuxta
698 1433 933 1481 Horatium,

688 1527 824 1577 fragili
854 1540 1054 1577 quaerens
1082 1526 1243 1565 illidere
1273 1527 1453 1573 dentem,

607 1592 750 1631 Illidet
779 1592 923 1631 solido.

282 1684 429 1723 Amice
467 1684 634 1735 quidem
673 1687 815 1722 monet
854 1684 986 1723 Berus
1024 1686 1070 1722 vt
1108 1684 1250 1722 crebro
1290 1685 1491 1733 protester
1531 1696 1597 1721 me
1636 1683 1885 1723 submittere

282 1763 374 1788 mea
402 1749 512 1801 dicta
539 1748 689 1788 iudicio
719 1749 936 1788 Ecclesiae.
997 1749 1047 1787 Id
1077 1748 1268 1799 equidem
1298 1748 1414 1797 facio,
1445 1762 1591 1787 verum
1620 1749 1755 1788 malae
1784 1750 1879 1788 fidei

283 1815 451 1865 signum
481 1817 543 1853 est
572 1814 717 1853 multis
746 1815 807 1853 vti
837 1814 1110 1852 cautionibus.
1168 1814 1279 1852 Puto
1309 1814 1521 1852 neminem
1552 1814 1709 1853 bonum
1738 1815 1878 1854 virum

283 1893 366 1918 non
397 1880 474 1918 hoc
501 1880 639 1918 animo
666 1880 842 1919 scribere
870 1880 971 1930 quin
999 1880 1051 1918 ab
1078 1879 1285 1918 Ecclesiae
1314 1879 1464 1918 iudicio
1491 1880 1689 1930 pendeat:
1731 1894 1880 1920 verum

281 1946 352 1984 vbi
382 1945 435 1985 sit
462 1946 647 1984 Ecclesia
672 1959 758 1984 non
783 1947 882 1984 satis
903 1945 1122 1995 aliquoties
1141 1945 1286 1996 liquet.
1339 1945 1517 1984 Dabitur
1535 1959 1559 1984 a
1586 1959 1654 1984 me
1681 1959 1802 1996 opera
1827 1960 1879 1985 ne

281 2011 379 2061 quid
413 2011 547 2050 sciens
575 2011 753 2050 scribam
785 2011 953 2050 Christo
981 2011 1213 2061 indignum.
1290 2010 1350 2049 De
1379 2010 1555 2061 spinosis
1585 2011 1678 2050 istis
1705 2012 1880 2062 argutiis

281 2090 363 2115 non
384 2077 530 2126 opinor
554 2077 730 2125 pendere
750 2076 876 2114 fidem
896 2076 1189 2116 Christianam.
1248 2075 1334 2114 Nec
1353 2089 1429 2125 ego
1448 2076 1556 2113 mihi
1575 2089 1695 2115 sumo
1716 2077 1878 2116 effectu-

279 2155 373 2179 rum
403 2155 455 2179 ne
485 2141 583 2191 quid
613 2141 667 2179 sit
695 2154 870 2191 vsquam
900 2142 1010 2190 quod
1039 2140 1189 2191 aliquis
1219 2141 1349 2190 possit
1374 2140 1571 2180 cauillari.
1604 2154 1700 2179 cum
1731 2142 1772 2180 id
1803 2155 1878 2181 nec

279 2208 466 2245 veterum
486 2207 679 2256 cuiquam
701 2220 775 2245 nec
795 2207 1024 2245 recentium
1045 2206 1180 2244 adhuc
1200 2205 1429 2255 contigerit.

332 2271 458 2310 Volui
477 2285 550 2310 vos
571 2271 674 2310 scire
693 2271 884 2310 animum
904 2284 1046 2309 meum
1063 2285 1072 2309 t
1103 2283 1213 2309 nunc
1234 2271 1342 2320 quod
1364 2273 1553 2321 superest
1567 2272 1704 2310 vestro
1723 2272 1878 2311 iudicio

279 2337 485 2385 permitto.
545 2336 636 2374 Scio
665 2350 740 2375 vos
769 2338 857 2374 tam
879 2336 1061 2374 eruditos
1086 2335 1195 2374 nihil
1222 2349 1308 2375 non
1338 2337 1457 2385 recte,
1479 2338 1567 2374 tam
1593 2336 1748 2376 amicos
1766 2337 1875 2376 nihil

279 2415 362 2439 non
382 2401 560 2439 salutare
579 2402 769 2440 facturos.
830 2402 941 2439 Bene
960 2400 1062 2447 vale,
1087 2401 1359 2451 Guolphange
1379 2401 1628 2440 doctissime.

331 2467 484 2516 Scripsi
522 2481 594 2517 per
631 2467 899 2505 tabellionem
942 2466 1218 2505 Basiliensem
1255 2468 1351 2505 ante
1388 2480 1539 2516 paucos
1576 2466 1673 2505 dies.
1752 2466 1874 2506 Hanc

244 2549 256 2569 a
278 2533 507 2583 epistolam,
544 2532 580 2570 si
618 2532 794 2582 videtur,
829 2535 870 2570 et
909 2532 957 2570 D.
1001 2532 1106 2571 Bero
1145 2531 1350 2579 exhibeas,
1388 2531 1508 2581 eique
1546 2545 1614 2570 me
1652 2532 1875 2583 diligenter

278 2598 553 2636 commendes.
617 2598 792 2636 Louanii
816 2597 1016 2647 postridie
1035 2597 1314 2647 conceptionis
1335 2597 1543 2646 Deiparae.

871 2680 922 2717 56.
949 2678 1191 2718 conceptionis
1208 2680 1276 2709 MS.

321 2789 372 2809 21.
397 2779 545 2809 terciam
563 2777 716 2818 partem]
732 2777 805 2807 The
822 2776 939 2807 words
959 2778 1037 2807 ‘aut
1150 2785 1202 2814 35.
1228 2774 1305 2815 Bis]
1325 2775 1413 2815 Epp.
1431 2776 1507 2816 659.
1525 2786 1598 2815 724.

277 2833 295 2852 e
312 2822 448 2852 duabus
465 2822 677 2861 composito'
697 2821 736 2860 (1.
751 2822 789 2859 ὃς
817 2820 859 2851 cf.
878 2819 900 2850 l.
922 2819 968 2860 7).
1149 2828 1202 2857 39.
1229 2818 1442 2859 Horatium]
1459 2819 1511 2851 Cf.
1530 2823 1564 2851 S.
1582 2830 1612 2851 2.
1636 2830 1663 2851 1.
1684 2821 1768 2859 77‚8.

321 2876 372 2905 29.
397 2865 525 2905 Berus]
544 2865 595 2897 Cf.
613 2866 676 2905 Ep.
695 2874 766 2903 730.
787 2873 859 2903 7-9.
1145 2872 1197 2901 54.
1224 2862 1371 2903 Scripsi]
1391 2863 1455 2904 Ep.
1473 2873 1544 2902 731.
