2034 3433
319 152 400 190 416
778 150 1029 189 LETTERS
1065 151 1136 189 OF
1175 151 1440 190 ERASMUS

1785 152 1907 206 [1518

318 254 652 293 existimabimus
667 256 805 292 vestro
835 265 1037 292 consensu
1065 253 1182 292 fieri.’
1239 253 1387 303 Itaque
1417 252 1488 291 ille
1515 253 1654 292 latitat
1681 267 1727 293 ac
1746 255 1906 306 fugitat.

260 337 301 368 30
319 319 483 358 Ambiit
502 319 640 357 locum
661 318 959 365 Gonfluentiae,
978 320 1025 356 vt
1050 318 1157 356 mihi
1176 318 1361 357 narrauit
1381 318 1578 357 Officialis
1596 334 1605 357 :
1636 320 1814 359 reiectus
1832 323 1905 360 est.

321 384 418 423 Fuit
437 386 478 421 et
498 384 685 432 Louanii,
707 384 779 422 vbi
797 385 897 433 puto
917 383 1054 421 locum
1074 384 1248 432 quaerit.

373 449 434 487 De
454 451 565 487 statu
584 450 727 486 nostro
743 462 793 486 ex
812 449 916 487 meis
935 449 987 487 ad
1007 449 1186 487 Beatum
1205 448 1357 488 litteris
1377 462 1594 498 cognosces
1611 462 1620 486 :
1649 463 1751 499 quas
1769 451 1913 489 amicis

320 513 652 561 communicabis,
677 513 715 551 si
752 513 857 551 forte
892 512 964 551 ille
1006 526 1091 551 non
1128 512 1317 552 adfuerit.
1378 513 1569 552 Hebreus
1607 514 1851 564 triumphat,
1871 518 1913 554 et

320 578 429 616 1111111
447 578 514 615 1111
534 591 617 616 11011
633 578 830 617 succedit.
869 578 966 617 Tibi
976 578 1243 617 vehementer
1257 581 1471 617 succenset
1488 593 1498 626 ;
1527 579 1585 617 ait
1605 592 1648 617 se
1667 579 1915 628 grauissime

261 661 299 692 35
320 644 512 681 notatum
530 643 602 681 abs
623 646 672 686 te,
695 643 821 682 etiam
846 643 1087 693 impietatis.
1147 644 1264 692 Quod
1291 657 1390 682 sane
1409 644 1482 683 abs
1502 646 1544 682 te
1563 644 1720 682 factum
1740 645 1910 684 nollem.

320 708 356 746 si
389 710 530 746 tamen
569 708 725 747 factum
763 712 838 747 est.
899 709 1103 758 Syluestri
1136 708 1303 747 libellus
1338 723 1360 747 e
1389 710 1570 748 mantica
1600 709 1793 748 sublatus
1821 712 1886 749 est
1903 725 1912 758 3

319 774 458 822 itaque
492 786 589 823 rogo
620 776 665 812 vt
704 774 914 824 exemplar
951 774 1105 812 mittas.
1166 774 1259 813 Risi
1295 777 1455 813 vestras
1487 775 1740 814 saltationes.
1800 775 1913 814 Bene

320 838 423 886 vale,
445 838 610 887 optime,
633 841 674 877 et
694 839 875 877 amicum
894 852 1116 889 syncerum
1136 841 1321 888 prestare
1341 852 1476 890 perge.

373 903 550 942 Louanii
574 916 620 950 14
642 904 726 943 Cal.
751 904 955 943 Nouemb.

261 987 302 1017 40
321 968 501 1007 Domino
515 969 695 1019 gratioso
715 984 781 1008 me
797 970 1083 1008 commendato
1097 969 1329 1019 diligenter,
1344 972 1386 1008 et
1402 970 1573 1010 domino
1590 971 1709 1019 Bero,
1726 971 1763 1009 si
1779 970 1908 1010 adest.

553 1114 648 1153 878.
710 1112 774 1154 To
803 1111 1070 1162 <HERMANN‚
1101 1111 1263 1153 COUNT
1294 1123 1349 1153 or
1382 1111 1678 1166 Naum-AER).

367 1203 555 1238 Deventer
571 1203 648 1238 MS.
668 1213 725 1247 91,
747 1203 770 1237 f.
791 1213 846 1238 21.

369 1260 440 1295 LB.
460 1261 555 1306 App.
575 1262 653 1296 288.

1607 1202 1786 1237 Louvain.

1528 1270 1541 1295 1
1549 1270 1570 1304 9
1588 1259 1750 1295 October
1769 1261 1870 1305 1518.

366 1342 485 1383 [From
519 1342 581 1373 the
613 1342 769 1373 allusion
800 1342 841 1372 in
868 1341 890 1372 1.
919 1351 957 1372 1ο
979 1342 1081 1372 there
1113 1351 1179 1372 can
1206 1342 1246 1372 be
1273 1351 1319 1371 no
1345 1341 1456 1372 doubt
1481 1341 1562 1372 that
1589 1341 1730 1372 Leclerc
1758 1342 1790 1372 is
1817 1341 1913 1381 right

323 1387 361 1416 in
378 1386 600 1426 identifying
614 1385 677 1416 the
694 1386 811 1416 Count
826 1386 910 1415 here
926 1385 1118 1416 addressed
1134 1385 1224 1416 with
1242 1385 1432 1416 Hermann
1446 1384 1484 1415 of
1496 1384 1720 1425 Neuenahr.]

378 1462 416 1501 S.
438 1463 483 1501 P.
509 1463 601 1501 Risi
621 1463 872 1500 virulentam
890 1462 1201 1501 contentionem
1222 1461 1331 1500 inter
1349 1462 1451 1500 duos
1471 1461 1696 1512 theologos.
1758 1460 1913 1500 Inuisit

324 1541 400 1567 nos
419 1528 652 1578 Episcopus
681 1527 926 1577 Nebyensis,
951 1527 1103 1576 octapli
1121 1526 1316 1565 Psalterii
1345 1529 1475 1574 autor,
1500 1527 1618 1565 cuius
1637 1527 1690 1566 in
1713 1527 1915 1577 Apologia

325 1593 375 1632 ad
413 1593 597 1631 Fabrum
642 1592 913 1631 honorificam
957 1593 1062 1631 facio
1108 1591 1387 1632 mentionem:
1436 1594 1498 1630 est
1541 1592 1668 1630 homo
1712 1592 1917 1642 gloriosus

324 1658 457 1708 magis
476 1672 601 1708 quam
620 1658 865 1697 virulentus.
897 1658 1136 1697 Conductus
1157 1659 1219 1696 est
1237 1670 1261 1695 a
1281 1657 1392 1707 Rege
1414 1657 1646 1696 Galliarum
1666 1658 1915 1708 octingentis

287 1741 304 1772 5
323 1724 486 1764 francis.
547 1725 609 1763 De
628 1724 763 1763 reditu
790 1724 999 1774 Principis
1024 1736 1075 1761 ex
1095 1723 1303 1773 Hispania
1321 1736 1411 1761 rem
1437 1722 1728 1762 incredibilem
1756 1724 1913 1764 scribis.

325 1790 511 1829 Libellus
547 1803 568 1828 0
602 1790 784 1828 mantica
821 1803 912 1828 mea
949 1789 1137 1828 sublatus
1174 1792 1238 1827 est
1275 1789 1398 1836 furto,
1422 1789 1674 1839 Antwerpie,
1702 1790 1747 1828 ni
1785 1790 1917 1838 fallor,

325 1869 477 1905 magno
497 1868 590 1893 meo
610 1855 762 1893 dolore.
820 1855 975 1905 Scripsi
995 1855 1206 1894 Basileam
1226 1856 1272 1891 vt
1292 1854 1389 1892 inde
1409 1856 1621 1904 reparetur
1639 1857 1861 1905 exemplar.

379 1920 650 1970 Tragoediam
687 1920 894 1958 malorum
931 1933 1122 1958 meorum
1158 1932 1378 1970 cognosces
1417 1933 1467 1957 ex
1504 1919 1609 1957 meis
1647 1920 1696 1958 ad
1744 1921 1920 1961 Beatum

327 1987 479 2025 litteris
495 2001 505 2025 ε
535 1999 636 2036 quas
656 1986 784 2025 lectas
804 1986 949 2025 reddes
968 1985 1066 2024 huic
1079 1986 1233 2033 iuueni,
1250 1985 1395 2024 ceteris
1411 1986 1513 2023 item
1527 1986 1672 2024 amicis
1689 1987 1918 2026 ostensum.

1236 2051 1348 2090 Hinc
1396 2050 1587 2090 omnium
1635 2051 1921 2091 calamitatum

270 2073 308 2095 10
326 2052 500 2092 Vtinam
554 2054 626 2090 tuo
681 2051 856 2090 consilio
910 2052 1167 2102 paruissem!

327 2131 514 2157 mearum
534 2120 666 2167 caput.
709 2117 888 2167 Dorpius
908 2118 1068 2167 primus
1084 2117 1275 2155 omnium
1292 2130 1370 2155 nos
1390 2116 1546 2164 inuisit,
1565 2116 1715 2155 deinde
1734 2117 1919 2165 Atensis,

327 2196 422 2222 cum
451 2195 592 2221 rumor
611 2183 721 2221 esset
747 2195 814 2220 me
839 2186 955 2232 peste
980 2182 1175 2221 laborare.

1238 2182 1337 2220 Fuit
1363 2181 1430 2220 hic
1451 2182 1770 2230 Hoechstratus,
1791 2183 1925 2222 multa

328 2247 616 2287 confabulatus
637 2260 733 2286 cum
753 2247 978 2286 Garmelita
999 2247 1296 2286 Edmondano:

372 2345 445 2377 877.
469 2354 522 2384 30.
549 2344 795 2376 Confluentiae
812 2346 944 2381 scripsi:
969 2344 1191 2376 constantiae
1207 2347 1274 2375 MS.

329 2389 659 2419 communicaturus
674 2391 743 2418 MS.

372 2488 447 2519 877.
466 2498 518 2527 3ο.
543 2486 728 2527 Officialis]
743 2487 808 2517 See
824 2487 886 2526 Ep.
906 2487 980 2526 867.
997 2487 1040 2526 58
1057 2497 1093 2518 n.

372 2540 424 2569 31.
450 2530 617 2571 Louanii]
635 2530 687 2562 Cf.
705 2531 794 2570 Epp.
813 2531 887 2569 878,
907 2531 981 2570 884,
999 2531 1073 2570 889.

372 2584 426 2613 32.
453 2574 498 2605 ad
515 2574 683 2615 Beatum]
702 2574 764 2613 Ep.
782 2574 857 2612 867.

373 2628 429 2657 33.
453 2617 632 2658 Hebreus]
687 2618 787 2648 Matt.
836 2617 999 2657 Adrian3
1037 2626 1093 2648 see

331 2672 363 2701 p.
392 2663 463 2693 108.

373 2707 425 2743 36.
451 2703 642 2744 Syluestri]
661 2704 711 2735 Cf.
728 2704 790 2743 Ep.
806 2705 880 2743 872.
902 2705 943 2734 16
958 2714 992 2735 n.

419 2748 594 2789 mantica]
612 2748 664 2779 Of.
686 2748 748 2787 Ep.
762 2748 837 2786 867.
857 2757 897 2786 72
914 2758 949 2778 n.

375 2802 426 2829 40.
455 2792 609 2822 Domino
634 2791 801 2832 gratioso]
830 2791 1005 2830 Probably
1032 2791 1094 2822 the

334 2834 399 2874 Bp.
417 2835 455 2865 of
467 2835 570 2865 Basle
587 2846 595 2874 ;
617 2845 674 2866 see
691 2845 723 2874 p.
745 2844 773 2872 7.

377 2878 451 2910 878.
460 2888 490 2917 5.
499 2878 692 2918 Principis]
703 2877 788 2908 This
799 2887 945 2909 rumour
955 2878 986 2909 is
996 2887 1095 2909 more

335 2918 490 2951 detailed
512 2922 550 2952 in
573 2922 637 2961 Ep.
655 2923 730 2962 893.
748 2931 838 2960 41,2.
882 2922 919 2952 It
940 2922 1095 2962 perhaps

334 2973 431 2994 arose
448 2964 538 2995 from
555 2965 711 2996 Charles'
736 2965 915 3004 projected
937 2975 1039 2996 move
1058 2967 1095 2995 to

335 3007 550 3046 Barcelona;
573 3009 618 3040 cf.
636 3009 779 3039 Brewer
794 3009 831 3041 ii.
848 3010 943 3049 4436,
962 3017 1059 3048 4505.

1412 2354 1464 2383 33.
1491 2345 1773 2376 communicabis
1787 2348 1900 2383 scripsi
1914 2357 1921 2376 :

1205 2487 1237 2518 6.
1262 2486 1436 2527 Libellus]
1454 2486 1505 2517 Cf.
1522 2487 1587 2526 Ep.
1605 2487 1680 2526 877.
1697 2487 1750 2526 36.

1203 2530 1234 2560 8.
1259 2529 1305 2560 ad
1321 2530 1490 2570 Beatum]
1509 2530 1571 2570 Ep.
1591 2531 1666 2569 867.

1203 2583 1236 2612 9.
1271 2572 1414 2613 iuueni]
1447 2574 1596 2605 Menard
1627 2574 1665 2605 of
1692 2574 1839 2611 Hoorn;
1878 2573 1922 2605 cf.

1161 2616 1346 2691 Eliozigguo
1361 2659 1530 2700 consilio]
1545 2660 1597 2692 Cf.
1614 2660 1679 2699 Ep.
1692 2660 1767 2699 867.
1779 2668 1920 2700 95-101.

1207 2713 1256 2742 13.
1282 2703 1533 2745 Edmondano]
1557 2704 1726 2735 Nicholas
1745 2704 1922 2734 Baechem
1972 2724 1975 2726 -

1163 2746 1261 2787 (Dec.
1283 2748 1365 2785 1462
1376 2748 1393 2778 ⁴?
1409 2766 1452 2771 —
1467 2757 1544 2787 23‚4
1561 2747 1651 2787 Aug.
1693 2747 1790 2788 1526)
1809 2747 1848 2778 of
1859 2747 1924 2786 Eg-

1161 2791 1274 2821 mont.
1300 2800 1386 2821 near
1405 2791 1563 2822 Alcmar.
1610 2790 1667 2821 He
1689 2790 1839 2822 entered
1861 2790 1923 2821 the

1162 2833 1291 2864 Falcon
1323 2834 1462 2874 Collega
1492 2835 1530 2865 at
1560 2834 1721 2865 Louvain
1752 2835 1793 2865 111
1827 2833 1919 2872 1488,

1162 2877 1233 2907 and
1265 2887 1338 2907 was
1368 2878 1446 2908 first
1477 2878 1517 2908 in
1543 2878 1608 2909 the
1638 2878 1840 2918 promotion
1870 2876 1925 2908 for

1163 2920 1258 2951 M.A.
1292 2931 1386 2960 1491,
1419 2921 1507 2953 D.D.
1544 2930 1637 2961 1505.
1687 2921 1735 2953 In
1768 2920 1851 2959 1506
1877 2919 1923 2950 he

1158 2963 1282 3003 joined
1311 2965 1375 2995 the
1401 2964 1621 3004 Carmelites,
1647 2965 1719 2996 and
1742 2963 1845 2995 made
1867 2963 1925 2993 his

1161 3007 1359 3046 profession
1385 3011 1421 3039 at
1446 3008 1615 3046 Mechlin,
1644 3018 1658 3038 1
1684 3007 1806 3039 March
1829 3015 1923 3046 1507.
