2034 3433
84 183 189 238 953]
595 184 749 223 FRoM
786 184 937 224 JOHN
976 185 1167 225 FABER
1601 189 1679 226 559

88 290 426 340 occupationibus
452 289 697 338 obstrepere.
761 288 961 336 Quamuis
986 288 1100 327 enim
1122 291 1215 328 tuas
1237 289 1381 328 literas
1408 303 1481 328 ceu
1507 302 1679 328 munera

89 354 389 406 preciosissima
406 353 638 404 amplectar,
660 352 804 391 licebit
828 354 969 391 tamen
992 366 1064 403 per
1090 367 1156 392 me
1180 354 1270 401 tibi,
1292 355 1518 394 dummodo
1541 367 1679 394 amare
1702 370 1741 403 70

91 433 173 459 non
194 420 368 469 desinas,
390 432 475 458 non
495 418 632 457 solum
652 430 736 456 non
757 418 1000 467 respondere
1019 418 1152 457 literis
1171 419 1287 468 meis,
1309 433 1456 459 verum
1476 433 1528 458 ne
1547 420 1680 471 legere

90 485 268 535 quidem,
288 485 323 523 si
341 485 398 523 ita
416 484 471 523 sit
490 482 765 523 commodum.
823 483 936 532 Vale,
954 483 1243 533 theologorum
1259 486 1299 524 et
1315 485 1450 524 omnis
1471 485 1681 525 doctrinae

90 551 290 602 princeps.

145 616 209 654 Ex
223 615 466 655 Constantia
480 615 594 653 sexto
610 612 746 652 Galen.
765 612 876 651 Maii.
927 614 1054 652 Anno
1073 614 1285 653 restitutae
1304 614 1453 654 salutis
1467 628 1649 654 M.D.X1x.

431 715 704 771 ⁹²4¹⁹²⁹954937
764 715 828 757 To
860 715 1078 757 WILLIAM
1109 715 1346 759 BUDAEUS.

140 807 302 853 Farrago
321 820 358 853 p.
375 818 431 851 42.
1383 806 1611 854 (Louvain.>

140 866 180 902 F.
197 878 232 911 p.
251 876 340 911 203:
367 865 458 901 HN:
485 865 602 900 Lond.
622 863 675 899 iii.
693 865 759 899 61:
785 863 858 899 LB.
877 873 957 907 410.
1358 863 1511 912 (April)
1533 875 1635 912 1519.

139 947 228 988 [The
243 945 433 978 bracketed
443 945 543 976 dates
555 954 613 975 are
624 943 786 984 supplied
801 945 840 974 in
859 943 940 983 LB.,
956 944 1020 975 but
1036 953 1095 975 are
1112 944 1238 984 placed
1248 945 1403 977 without
1414 955 1486 986 any
1497 946 1685 985 authority

94 991 133 1020 in
150 991 212 1021 the
228 991 304 1022 text
318 1002 324 1021 ι
350 989 438 1029 they
453 998 513 1020 are
529 987 714 1028 evidently
730 986 895 1028 correct.]

560 1075 769 1106 ERASMVS
800 1073 981 1106 BVDAEO
1012 1075 1095 1106 SVO
1125 1076 1159 1106 S.
1181 1076 1225 1107 D.

150 1157 266 1196 DVAs
296 1156 491 1207 epistolas
528 1156 664 1206 accepi
697 1155 840 1194 eodem
874 1156 1002 1194 ferme
1034 1158 1291 1206 argumento,
1330 1157 1401 1195 sed
1439 1170 1544 1207 quae
1580 1157 1686 1196 mihi

94 1222 302 1261 declarent
325 1222 576 1272 superiorem
601 1220 947 1260 conflictationem
976 1221 1177 1259 incolumi
1203 1221 1388 1260 amicitia
1414 1224 1553 1261 nostra
1576 1222 1687 1261 inter

97 1300 173 1326 nos
190 1287 388 1326 hactenus
411 1286 655 1325 constitisse.
716 1285 822 1324 Mihi
844 1286 1004 1336 prolixa
1026 1286 1099 1324 illa
1121 1286 1294 1336 epistola
1312 1300 1397 1326 non
1417 1287 1498 1326 alio
1518 1288 1686 1326 nomine

97 1352 230 1403 magis
252 1351 441 1402 displicet
469 1364 594 1402 quam
621 1350 730 1401 quod
755 1352 875 1390 tuum
903 1351 1092 1389 animum
1110 1351 1329 1390 videbatur
1347 1352 1592 1391 offendisse:
1622 1353 1686 1392 cui

98 1417 181 1456 iam
201 1431 254 1456 ne
272 1419 389 1467 potes
412 1417 580 1467 quidem
602 1429 688 1454 non
714 1415 881 1466 aequior
900 1429 998 1464 esse,
1021 1416 1187 1466 quando
1206 1419 1248 1455 te
1267 1418 1411 1455 autore
1432 1420 1594 1456 seruata
1612 1420 1685 1465 est,
1706 1436 1723 1466 5

97 1495 193 1521 cum
222 1483 309 1532 ipse
336 1495 428 1521 eam
456 1494 590 1521 noxae
618 1481 834 1520 dedissem.
893 1481 1043 1520 Precor
1060 1484 1107 1520 vt
1132 1482 1212 1520 ista
1239 1482 1388 1532 legatio
1411 1482 1489 1521 tibi
1514 1483 1689 1521 feliciter

97 1547 224 1595 cedat,
256 1549 411 1597 tuoque
441 1547 549 1586 bono
582 1547 753 1586 tandem
783 1547 828 1584 in
858 1546 1033 1596 gratiam
1060 1547 1200 1586 redeas
1232 1559 1327 1585 cum
1356 1547 1457 1585 aula.
1517 1547 1688 1596 Quoties

99 1611 306 1651 tumultus
348 1612 424 1650 hos
471 1612 612 1651 animo
656 1612 912 1662 contemplor
946 1613 1031 1662 περὶ
1066 1615 1132 1650 τοῦ
1170 1612 1457 1662 Αὐτοκράτορος,
1498 1613 1688 1662 protinus

98 1677 378 1716 Horatianum
396 1677 502 1716 illud
522 1677 639 1716 venit
658 1677 702 1716 in
721 1680 921 1725 mentem,
943 1680 1015 1716 τῶν
1033 1680 1162 1727 μωρῶν
1182 1677 1376 1727 βασιλέων
1397 1678 1456 1716 καὶ
1475 1680 1588 1717 λαῶν.

152 1743 265 1782 Bene
283 1743 385 1782 vale.
445 1755 620 1782 M.D.X1X.
1710 1761 1750 1782 10

559 1876 654 1915 955.
715 1872 778 1913 To
808 1871 995 1913 MARTIN
1027 1871 1224 1914 LIPans.

150 1963 315 1998 Brussels
333 1962 409 1998 MS.
428 1965 579 2009 4850-7,
598 1963 625 1999 f.
647 1972 725 2008 151.
1317 1961 1544 2009 (Louvain.>

1237 2019 1292 2066 (c.
1309 2019 1419 2065 April
1435 2021 1497 2056 fin.
1518 2020 1640 2067 1519.)

149 2101 197 2142 [A
212 2110 299 2141 copy
314 2101 362 2140 by
377 2100 521 2140 Lipsius
537 2101 575 2131 in
593 2100 655 2131 the
669 2099 812 2131 volume
829 2100 921 2131 from
939 2099 1060 2131 which
1077 2100 1140 2140 Ep.
1161 2109 1224 2139 750
1244 2109 1371 2131 comes.
1417 2100 1570 2140 Lipsius’
1587 2110 1689 2140 argu-

104 2146 206 2175 ment
222 2145 274 2175 is:
301 2144 490 2175 ‘Erasmus
514 2144 639 2174 relicto
655 2144 814 2175 Louanio
830 2143 1077 2183 Antwerpiam
1101 2153 1137 2174 se
1160 2143 1324 2182 contulit,
1344 2144 1529 2175 aeditu1·us
1552 2145 1688 2175 ibidem

105 2187 303 2228 apologiam
327 2187 497 2218 aduersus
520 2187 759 2227 praelibatum
776 2187 967 2217 Latomum
983 2185 1069 2228 (Ep.
1092 2196 1166 2226 934.
1187 2197 1208 2226 3
1225 2185 1296 2230 n.)‚
1311 2189 1373 2227 qui
1399 2189 1434 2218 et
1458 2189 1532 2228 ipse
1556 2187 1690 2218 ibidem

106 2230 269 2262 libellum
285 2240 389 2261 suum
405 2230 532 2261 excudi
548 2233 700 2261 curarat.
745 2230 913 2261 Erasmus
928 2239 1011 2260 vero
1027 2239 1189 2261 reuersus
1205 2230 1404 2262 Martinam
1420 2232 1532 2261 amice
1548 2231 1686 2262 inuisit.

106 2275 230 2306 Coram
243 2274 426 2314 pollicitus
445 2275 498 2304 est
514 2274 705 2305 missurum
718 2283 754 2304 se
771 2282 884 2312 nuper
895 2273 1081 2304 adnectam
1098 2273 1340 2305 Instrumenti
1354 2275 1445 2305 Noui
1458 2276 1687 2314 posteriorem

106 2317 336 2355 aeditionem,
347 2326 454 2356 quam
465 2317 573 2347 etiam
587 2327 650 2356 per
660 2326 763 2347 suum
775 2316 994 2355 ministrum,
1009 2317 1219 2356 magistrum
1234 2317 1408 2348 Ioannem
1422 2318 1594 2356 Houium,
1607 2326 1688 2348 cum

106 2361 263 2393 subiecto
275 2360 438 2400 epistolio
454 2360 574 2391 misit.'
598 2360 673 2390 The
690 2360 796 2390 letter
809 2369 890 2398 may
905 2360 989 2390 thus
999 2360 1042 2390 be
1054 2359 1177 2399 placed
1190 2361 1345 2392 towards
1355 2360 1417 2392 the
1431 2361 1502 2392 end
1516 2362 1554 2392 of
1560 2361 1664 2401 April
1682 2372 1689 2399 ;

107 2407 171 2436 not
181 2404 263 2444 long
277 2403 368 2435 after
384 2404 563 2435 Erasmus’
585 2406 712 2434 return
729 2404 819 2433 from
836 2403 1009 2442 Antwerp
1027 2403 1206 2443 (between
1225 2414 1327 2443 14-17
1341 2405 1444 2444 April
1461 2416 1468 2435 :
1492 2405 1581 2445 Epp.
1601 2413 1690 2444 939—

108 2448 178 2488 40),
193 2448 264 2479 and
280 2447 387 2478 about
402 2447 466 2477 the
481 2447 568 2478 time
585 2446 623 2477 of
635 2447 697 2477 the
713 2446 844 2477 arrival
862 2446 900 2477 of
911 2447 972 2477 the
988 2446 1129 2477 revised
1146 2447 1232 2478 New
1249 2448 1452 2478 Testament
1468 2448 1509 2479 in
1526 2448 1688 2479 Louvain

110 2491 241 2532 (before
261 2501 274 2521 1
293 2490 384 2530 May,
404 2490 468 2531 Ep.
486 2491 548 2530 961
566 2501 574 2530 ;
599 2489 670 2521 and
686 2490 837 2530 perhaps
852 2490 968 2520 before
984 2499 1025 2528 23
1041 2490 1155 2530 April,
1177 2490 1240 2530 Ep.
1256 2491 1365 2532 950).]

785 2576 1012 2609 EPISTOLA.

164 2657 204 2695 S.
216 2657 262 2695 P.
323 2656 519 2707 Expende
541 2657 737 2696 volumen
756 2670 809 2696 an
832 2657 887 2696 sit
912 2657 1132 2707 integrum.
1192 2657 1386 2707 Pecunia,
1412 2659 1447 2696 si
1475 2657 1599 2706 voles,
1620 2661 1692 2697 aut

110 2721 342 2760 remittetur
355 2723 426 2760 aut
445 2721 676 2761 seruabitur
693 2723 739 2761 in
758 2724 878 2760 tuum
896 2721 1115 2760 arbitrium
1133 2724 1206 2761 aut
1225 2723 1484 2773 impendetur
1503 2722 1547 2761 in
1566 2722 1693 2761 libros

111 2799 214 2836 quos
230 2785 356 2825 voles.
413 2787 526 2826 Bene
545 2787 647 2837 vale,
670 2787 846 2826 Martine
863 2787 1117 2826 charissime.

194 2884 270 2916 954.
292 2893 323 2922 3.
347 2883 495 2914 nomine
511 2893 570 2915 om.
587 2885 627 2915 N.
759 2885 789 2914 6.
814 2883 1031 2915 dedidissem
1048 2886 1084 2915 F.
1219 2893 1268 2915 10.
1294 2892 1442 2916 M.1).X1x.
1460 2886 1535 2915 add.
1551 2886 1593 2914 H.

154 2984 227 3014 954.
252 2992 283 3022 3.
307 2982 462 3023 prolixa]
480 2982 542 3022 Ep.
561 2984 634 3022 906.
979 2993 1010 3021 9.
1034 2981 1290 3023 Horatianum]
1307 2985 1367 3020 Ep.
1387 2991 1414 3013 1.
1433 2992 1466 3013 2.
1487 2992 1536 3022 14.

155 3028 187 3058 6.
209 3024 402 3066 dedissem]
420 3025 471 3057 Cf.
494 3025 558 3066 Ep.
576 3027 650 3067 906.
669 3026 743 3066 568,
758 3036 789 3066 9.
979 3026 1053 3057 955.
1082 3035 1107 3056 1.
1133 3025 1305 3067 Pecunia]
1323 3026 1374 3057 Cf.
1394 3026 1458 3066 Ep.
1477 3037 1551 3067 934.
1572 3037 1591 3057 2
1608 3036 1644 3058 n.
