2034 3433
207 716 243 737 10

204 1036 240 1067 15

203 1365 241 1386 20

201 1691 238 1723 25

270 138 348 178 154
734 141 983 179 LETTERS
1023 140 1092 178 or
1130 139 1396 179 ERASMUS
1738 139 1864 194 [1517

265 242 486 282 sarcinulis
512 244 769 294 occupatior;
798 245 984 281 attamen
1011 243 1199 282 Praesuli
1225 245 1367 282 nostro
1387 246 1428 282 et
1448 244 1639 283 libellum
1662 247 1703 284 et
1722 245 1868 285 literas

265 309 360 346 tuas
379 309 549 347 ostendi.
610 309 767 346 Literas
788 308 838 345 ad
859 309 900 345 te
925 307 1057 357 ipsius
1080 308 1261 347 nomine.
1284 310 1330 347 vt
1353 308 1540 357 iusserat,
1563 310 1720 359 scripsi.
1777 310 1866 361 Ego

264 372 560 422 pusillanimus
587 386 670 411 non
694 372 896 410 audebam
925 371 1002 410 tibi
1028 373 1217 421 scribere,
1250 373 1358 423 quod
1383 373 1605 424 indignum
1634 387 1701 412 me
1731 375 1866 414 existi·

264 450 423 475 marem
456 438 527 487 qui
557 439 673 475 tanto
702 438 791 475 viro
822 437 1053 476 scriberem.
1129 437 1239 476 Noui
1269 439 1576 477 humanitatem
1605 441 1733 487 tuam,
1765 441 1865 478 noui

263 502 428 540 facilem
448 503 498 540 ad
520 504 561 540 te
581 502 754 540 aditum.
807 501 964 540 Verum
983 504 1030 540 tu
1051 515 1135 540 non
1155 503 1266 541 nosti
1286 503 1491 542 deiectum
1512 504 1702 543 animum
1723 517 1865 544 meum

263 570 305 605 et
325 567 615 606 meticulosum
643 567 812 617 genium
840 567 884 605 in
911 567 1141 606 scribendis
1161 568 1305 607 literis.
1365 569 1510 608 Habeo
1529 570 1657 608 huius
1677 570 1736 608 rei
1754 583 1865 610 vera-

263 632 477 670 cissimum
497 635 657 680 testem,
683 632 1027 671 candidissimum
1047 633 1272 672 Selandum
1293 635 1526 673 Borsalum.

315 697 439 735 Liber
471 698 762 746 Querimoniae
792 698 912 736 Pacis
940 699 1167 749 perplacuit
1201 713 1287 738 non
1321 700 1458 738 solum
1497 700 1866 740 Reuerendissimo

261 762 332 800 sed
363 765 404 800 et
434 776 457 801 a
486 763 670 802 consiliis
698 763 801 802 viris
828 763 958 802 doctis
984 767 1025 803 et
1049 765 1246 816 Philippo
1273 766 1434 805 Montio
1458 766 1714 816 procuratori
1733 766 1863 813 aulae,

262 827 332 877 qui
366 841 509 866 omnes
536 842 586 866 ex
615 829 757 867 animo
786 829 865 867 tibi
894 830 1047 869 fauent.
1106 831 1299 881 Praelegi
1327 831 1693 870 Reuerendissimo
1723 831 1865 870 literas

261 906 363 942 quas
396 894 611 943 scripsisti.
669 895 767 944 Egit
801 895 966 946 gratias,
1001 898 1042 934 et
1076 897 1170 935 risit
1202 897 1311 947 quod
1344 897 1394 936 de
1427 897 1604 947 gliribus
1635 898 1677 934 et
1708 897 1865 936 cuculis

260 958 469 997 addidisti.
532 959 721 1010 Praelegi
740 963 951 1010 praeterea
974 962 1118 1000 literas
1138 975 1239 1012 quas
1259 962 1366 1001 mihi
1391 962 1547 1001 misisti
1567 977 1576 1010 3
1607 962 1865 1012 miraturque

261 1024 310 1062 de
340 1025 564 1064 sacerdotio
599 1025 765 1064 Erasmi
799 1026 1093 1073 iurisconsulti,
1125 1041 1248 1078 quem
1282 1028 1326 1066 in
1359 1028 1579 1078 Hispaniis
1612 1041 1700 1067 esse
1733 1030 1864 1077 putat.

261 1088 486 1128 Polliceare
524 1091 613 1139 tibi,
649 1091 884 1130 doctissime
923 1092 1107 1141 Erasme,
1144 1094 1194 1132 de
1234 1094 1432 1144 Philippo
1470 1094 1667 1132 Praesule
1706 1095 1860 1141 nostro,

259 1155 394 1193 amico
429 1158 512 1205 tuo,
536 1157 732 1207 quicquid
763 1158 813 1196 de
842 1159 1094 1197 amicissimo
1123 1160 1311 1210 principe
1338 1160 1526 1210 polliceri
1555 1158 1723 1210 poteris.
1781 1159 1864 1198 Vix

260 1220 348 1258 dies
380 1222 573 1271 praeterit
603 1223 691 1262 sine
726 1225 940 1263 mentione
969 1225 1059 1264 tui:
1099 1225 1305 1275 habetque
1336 1226 1381 1264 in
1413 1226 1555 1264 animo
1590 1228 1630 1264 te
1660 1238 1864 1264 accersere

259 1286 310 1324 ad
339 1286 572 1336 proximam
601 1290 958 1340 quadragesimam
988 1304 1084 1329 cum
1113 1290 1375 1341 hyrundines
1408 1291 1624 1339 redierint,
1659 1293 1700 1329 et
1729 1296 1864 1330 osten-

260 1351 356 1389 dere
388 1353 512 1391 rebus
542 1357 746 1404 quantum
775 1359 815 1394 te
840 1356 948 1395 colat
972 1356 1278 1407 eruditionique
1302 1358 1396 1395 tuae
1422 1357 1571 1396 faueat.
1632 1357 1799 1395 Interea
1822 1359 1862 1395 et

258 1420 306 1455 tu
327 1418 481 1457 scribes
506 1419 727 1470 aliquando
753 1422 1125 1471 Rmoerendissimo,
1150 1425 1191 1461 et
1211 1436 1284 1473 ego
1308 1436 1392 1461 non
1415 1423 1551 1462 sinam
1577 1424 1623 1461 vt
1648 1424 1767 1461 tanta
1791 1424 1863 1460 tua

260 1496 354 1533 erga
373 1483 613 1524 Praesulem
635 1489 828 1526 nostrum
848 1488 994 1527 merita
1013 1491 1085 1528 aut
1105 1488 1356 1527 intercidant
1375 1491 1445 1527 aut
1465 1489 1688 1526 intereant.
1739 1487 1778 1525 N
1779 1488 1862 1525 euii

260 1550 480 1588 candorem
511 1564 630 1602 saepe
661 1554 822 1603 saepius
854 1556 1046 1603 expertus
1080 1568 1189 1593 sum.
1248 1554 1342 1593 Tibi
1373 1555 1558 1605 gratulor
1588 1554 1698 1604 quod
1730 1553 1857 1592 talem

259 1616 405 1654 nactus
425 1616 482 1654 sis
502 1616 708 1667 hospitem
729 1619 914 1670 talesque
934 1620 1200 1659 conuictores.

313 1681 426 1719 Bene
445 1682 546 1731 vale,
569 1683 751 1734 profesto
772 1685 836 1722 die
857 1685 906 1724 D.
931 1685 1101 1724 Nicolai.
1160 1687 1239 1724 AN.
1262 1697 1459 1724 M.D.xvn.

599 1808 733 1863 728⁷58
795 1808 925 1849 FRoM
958 1808 1123 1849 PHILIP
1155 1820 1210 1850 or
1244 1809 1517 1851 BURGUNDY.

305 1895 520 1931 Auctarium
542 1910 578 1943 p.
597 1909 677 1943 219.
1507 1899 1749 1935 Vollenhove.

306 1952 344 1989 F.
364 1966 398 1999 p.
423 1964 507 1998 171:
534 1955 628 1991 HN:
658 1957 772 1992 Lond.
790 1957 842 1991 iii.
862 1968 927 2001 47:
953 1958 1026 1992 LB.
1047 1959 1126 1993 282.
1416 1997 1422 2003 ‚
1443 1960 1465 1993 6
1482 1957 1690 1994 December
1712 1965 1810 2002 1517.

302 2046 540 2077 PHILIPPVS
571 2049 632 2078 DE
664 2050 929 2080 BVRGVNDIA
959 2051 1037 2080 DEI
1068 2051 1124 2080 ET
1153 2050 1455 2081 APOSTOLICAE
1488 2050 1615 2080 SEDIS
1646 2049 1813 2080 GRATIA

519 2117 756 2148 EPISCOPVS
787 2119 1032 2150 ECCLESIAE
1063 2120 1384 2151 TRAIECTENSIS
1416 2119 1595 2150 ERASMO

835 2188 1141 2219 ROTERODAMO
1172 2189 1205 2220 S.
1235 2190 1277 2219 D.

310 2260 566 2300 Doc'rISSIME
584 2264 707 2312 atque
724 2263 843 2302 nobis
859 2264 1127 2303 dilectissime
1144 2264 1327 2312 Erasme,
1345 2264 1484 2302 literas
1502 2265 1595 2302 tuas
1610 2262 1852 2313 recepimus,

257 2338 360 2374 quae
395 2326 513 2365 nobis
542 2327 651 2366 inter
678 2331 741 2367 tot
769 2342 896 2377 curas,
929 2330 1079 2380 quibus
1107 2343 1191 2368 non
1221 2343 1368 2379 parum
1397 2343 1627 2379 grauamur,
1660 2342 1854 2378 magnam

256 2391 434 2430 attulere
465 2393 737 2443 voluptatem.
799 2395 918 2433 Pacis
952 2395 1220 2444 Querimonia
1253 2408 1338 2434 non
1371 2396 1508 2434 solum
1542 2395 1664 2433 nobis
1702 2394 1853 2444 quibus

256 2457 507 2496 nominatim
529 2458 714 2497 dedicata
732 2462 804 2507 est,
827 2461 897 2498 sed
914 2461 1110 2499 omnibus
1128 2474 1225 2499 vere
1245 2461 1503 2509 Christianis,
1521 2473 1684 2499 summe
1704 2459 1848 2509 placet.

219 2531 235 2562 5
256 2521 460 2561 Nolumus
475 2524 750 2563 eruditionem
766 2528 882 2563 tuam
900 2525 958 2564 ita
978 2526 1104 2564 latere
1119 2528 1163 2564 vt
1183 2526 1307 2574 glires
1325 2527 1366 2564 et
1386 2525 1522 2564 cuculi
1536 2526 1668 2563 latent
1684 2540 1692 2564 :
1722 2525 1854 2575 magis

300 2614 372 2644 727.
399 2624 430 2653 9.
457 2615 652 2646 Selandum
668 2619 719 2647 D:
742 2617 914 2647 Ioannem
933 2619 974 2648 H.
1159 2627 1207 2648 10.
1236 2616 1548 2648 Reuerendissimo
1564 2620 1612 2647 D:
1635 2618 1792 2657 praesuli
1809 2620 1851 2650 H.

258 2666 306 2687 12.
331 2657 640 2690 Reuerendissimo
663 2663 710 2692 D:
743 2660 905 2700 episcopo
927 2663 970 2693 H,
1134 2671 1185 2692 21.
1218 2661 1529 2691 Reuerendissimo
1553 2663 1600 2692 D:
1632 2661 1689 2691 illi
1712 2663 1756 2701 H,
1783 2666 1853 2692 ante

255 2701 394 2732 scribes.
531 2712 582 2742 25.
610 2713 766 2734 M.D.xvn
783 2708 828 2735 F:
852 2714 1046 2736 1).M.D.xvn
1061 2707 1099 2734 D.
1236 2705 1311 2735 728.
1337 2713 1400 2735 T1T.
1427 2714 1471 2735 DE
1488 2707 1535 2735 D:
1560 2715 1583 2735 A
1599 2707 1640 2736 Η.

300 2779 371 2810 727.
383 2789 413 2818 3.
428 2780 567 2820 literas]
579 2782 861 2822 accompanying
871 2782 933 2821 Ep.
944 2783 1019 2812 682.
1135 2790 1184 2820 15.
1210 2782 1248 2812 in
1266 2781 1469 2822 Hispaniis]
1487 2782 1538 2813 Cf.
1558 2783 1620 2822 Ep.
1640 2792 1714 2822 714.
1736 2792 1774 2822 15
1791 2793 1826 2814 n.

298 2833 328 2860 4.
354 2823 507 2865 Literas]
525 2824 574 2855 Cf.
594 2825 656 2865 Ep.
675 2834 748 2864 714.
772 2835 799 2856 1.
1126 2825 1200 2856 728.
1218 2834 1247 2864 5.
1265 2825 1375 2865 glires
1391 2828 1426 2856 et
1439 2826 1572 2866 cuculi]
1591 2827 1761 2857 Erasmus
1777 2827 1850 2857 had

297 2875 328 2904 9.
355 2866 558 2908 Borsalum]
576 2868 639 2898 See
657 2869 719 2908 Ep.
739 2879 799 2907 291
819 2869 952 2901 introd.
1087 2869 1272 2909 evidently
1288 2869 1374 2900 used
1396 2870 1496 2900 these
1519 2869 1850 2909 sels-depreciatory

302 2918 351 2940 11.
376 2910 528 2952 Montio]
546 2911 596 2942 Cf.
615 2912 701 2952 Epp.
722 2921 796 2952 759,
814 2913 887 2944 811.
1086 2912 1202 2943 words
1231 2913 1290 2952 (cf.
1324 2914 1412 2953 Epp.
1447 2923 1522 2952 727.
1556 2922 1606 2953 13,
1641 2914 1713 2953 758.
1745 2915 1782 2954 6)
1811 2914 1847 2944 in

302 2962 351 2982 12.
378 2953 516 2995 literas]
534 2957 817 2995 accompanying
835 2957 898 2996 Ep.
918 2965 992 2995 714.
1084 2955 1268 2996 declining
1291 2966 1393 2988 anew
1416 2957 1569 2997 Philip's
1592 2958 1790 2988 invitation
1814 2959 1849 2988 to

301 3005 348 3034 14.
374 2996 516 3038 literas]
534 2998 597 3037 Ep.
619 3008 693 3037 714.
1084 2999 1141 3030 his
1157 2999 1355 3031 household
1373 3000 1430 3041 (cf.
1448 3011 1479 3041 p.
1502 3001 1568 3040 14).
