2034 3433
59 194 168 253 *9‘61]
513 201 582 239 TO
622 200 881 240 LORENZO
921 200 1215 242 OAMPEGIO
1578 203 1657 240 575

68 306 177 355 apud
206 307 407 356 quosdam
437 305 702 356 descriptum,
725 306 797 344 sed
825 306 952 345 variis
982 305 1128 345 titulis.
1191 306 1368 355 Quidam
1397 305 1659 344 testabantur

69 371 247 421 Hispani
276 371 504 421 cuiuspiam
532 384 630 417 esse,
659 371 729 409 sed
759 384 978 421 suppresso
1008 371 1202 419 nomine;
1235 384 1378 410 rursus
1406 370 1479 409 alii
1508 372 1658 410 Fausto
1677 381 1719 411 40

68 438 211 485 poetae
230 436 480 485 tribuebant,
497 436 569 475 alii
588 435 849 486 Hieronymo
869 436 1011 476 Balbo.
1054 437 1142 486 Ego
1161 436 1259 487 quid
1280 436 1329 474 de
1349 436 1414 474 his
1430 436 1658 475 coniectem

68 514 153 540 non
171 502 314 541 habeo.
376 502 656 541 Subodoratus
675 514 770 540 sum
789 502 921 552 quoad
936 501 1068 549 licuit,
1085 514 1232 540 verum
1254 501 1443 540 nondum
1463 501 1660 551 peruesti-

67 568 163 618 gaui
195 568 303 618 quod
334 568 474 606 animo
503 581 596 606 meo
625 567 776 606 faceret
804 566 916 605 satis.
976 566 1170 616 Desipuit
1199 567 1387 617 quisquis
1417 567 1592 617 scripsit,
1617 569 1660 605 at

67 634 223 672 maiore
243 633 447 683 supplicio
477 633 627 682 dignus
645 632 831 682 quisquis
855 631 1076 682 euulgauit.
1137 633 1200 670 Ac
1226 632 1354 670 miror
1373 645 1461 671 esse
1480 633 1551 682 qui
1570 631 1659 671 solo

68 698 157 737 stili
175 700 418 748 argumento
438 698 545 736 mihi
564 696 780 736 obtrudere
799 699 954 747 parent,
977 710 1072 735 cum
1091 710 1166 735 nec
1191 710 1284 735 mea
1309 697 1364 735 sit
1383 697 1555 747 phrasis,
1578 697 1660 736 nisi
1676 707 1716 739 45

67 776 235 813 prorsus
253 763 342 813 ipse
362 763 468 801 mihi
489 776 582 801 sum
602 763 796 812 ignotus;
825 775 900 800 nec
926 762 1083 800 mirum
1103 762 1158 800 sit
1179 764 1367 800 futurum
1388 763 1514 800 etiam
1533 763 1568 800 si
1588 762 1659 813 qui

66 829 113 867 in
143 829 330 868 oratione
358 828 554 867 nonnihil
583 828 784 866 referrent
813 828 1083 877 Erasmicum,
1107 840 1202 866 cum
1222 840 1361 866 verser
1389 827 1435 865 in
1464 828 1660 866 manibus

69 894 267 942 omnium,
292 896 333 932 et
351 894 570 932 referimus
589 893 672 932 fere
692 893 736 931 in
757 906 934 943 quorum
954 893 1118 932 assidua
1138 892 1314 931 lectione
1329 906 1554 931 versamur.

121 959 265 1010 Neque
288 961 438 999 desunt
457 960 523 998 hic
550 959 621 1010 qui
640 959 828 998 iactitent
848 962 965 998 tuam
986 973 1148 1009 quoque
1176 959 1448 997 reuerendam
1477 959 1659 998 domina-

66 1026 224 1065 tionem
243 1025 542 1075 propemodum
562 1025 607 1062 in
627 1038 717 1063 eam
732 1025 1009 1074 suspicionem
1027 1025 1246 1064 adductam
1265 1038 1365 1064 esse.
1415 1025 1532 1074 Quod
1553 1025 1659 1064 mihi
1680 1034 1720 1065 50

67 1092 176 1130 certe
208 1103 423 1141 nunquam
451 1090 776 1140 persuadebitur,
795 1092 924 1129 donec
952 1103 1193 1140 persuasum
1222 1091 1302 1129 erit
1327 1104 1411 1129 non
1435 1103 1521 1129 esse
1550 1104 1660 1130 vana

66 1170 169 1207 quae
189 1156 237 1194 de
257 1156 442 1195 doctrina
460 1156 763 1206 prudentiaque
781 1157 869 1195 eius
888 1156 1126 1195 admirabili
1145 1157 1300 1206 passim
1319 1170 1342 1195 a
1362 1157 1538 1195 summis
1555 1157 1659 1196 viris

65 1222 364 1272 praedicantur.
426 1221 568 1271 Neque
588 1221 808 1271 quicquam
833 1221 1034 1260 addubito
1062 1221 1163 1272 quin
1184 1221 1310 1259 etiam
1336 1222 1372 1260 si
1399 1222 1498 1272 quid
1525 1223 1657 1272 suspi-

66 1287 196 1326 cionis
215 1288 448 1336 occupasset
467 1286 656 1325 animum
670 1289 802 1334 tuum,
816 1286 936 1325 facile
955 1287 1036 1325 sim
1052 1300 1310 1333 excussurus,
1326 1288 1361 1325 si
1379 1300 1518 1325 coram
1538 1287 1660 1325 detur

67 1353 244 1403 colloqui
261 1369 270 1402 ;
300 1353 343 1391 id
363 1353 470 1403 quod
485 1352 707 1402 aliquando
724 1352 864 1391 licebit
882 1353 1047 1391 fauente
1064 1352 1239 1391 Christo.
1300 1352 1477 1390 Interim
1495 1353 1658 1391 obsecro
1677 1365 1716 1396 55

66 1419 263 1469 pietatem
284 1420 400 1457 tuam
419 1419 467 1456 vt
491 1418 569 1456 hoc
595 1417 673 1455 sibi
700 1419 950 1468 persuadeat,
972 1418 1198 1456 Erasmum
1226 1417 1469 1456 huiusmodi
1495 1417 1658 1456 libellos

66 1485 117 1523 ab
137 1484 230 1523 aliis
249 1484 501 1533 conscriptos
528 1485 568 1521 et
594 1483 798 1522 aedendos
825 1483 1109 1534 suppressisse,
1134 1485 1300 1522 tantum
1320 1484 1435 1522 abest
1455 1485 1501 1521 vt
1520 1483 1659 1521 huius-

66 1550 179 1588 modi
213 1549 412 1599 quiddam
440 1549 527 1598 ipse
555 1549 623 1587 vel
665 1549 866 1588 aediderit
894 1549 961 1587 vel
990 1549 1204 1587 aediturus
1232 1548 1288 1587 sit
1316 1561 1512 1598 vnquam.
1575 1549 1659 1587 Nec

66 1615 221 1654 mirum
241 1615 277 1653 si
295 1614 420 1653 isthic
441 1616 539 1652 sunt
560 1614 631 1664 qui
651 1614 700 1652 de
720 1627 787 1652 me
806 1614 906 1653 talia
917 1614 1187 1662 mentiantur,
1204 1627 1299 1652 cum
1314 1613 1381 1651 hic
1402 1613 1452 1652 de
1471 1613 1658 1662 proximo

66 1693 151 1720 non
169 1680 322 1731 pudeat
342 1680 543 1730 quosdam
557 1679 862 1729 improbissime
879 1680 928 1717 de
943 1693 1010 1718 me
1026 1680 1210 1718 mentiri.
1249 1679 1453 1718 Omnibus
1468 1679 1657 1717 omnium
1677 1681 1718 1712 60

67 1745 348 1796 sycophantiis
380 1745 626 1795 respondere
659 1759 744 1784 non
781 1758 950 1795 possum
967 1759 976 1793 ;
1005 1745 1081 1784 hoc
1111 1745 1219 1796 quod
1256 1745 1301 1783 in
1339 1758 1406 1783 me
1434 1744 1563 1783 situm
1596 1745 1659 1782 est

65 1810 290 1861 praestabo.
350 1810 395 1849 Si
422 1810 522 1860 quid
541 1810 652 1849 valet
677 1811 755 1849 hoc
781 1810 1011 1860 ingenium,
1034 1811 1069 1849 si
1092 1811 1192 1861 quid
1222 1811 1298 1849 hae
1318 1810 1473 1857 literae,
1497 1810 1534 1848 si
1560 1809 1658 1859 quid

65 1876 280 1925 industria,
305 1875 347 1914 id
381 1878 519 1914 totum
549 1875 713 1915 Christo
746 1878 787 1914 et
820 1875 936 1914 illius
965 1889 1138 1926 sponsae
1157 1876 1300 1915 vsibus
1330 1875 1544 1913 dicabitur.
1605 1874 1657 1911 Id

65 1941 125 1980 ita
142 1954 229 1980 esse
248 1955 297 1979 re·
318 1941 406 1990 ipsa
426 1940 649 1991 comperiet
668 1942 716 1980 D.
734 1940 778 1980 Τ.
797 1941 859 1989 R,
883 1942 918 1979 si
947 1942 1110 1991 quando
1136 1941 1377 1991 dignabitur
1399 1941 1529 1978 facere
1555 1939 1657 1988 peri-

68 2006 219 2045 culum.
1675 2007 1715 2046 65

120 2071 243 2109 Mitto
263 2083 374 2108 nunc
394 2070 550 2108 librum
569 2071 744 2119 nudum,
766 2072 910 2120 vtpote
928 2074 1138 2110 recentem
1157 2071 1292 2110 adhuc
1313 2071 1363 2109 ab
1384 2070 1557 2118 officina,
1582 2082 1656 2107 nec

67 2139 153 2176 erat
172 2135 358 2185 spacium
378 2135 607 2174 adornandi
623 2150 633 2182 ;
663 2138 757 2185 post
777 2136 863 2175 dies
881 2136 1039 2186 aliquot
1059 2136 1249 2175 mittetur
1263 2136 1366 2175 alter
1387 2134 1652 2174 conuestitus.

67 2200 426 2242 Reuerendissimo
452 2200 622 2239 domino
646 2200 856 2240 cardinali
876 2201 1125 2240 Eboracensi
1154 2201 1400 2240 clientulum
1429 2201 1541 2238 hunc
1571 2212 1657 2237 non

67 2265 309 2318 grauabitur
344 2264 544 2304 celsitudo
583 2268 655 2304 tua
693 2267 999 2306 commendare:
1040 2267 1106 2305 cui
1144 2267 1372 2316 scripturus
1410 2278 1531 2313 eram,
1573 2265 1657 2303 nisi

68 2331 239 2371 interim
260 2332 300 2368 et
320 2330 517 2369 volumen
545 2332 585 2369 et
610 2331 827 2380 epistolam
853 2331 961 2370 hanc
986 2334 1178 2382 putarem
1207 2332 1245 2370 ei
1271 2343 1535 2370 communem
1556 2330 1654 2367 fore.
1677 2336 1718 2369 70

66 2399 179 2437 Bene
198 2397 333 2436 valeat
353 2397 402 2434 E.
419 2397 466 2435 R.
481 2396 528 2434 Τ.
543 2398 606 2445 1).,
630 2396 695 2435 cui
717 2411 782 2435 me
801 2399 938 2436 totum
959 2397 1100 2436 dedico
1120 2410 1400 2447 consecroque.

121 2462 306 2510 Louanii,
329 2463 456 2500 Anno
476 2461 698 2500 millesimo
719 2462 1053 2512 quingentesimo
1074 2462 1356 2501 decimonono.
1381 2461 1465 2501 Cal.
1487 2461 1598 2500 Maii.

110 2587 162 2617 43.
188 2577 355 2616 Desipuit
370 2579 399 2606 E
415 2588 422 2607 ε
446 2577 598 2616 Ineptiit
613 2578 656 2608 H.
790 2578 826 2607 at
841 2579 898 2607 H:
922 2576 949 2607 &
964 2578 1002 2607 E.
1158 2586 1209 2616 49.
1237 2576 1472 2607 reuerentiam
1491 2575 1653 2606 domina-

67 2623 204 2652 tionem
220 2623 250 2650 E
267 2631 274 2650 z
298 2619 549 2650 celsitudinem
566 2622 608 2651 H.
741 2629 793 2658 51.
818 2629 891 2650 non
908 2629 981 2651 esse
998 2629 1089 2651 vana
1107 2623 1181 2650 add.
1199 2623 1243 2651 H.
1382 2620 1434 2657 64.
1460 2619 1654 2658 comperiet

69 2665 110 2696 D.
127 2665 164 2695 T.
182 2664 223 2695 R.
241 2665 271 2693 E
287 2675 294 2694 :
318 2663 510 2703 comperies
526 2666 568 2693 H.
687 2663 890 2702 dignaberis
905 2666 947 2695 H.
1102 2664 1155 2694 68.
1181 2663 1491 2693 Reuerendissimo
1509 2662 1654 2693 domino

68 2718 125 2738 om.
143 2710 186 2738 H.
321 2717 371 2745 71.
397 2707 436 2737 E.
455 2707 494 2738 R.
513 2707 549 2738 T.
569 2706 610 2737 D.
629 2709 658 2736 E
674 2719 680 2737 :
705 2707 904 2747 amplitudo
921 2709 983 2738 tua
999 2709 1041 2738 H.
1460 2716 1463 2719 “

112 2839 163 2868 40.
191 2827 362 2868 Hispani]
380 2827 435 2858 cf.
451 2827 513 2867 Ep.
531 2828 605 2866 636.
629 2837 678 2866 14.
940 2838 991 2867 57.
1017 2827 1268 2868 suppressisse]
1287 2828 1340 2859 Cf.
1358 2828 1420 2868 Ep.
1437 2829 1511 2868 636.
1530 2828 1624 2859 26-8.

153 2871 298 2912 Fausto]
315 2871 378 2902 See
394 2871 457 2910 Ep.
476 2872 518 2909 84
534 2871 668 2902 introd.
939 2873 991 2902 66.
1015 2871 1148 2901 librum
1164 2871 1317 2913 nudum]
1340 2872 1414 2902 The
1436 2872 1522 2902 New
1540 2872 1657 2902 Testa-

110 2925 161 2954 41.
188 2914 314 2956 Balbo]
331 2915 395 2946 See
412 2915 477 2955 Ep.
494 2924 546 2954 23.
565 2924 605 2952 47
618 2924 654 2945 n.
895 2916 995 2945 ment
1010 2914 1195 2945 unbound.
