2034 3433
62 177 161 233 614]
461 236 597 290 614631
658 234 789 276 FRoM
820 235 987 276 HENRY
1018 234 1243 277 STROMER.
1590 184 1639 221 31

107 322 293 359 Deventer
309 322 385 358 MS.
404 332 460 368 91,
479 322 505 359 f.
525 333 579 368 52.
1399 323 1535 361 Mainz.

108 379 180 417 LB.
198 381 293 427 App.
316 382 393 427 156.
1328 391 1374 425 24
1390 382 1478 428 July
1500 392 1600 428 1517.

61 470 331 502 DOCTISSIMO
351 470 832 510 ELOQVENTISSIMOQVE
858 474 1037 505 DOMINO
1061 474 1104 505 D.
1126 472 1305 504 ERASMO
1326 472 1643 503 ROTERODAMO.

114 550 153 590 S.
186 551 234 589 D.
271 550 630 595 ELOQVEansmn
664 566 709 591 ac
747 553 982 592 doctissime
1020 552 1187 591 domine
1224 552 1406 598 Erasme,
1443 551 1521 590 etsi
1558 565 1643 590 non

60 617 199 655 deceat
228 629 396 655 coruum
426 616 529 654 olori
562 631 716 666 canere,
748 632 822 668 ego
854 618 1077 657 audaculus
1109 620 1248 656 tamen
1281 617 1374 664 tibi,
1405 617 1495 655 viro
1527 620 1644 656 extra

61 695 229 721 omnem
258 682 416 731 ingenii
453 682 585 721 aleam
617 684 761 733 posito,
796 697 888 723 mea
920 684 1078 722 inculta
1114 686 1156 722 et
1192 680 1423 734 barbar<i>ei
1456 683 1644 733 squalore

58 748 192 787 obsita
211 749 363 798 scripta
382 749 547 788 mittere
567 750 679 796 duxi,
703 752 775 788 tua
795 763 957 799 magna,
980 749 1109 787 immo
1129 748 1298 796 ingenti,
1321 750 1362 786 et
1385 748 1643 788 humanitate

58 815 100 850 et
118 813 349 852 eruditione
368 814 509 852 fretus.
568 814 661 852 Tibi
686 815 867 853 scribens
894 814 1146 863 inelegantes
1171 814 1339 861 litteras,
1363 815 1409 850 vt
1429 813 1644 862 elegantis·
1663 829 1680 861 5

57 878 186 917 simas
216 879 428 928 accipiam,
458 879 560 918 facio
591 893 703 917 more
734 881 1063 929 heredipetarum
1093 879 1339 918 donantium
1369 879 1645 929 locupletibus

60 944 319 994 eapularibus
343 943 512 982 senibus
537 945 794 991 munuscula,
818 948 865 983 vt
889 945 1089 994 accipiant
1116 946 1288 995 grandia
1315 959 1498 984 munera.
1557 945 1644 983 Hu-

59 1009 300 1048 manissime
333 1009 513 1057 Erasme,
550 1009 712 1048 litterae
744 1010 943 1060 Eutychii
975 1010 1024 1048 ad
1059 1023 1208 1049 manus
1244 1010 1498 1060 meas—ipse
1528 1010 1643 1048 enim

57 1074 205 1112 absens
223 1076 566 1112 erat—venerunt
582 1088 591 1121 ;
620 1088 720 1124 quas
734 1074 1103 1113 reuerendissimus
1119 1075 1463 1125 Archiepiscopus
1477 1075 1643 1125 Magun-

58 1139 198 1186 tiacus,
236 1138 427 1176 dominus
459 1151 576 1177 meus
610 1139 966 1187 clementissimus,
1001 1140 1160 1190 aperuit
1194 1143 1234 1178 et
1267 1139 1378 1190 legit.
1449 1140 1643 1189 Sperabat
1664 1155 1703 1176 10

57 1216 224 1253 nanque
253 1203 412 1241 litteras
442 1205 484 1241 et
517 1203 716 1254 Eutychii
744 1206 786 1242 et
818 1218 931 1243 meas
961 1206 1068 1244 circa
1097 1204 1296 1243 Oalendas
1325 1205 1538 1243 Ianuarias
1566 1205 1643 1243 tibi

58 1268 241 1318 scriptas,
263 1267 434 1317 perfidia
452 1268 632 1306 latorum
653 1282 736 1307 non
761 1271 1048 1319 praesentatas,
1071 1270 1133 1307 vti
1158 1269 1316 1317 scribis,
1337 1269 1415 1307 tibi
1436 1270 1642 1316 redditas3

60 1333 210 1383 quibus
254 1334 296 1370 te
339 1332 508 1370 nomine
550 1332 757 1383 Principis
799 1333 1082 1372 conuenimus.
1155 1335 1436 1384 Desyderabat
1479 1348 1642 1384 nanque

57 1397 242 1447 dignatio
279 1411 353 1437 sua
384 1400 432 1436 vt
469 1398 547 1436 tibi
581 1399 863 1437 scriberemus.
932 1400 1130 1438 Dolenter
1163 1399 1345 1438 clemens
1381 1413 1426 1438 ac
1459 1400 1643 1450 optimus

58 1464 254 1514 Princeps
291 1464 447 1513 accepit
484 1463 562 1502 tibi
599 1478 712 1504 meas
752 1464 910 1504 litteras
949 1479 1033 1504 non
1072 1479 1160 1503 esse
1202 1467 1488 1514 praesentatas.
1561 1465 1643 1505 Sua
1665 1482 1700 1513 15

57 1529 259 1568 celsitudo
286 1542 369 1568 non
396 1529 520 1568 modo
549 1529 765 1580 desyderat
792 1531 861 1569 sed
890 1533 932 1569 et
959 1531 1073 1581 petit,
1102 1532 1223 1570 sicuti
1252 1534 1293 1569 et
1321 1534 1415 1570 ante
1444 1531 1521 1570 tibi
1549 1533 1643 1570 scri-

56 1595 221 1646 pserim,
240 1597 287 1634 vt
305 1595 525 1645 aliquando
545 1609 636 1634 eam
656 1598 794 1646 petas;
820 1599 936 1646 optat
954 1597 1067 1635 enim
1087 1599 1203 1635 tuam
1219 1597 1351 1635 indies
1369 1597 1643 1647 praesentiam

57 1663 98 1700 et
121 1660 462 1699 consuetudinem
487 1661 807 1711 amiciciamque,
830 1661 1011 1711 velitque
1036 1661 1213 1700 libenter
1237 1661 1282 1700 in
1306 1663 1348 1700 te
1374 1662 1514 1710 officia,
1539 1675 1641 1711 quae

56 1729 128 1765 tua
146 1725 350 1764 industria
368 1728 409 1764 et
428 1726 629 1775 sapientia
648 1727 840 1772 meretur,
861 1739 936 1776 pro
955 1726 1149 1765 facultate
1174 1739 1248 1765 sua
1274 1727 1466 1771 conferre,
1489 1729 1531 1765 et
1549 1727 1639 1773 tibi,

57 1791 93 1830 si
121 1791 332 1830 commode
359 1805 433 1841 per
458 1791 595 1830 ocium
620 1791 771 1840 liceret,
793 1791 900 1830 hanc
925 1791 1178 1842 prouinciam
1203 1791 1429 1840 iniungere,
1458 1795 1506 1831 vt
1533 1794 1641 1842 prin-
1663 1809 1700 1830 20

57 1856 195 1906 cipum
223 1859 460 1895 sanctorum
489 1858 603 1906 gesta
631 1857 849 1895 mandares
876 1857 1037 1895 litteris.
1094 1857 1203 1895 Sunt
1231 1857 1342 1894 vitae
1369 1870 1514 1895 eorum
1541 1858 1642 1896 adeo

55 1922 218 1961 indocte
237 1924 278 1961 et
296 1922 463 1961 barbare
484 1923 704 1972 descriptae
723 1924 781 1970 vt,
803 1923 839 1961 si
857 1922 1011 1973 aliquid
1031 1923 1158 1961 etiam
1177 1921 1362 1960 veritatis
1388 1923 1642 1971 contineant,

56 2001 169 2026 mera
187 1988 403 2027 mendacia
420 1988 650 2027 videantur.
710 1988 843 2026 Nemo
869 1988 1020 2027 melius
1044 1990 1084 2026 te
1111 1988 1278 2026 homine
1299 1988 1547 2036 doctissimo,
1570 1989 1642 2038 qui

55 2053 223 2102 pelagus
241 2065 378 2091 sacrae
397 2053 633 2102 Scripturae
657 2055 700 2091 et
721 2053 988 2092 historiarum
1014 2053 1274 2100 transcurrit,
1294 2052 1398 2102 legit
1420 2055 1461 2090 et
1481 2053 1637 2103 relegit,

55 2117 134 2156 hoc
152 2118 280 2156 facere
300 2132 418 2168 posse
435 2119 667 2158 arbitratur.
727 2119 843 2167 Quod
864 2119 900 2157 si
922 2118 1142 2169 aliquando
1162 2120 1202 2156 te
1221 2118 1351 2156 facere
1370 2118 1636 2168 contingeret,
1662 2141 1675 2161 2
1682 2142 1699 2172 5

57 2183 170 2222 Deus
189 2184 371 2233 optimus
386 2185 592 2222 maximus
607 2184 752 2222 referet
767 2185 942 2234 gratiam
958 2198 967 2231 3
997 2197 1041 2222 ac
1058 2184 1252 2221 dominus
1266 2196 1384 2221 meus
1398 2183 1637 2233 Episcopus,

57 2248 174 2287 cuius
193 2249 379 2287 studium
400 2251 462 2287 est
481 2251 665 2288 nostram
680 2249 985 2287 sanctissimam
1000 2249 1241 2297 religionem
1255 2261 1415 2297 semper
1433 2248 1637 2297 adiuuare,

57 2327 298 2352 conseruare
330 2327 376 2352 ac
407 2327 563 2364 augere,
596 2314 674 2351 tibi
703 2316 745 2352 et
775 2315 928 2364 gratias
958 2314 1125 2352 habebit
1158 2316 1200 2351 et
1229 2314 1387 2352 referet.
1446 2313 1639 2353 Ceterum

56 2382 151 2418 tuae
179 2378 442 2417 excellentiae
473 2382 569 2429 opto
597 2379 884 2418 inconcussam
911 2380 952 2417 et
977 2379 1106 2417 animi
1133 2380 1172 2416 et
1197 2379 1377 2428 corporis
1405 2379 1636 2427 sanitatem,

55 2446 214 2494 petens,
237 2444 560 2494 quotiescunque
578 2446 671 2482 tuos
696 2443 937 2482 numerabis
963 2443 1223 2494 obsequiosos
1241 2443 1477 2492 familiares,
1498 2457 1551 2482 ne
1576 2445 1639 2483 tui
1659 2453 1699 2483 30

57 2509 274 2548 Stromerii
292 2522 445 2547 nomen
464 2509 584 2548 sileas
605 2505 842 2561 [nostrum]
902 2508 1016 2548 Vale.

110 2574 265 2612 Datum
291 2573 425 2612 obiter
448 2573 685 2625 Maguntini
706 2573 1047 2623 vicesimaquarta
1071 2572 1173 2611 Iulii
1190 2573 1317 2611 Anno
1340 2575 1433 2623 post
1458 2573 1639 2612 natalem

57 2638 216 2677 Christi
239 2648 353 2687 1517.

231 2703 361 2742 Totus
378 2705 476 2742 tuus
495 2701 720 2742 Heinricus
739 2703 923 2742 Stromer
941 2702 1212 2752 Aurbachius,
1234 2702 1464 2741 medicinae
1481 2702 1635 2742 doctor.

144 2813 196 2844 23,
215 2814 244 2843 4.
272 2803 384 2835 Nemo
401 2827 410 2836 .
425 2826 435 2836 .
453 2827 462 2835 .
478 2804 704 2844 transcurrit,
723 2803 782 2834 διο.
799 2805 869 2834 MS.
886 2813 895 2834 ι
917 2803 934 2834 ⁴?
951 2802 1144 2833 Neminem
1160 2825 1170 2835 .
1186 2825 1198 2836 .
1215 2825 1225 2835 .
1245 2803 1473 2843 transcurris,
1492 2803 1550 2835 διο.

102 2900 133 2929 3.
160 2889 289 2930 aleam]
306 2889 358 2921 Cf.
371 2890 464 2921 Plin.
478 2893 518 2921 N.
533 2892 574 2921 H.
591 2889 699 2930 praef.
715 2900 744 2929 7.
882 2889 1028 2921 Nichols
1044 2890 1211 2929 suggests,
1225 2890 1288 2929 Ep.
1303 2898 1367 2928 550
1383 2900 1390 2928 ;
1407 2889 1462 2920 for
1477 2889 1557 2920 that
1573 2889 1638 2920 has

103 2934 133 2965 8.
159 2933 349 2973 Eutychii]
404 2934 580 2973 Probably
629 2933 783 2964 Huttich
805 2944 813 2972 ;
883 2943 930 2964 no
955 2935 1049 2964 trace
1075 2933 1112 2964 of
1130 2933 1192 2964 the
1215 2934 1365 2965 citation
1383 2933 1420 2963 in
1438 2933 1462 2964 1.
1484 2943 1523 2963 12
1541 2933 1635 2964 here.

58 2986 116 3007 see
140 2977 202 3015 Ep.
230 2986 294 3015 550
316 2976 445 3007 introd.
490 2976 564 3007 The
587 2977 694 3008 letter
715 2987 813 3007 men-
927 2986 981 3007 21.
1005 2979 1209 3008 sanctorum
1259 2976 1371 3017 gesta]
1410 2976 1537 3007 Albert
1585 2987 1638 3007 re-

58 3020 180 3052 tioned
217 3020 302 3051 here
333 3029 400 3051 can
429 3019 560 3061 hardly
586 3021 640 3060 be,
674 3030 712 3051 as
746 3020 813 3053 Mr.
883 3022 984 3060 peats
1000 3020 1075 3051 this
1089 3023 1232 3061 request
1249 3021 1289 3051 in
1306 3019 1368 3060 Ep.
1384 3021 1461 3051 661.
1478 3029 1569 3061 30‚1.
