2034 3433
179 150 279 204 971]
576 152 728 191 FROM
770 151 955 191 PETER
992 152 1370 192 MOSELLANUS
1688 154 1770 193 469

181 269 376 295 mus—ea
395 259 534 294 tamen
560 268 585 294 a
608 268 676 294 me
701 256 873 295 homine
899 257 1108 295 Germano
1126 259 1199 295 aut
1219 257 1292 306 (sic
1312 257 1505 297 Treuiros
1525 259 1768 308 agnoscunt)

181 318 412 358 semiGallo
440 318 549 357 tradi
578 331 662 357 non
691 331 836 369 posse:
870 319 1215 369 quandoquidem,
1240 320 1449 370 inquiunt,
1471 320 1507 359 si
1527 321 1626 371 quid
1652 320 1697 360 in
1722 333 1770 360 ea

183 384 327 434 lingua
358 397 454 434 prae
488 385 612 435 vulgo
645 397 794 434 posses,
823 384 1066 434 iampridem
1101 398 1195 424 cum
1231 385 1414 434 Erasmo,
1443 385 1570 424 huius
1599 387 1659 435 (vt
1687 385 1767 437 ipsi

180 450 379 499 iudicant)
398 450 764 502 πολυπραγμοσύνης
788 450 896 499 apud
923 450 1154 488 Germanos
1179 452 1358 500 parente,
1380 450 1515 501 aliqua
1538 451 1617 489 tibi
1642 451 1768 490 inter-

180 516 340 554 cederet
361 515 630 563 familiaritas,
652 517 699 554 vt
725 514 952 553 minimum
976 516 1121 553 mutuo
1147 515 1362 554 literarum
1385 516 1517 555 officio
1543 518 1762 557 contracta.
1786 529 1824 561 25

178 580 336 619 Deinde
355 580 390 619 si
410 580 502 630 quis
522 581 692 618 omnino
711 583 754 618 et
773 582 938 630 tempus
957 582 998 618 et
1019 581 1213 628 sumptus
1228 581 1444 630 prodigere
1458 581 1575 629 velit,
1591 583 1766 622 Graecae

179 646 415 685 literaturae
446 646 724 695 cognitionem
756 645 807 684 ab
838 646 957 684 Italis
986 658 1031 684 ac
1064 645 1231 684 Graecis
1263 647 1500 695 petendam.
1556 647 1623 686 Sic
1652 649 1765 687 enim

177 711 368 750 homines
386 711 522 761 arguti
543 712 738 761 κρώζοντες
759 711 1019 749 iuuentutem
1045 711 1096 750 ab
1119 711 1336 749 audiendis
1356 711 1521 751 Graecis
1540 712 1765 752 absterrere

175 777 417 815 moliuntur.
476 776 602 824 Quasi
627 790 722 815 vero
756 776 957 815 Erasmus
982 776 1092 814 solos
1111 776 1311 822 Budaeos,
1333 777 1536 825 Lascares‚
1559 777 1760 827 Musuros,

176 842 366 890 Bembos,
403 841 664 889 Leonicenos,
699 841 943 888 Aleandros‚
979 841 1241 888 Reuchlinos,
1276 841 1563 880 Birchemeros
1595 846 1763 883 mutuae
1783 854 1824 886 30

175 907 379 946 amicitiae
408 907 563 945 honore
593 906 807 955 dignetur:
840 919 885 944 ac
912 919 996 944 non
1022 906 1161 953 etiam,
1184 919 1263 955 qua
1288 919 1333 944 es
1357 907 1527 945 amabili
1552 908 1763 957 facilitate,

175 972 404 1010 multorum
424 971 658 1020 vulgarium
678 970 880 1020 improbis
906 970 1253 1010 solicitationibus
1272 985 1346 1021 pro
1366 974 1550 1022 tempore
1570 974 1763 1012 nonnihil

172 1037 369 1075 concedas
383 1036 495 1086 (quid
512 1036 625 1074 enim
646 1036 799 1074 faceres
817 1035 929 1074 aliud
942 1036 976 1085 5³)
993 1050 1002 1083 ;
1031 1038 1121 1074 tum
1139 1049 1224 1074 non
1239 1038 1280 1075 et
1299 1037 1444 1075 multis
1463 1040 1631 1077 tuarum
1651 1039 1763 1078 lucu-

174 1102 409 1141 brationum
438 1101 538 1139 locis
566 1101 680 1140 aliud
711 1114 847 1150 agens,
880 1113 983 1151 quae
1010 1103 1083 1139 tua
1112 1102 1168 1139 sit
1202 1102 1252 1140 de
1282 1101 1402 1141 Italis
1430 1105 1762 1154 praeceptoribus

170 1167 385 1215 sententia,
409 1166 603 1215 prudenti
622 1166 766 1204 lectori
786 1165 885 1205 satis
904 1166 1072 1215 aperias.
1780 1182 1819 1214 35

224 1233 366 1282 Neque
389 1245 486 1271 vero
513 1233 667 1270 multos
695 1233 794 1271 adeo
823 1232 941 1270 nobis
965 1232 1185 1271 abduceret
1210 1232 1308 1271 haec
1333 1233 1550 1282 cauillatio,
1580 1234 1664 1274 nisi
1689 1248 1762 1285 per

171 1300 361 1338 naturam
391 1298 591 1347 μισόπονοι
620 1310 804 1336 essemus
834 1310 1003 1345 omnes;
1043 1299 1084 1335 et
1114 1299 1322 1347 persuasio
1352 1298 1451 1337 haec
1480 1299 1530 1337 de
1558 1299 1760 1339 Italorum

168 1364 412 1411 eruditione,
453 1377 537 1402 non
575 1366 741 1402 tantum
780 1364 1027 1402 Germaniae
1060 1364 1268 1412 pestilens,
1306 1364 1510 1403 niteretur
1542 1368 1583 1403 et
1616 1379 1759 1405 eorum

173 1429 378 1479 suffragiis
405 1442 508 1478 quos
533 1442 606 1478 pro
631 1429 754 1467 sociis
778 1429 919 1467 hostes
946 1429 1194 1478 experimur,
1216 1429 1325 1469 haud
1351 1430 1435 1469 scio
1462 1444 1515 1469 an
1545 1443 1630 1470 non
1657 1431 1760 1481 ipsis

168 1495 314 1534 crassis
334 1494 518 1533 barbaris
537 1494 671 1532 multo
690 1493 862 1544 peiores.
909 1494 970 1533 Hi
989 1497 1088 1533 sunt
1107 1495 1178 1545 qui
1196 1495 1330 1534 tribus
1349 1498 1577 1545 quatuorue
1597 1496 1759 1535 Latinis
1776 1508 1819 1540 40

169 1560 317 1611 figuris
334 1559 540 1607 instructi,
565 1559 633 1598 alii
655 1563 805 1609 poetas,
829 1562 1011 1598 oratores
1030 1559 1100 1598 alii
1121 1573 1208 1613 sese
1230 1562 1452 1609 ostentant,
1475 1562 1516 1599 et
1536 1561 1760 1601 inueniunt

169 1626 359 1665 homines
377 1624 577 1663 fortunati
597 1638 639 1662 se
659 1625 806 1675 dignos
831 1625 1060 1664 auditores:
1089 1625 1197 1674 apud
1219 1638 1321 1675 quos
1342 1626 1588 1665 Graecanica
1607 1627 1753 1675 studia,

164 1691 203 1729 si
223 1690 304 1729 diis
320 1690 465 1740 placet,
490 1690 539 1729 ad
561 1704 648 1728 rem
669 1691 862 1729 Latinam
881 1692 953 1729 aut
979 1690 1086 1728 nihil
1112 1693 1183 1729 aut
1209 1703 1356 1741 parum
1382 1691 1607 1730 admodum
1627 1692 1758 1731 facere

166 1769 316 1806 magna
334 1756 565 1794 temeritate
584 1756 828 1795 declamant.
887 1756 1016 1796 Cuius
1034 1757 1189 1796 farinae
1208 1757 1387 1806 impium
1407 1757 1613 1806 quendam
1633 1758 1757 1797 nebu-

165 1823 302 1860 lonem
324 1820 462 1859 nescio
483 1821 576 1870 quis
595 1822 731 1860 malus
745 1821 901 1871 Aquilo
920 1822 964 1860 in
985 1823 1092 1860 hanc
1107 1821 1293 1860 scholam
1312 1821 1432 1860 nobis
1452 1835 1501 1860 ex
1520 1822 1610 1872 ipsa
1628 1836 1755 1873 vsque
1773 1834 1816 1866 45

167 1886 374 1925 Dalmatia
392 1886 562 1924 inuexit.
620 1887 729 1935 Quid
750 1887 928 1925 multis?
956 1901 1044 1925 rem
1065 1887 1208 1926 feceris
1227 1889 1319 1926 tum
1346 1888 1450 1926 mihi
1475 1887 1755 1937 gratissimam

165 1956 257 1990 tum
277 1953 512 1989 nostrarum
539 1952 755 1990 literarum
782 1951 979 1990 studiosis
1004 1953 1070 1990 hic
1097 1953 1314 2002 agentibus
1342 1952 1698 2000 iucundissimam,
1719 1953 1754 1991 si

166 2017 233 2055 vel
253 2017 348 2055 vnis
366 2015 497 2054 literis
515 2019 637 2055 tuum
657 2018 701 2055 in
723 2030 800 2056 nos
818 2018 1006 2056 animum
1026 2018 1154 2056 fueris
1174 2020 1361 2057 testatus.
1417 2017 1546 2056 Dabis
1565 2017 1642 2055 hoc
1661 2030 1754 2056 meo

164 2083 208 2120 in
230 2084 272 2120 te
289 2081 430 2128 amori,
452 2081 523 2131 qui
543 2082 585 2119 in
605 2082 741 2120 literis
759 2084 832 2120 tuo
857 2082 1011 2120 iudicio
1031 2083 1115 2121 iam
1142 2083 1240 2121 inde
1258 2096 1282 2121 a
1300 2097 1427 2132 puero
1450 2083 1639 2133 religiose
1658 2095 1752 2121 sum

164 2160 289 2195 vsus3
333 2146 449 2184 dabis
487 2146 676 2194 istorum,
709 2148 779 2196 qui
812 2147 934 2185 bonis
967 2147 1162 2186 omnibus
1198 2161 1283 2186 non
1317 2149 1421 2186 bene
1452 2149 1614 2196 volunt,
1647 2162 1753 2187 com·
1771 2160 1812 2192 50

166 2212 400 2251 miserando
428 2211 598 2260 stupori.
660 2212 754 2250 Non
782 2212 872 2261 eris,
902 2212 1058 2261 opinor,
1085 2213 1129 2250 in
1158 2225 1224 2251 me
1255 2213 1390 2251 solum
1419 2215 1482 2251 tui
1512 2214 1726 2253 dissimilis
1742 2229 1751 2262 3

164 2278 234 2328 qui
260 2277 361 2315 alias
387 2275 508 2314 Pauli
529 2275 591 2314 tui
611 2277 798 2326 exemplo
824 2277 963 2315 omnia
984 2277 1072 2315 fieri
1098 2278 1205 2316 soles
1233 2278 1440 2327 omnibus,
1461 2278 1663 2318 nimirum
1690 2283 1748 2329 vt,

161 2345 366 2393 quantum
386 2343 430 2379 in
449 2344 490 2379 te
508 2344 581 2389 est,
602 2342 651 2380 ad
672 2342 824 2380 bonam
844 2345 1028 2380 mentem
1049 2356 1193 2381 omnes
1212 2343 1420 2392 perducas.

217 2408 396 2446 Ioannes
420 2406 585 2455 Eckius‚
608 2408 628 2444 ὃ
654 2411 725 2445 τῶν
751 2408 1052 2458 ἀεροβατούντων
1078 2408 1137 2446 καὶ
1163 2409 1210 2446 τὸ.
1233 2409 1396 2460 μέγιστα
1420 2409 1603 2448 πνεόντων
1630 2412 1748 2460 ἄλφα,

164 2473 224 2510 καὶ
243 2473 287 2521 δὴ
307 2472 367 2510 καὶ
387 2472 512 2520 ὥσπερ
530 2471 837 2521 Ἀριστοφάνειός
862 2489 915 2512 τις
942 2473 1138 2522 Σωκράτης
1164 2474 1237 2511 ἀπὸ
1262 2477 1397 2523 ταρροῦ
1415 2474 1499 2514 τοὺς
1519 2474 1622 2516 θεοὺς
1639 2477 1747 2526 ὑπερ·
1768 2484 1806 2517 55

158 2541 316 2588 φρονῶν,
339 2550 432 2575 cum
458 2538 625 2576 Andrea
653 2537 940 2584 Carolostadio,
962 2537 1329 2588 Vuittenbergensi
1356 2539 1652 2588 archidiacono,
1673 2554 1748 2591 pro

200 2641 254 2679 38.
279 2642 315 2670 et
331 2650 389 2670 om.
408 2642 448 2670 N.
566 2650 618 2678 54.
645 2639 893 2680 ἀεροβατώντων
908 2641 946 2670 Ε.
1065 2649 1118 2678 55.
1145 2639 1182 2679 δὴ
1197 2639 1248 2670 καὶ
1264 2651 1323 2671 om.
1342 2642 1384 2671 N.
1501 2642 1555 2680 56.
1580 2642 1746 2674 Vuitten-

160 2684 319 2724 bergensi
347 2685 478 2720 scripsi:
508 2683 831 2723 Vuittenbergense
859 2686 904 2714 E:
934 2683 1183 2723 Vuitstbergese
1206 2687 1256 2715 F:
1285 2684 1506 2724 Vitebergesi
1528 2687 1579 2717 H:
1610 2686 1748 2718 Vitem-

156 2727 316 2767 bergensi
334 2725 376 2756 N¹
388 2725 400 2743 ³
416 2738 423 2756 ε
448 2725 743 2766 Vuitenbergensi
761 2726 815 2758 N2.

201 2836 254 2865 30.
281 2825 542 2866 Birchemeros]
587 2826 803 2857 Mosellanus
839 2836 918 2857 uses¹
1030 2835 1082 2865 55.
1113 2825 1384 2867 Ἀριστοφάνειος]
1401 2829 1482 2857 Nub.
1501 2828 1612 2867 225,6.

156 2869 231 2900 this
247 2869 338 2899 form
356 2868 395 2899 in
411 2868 478 2908 Ep.
493 2870 568 2907 560.
586 2879 638 2908 32.
1027 2871 1082 2907 56.
1104 2869 1361 2910 Oarolostadio]
1399 2870 1570 2910 Andrew,
1610 2881 1672 2903 son
1709 2873 1747 2903 of

202 2922 255 2952 34.
281 2911 403 2952 Italis]
418 2912 470 2943 Cf.
489 2915 529 2943 N.
547 2915 644 2945 Instr.
664 2914 700 2946 ii.
718 2922 792 2953 317,
811 2923 886 2953 555.
987 2912 1122 2943 Rudolf
1131 2914 1169 2944 of
1181 2912 1399 2944 Bodenstein
1412 2913 1450 2944 in
1466 2914 1529 2945 the
1539 2914 1725 2955 Oberpfalz
1735 2927 1744 2956 ;

201 2967 254 2994 44.
278 2955 513 2996 nebulonem]
527 2956 761 2996 Parthenius3
788 2968 820 2997 p.
836 2960 909 2989 621.
986 2957 1073 2987 born
1090 2958 1126 2986 at
1144 2956 1330 2988 Karlstadt
1340 2958 1380 2987 in
1394 2956 1517 2988 Lower
1530 2958 1741 3000 Franconia,

203 3009 253 3038 52.
278 2998 397 3039 Pauli]
418 3008 430 3028 ι
450 2999 525 3030 Cor.
552 3009 582 3038 9.
603 3009 653 3032 22.
984 3000 1048 3038 †24
1073 3000 1152 3031 Dec.
1177 3009 1257 3042 1541
1283 3009 1321 3030 as
1341 2999 1432 3032 Prof.
1452 3001 1491 3031 of
1508 3001 1685 3042 Theology
1706 3006 1742 3034 at
