2034 3433
154 162 251 218 992]
1662 165 1741 202 625

541 219 637 259 992.
700 217 829 258 FROM
862 217 1080 258 WILLIAM
1114 216 1348 261 BUDAEUS.

198 318 361 364 Farrago
380 331 416 364 p.
437 320 516 364 363.
1470 317 1585 352 Paris.

198 377 236 411 F.
253 389 288 423 p.
308 386 399 420 207:
427 376 518 412 HN:
546 377 659 412 Lond.
678 377 729 411 iii.
749 378 815 412 66:
842 376 914 411 LB.
933 386 1012 420 441.
1361 386 1406 420 30
1422 376 1522 411 June
1543 374 1694 422 (1519).

215 478 379 520 [Shcrtly
394 477 484 509 after
500 479 561 519 Ep.
577 479 652 518 987.
702 479 870 509 Erasmus
886 478 1021 518 replied
1040 479 1077 508 in
1094 478 1182 517 July
1200 490 1206 508 :
1228 478 1338 509 Lond.
1360 478 1408 509 iii.
1425 479 1477 518 67⁷
1498 479 1568 511 LB.
1585 479 1675 519 494]

414 587 673 618 GvLIELMVS
705 587 912 617 BVDAEVS
946 587 1124 617 ERASMO
1155 587 1375 620 ROTEROD.
1402 590 1433 620 S.

204 680 466 718 SCRIPSERAM
486 679 536 717 ad
558 680 598 717 te
620 692 749 728 nuper
768 692 840 728 per
860 677 1119 716 Ludouicum
1139 679 1300 727 Viuem‚
1322 680 1548 728 hominem,
1572 683 1616 719 vt
1636 681 1742 719 mihi

149 757 199 782 ex
218 744 384 794 gemina
404 744 691 794 congressione
711 743 825 782 visus
854 745 927 788 est,
951 743 1238 781 doctissimum
1265 746 1306 782 et
1330 745 1407 783 tibi
1427 745 1737 784 amicissimum.

149 809 187 847 N
191 816 270 847 unc
307 809 357 847 ad
400 823 465 847 me
500 809 720 847 visendum
754 821 885 858 quum
924 807 1152 846 Glareanus
1186 808 1375 858 venisset,
1405 810 1553 848 comite
1594 811 1742 850 Iacobo

149 873 351 923 Ceratino,
375 876 548 924 vtraque
567 873 710 923 lingua
730 873 848 911 docto
875 874 916 911 et
942 872 1164 922 profitenti,
1184 873 1314 912 facere
1332 888 1416 913 non
1436 876 1549 925 potui
1570 877 1670 926 quin
1690 876 1740 914 ad

149 941 189 977 te
222 939 299 978 hoc
327 939 567 989 epistolium
596 939 750 985 darem,
782 950 880 975 cum
907 937 1078 975 interim
1106 938 1171 976 illi
1199 940 1439 988 praestolari
1469 955 1551 979 non
1582 942 1741 980 nollent
1759 954 1775 984 5

149 1005 263 1043 domi
293 1017 418 1043 meae.
479 1004 655 1053 Peregre
685 1016 812 1052 agens
845 1003 925 1041 duo
953 1015 977 1040 a
1004 1003 1045 1040 te
1074 1003 1264 1052 epistolia
1291 1005 1426 1055 accepi
1459 1007 1602 1044 eodem
1636 1020 1740 1056 pene

148 1069 347 1119 exemplo,
377 1070 486 1107 certe
521 1070 767 1119 argumento
802 1081 886 1106 non
920 1067 1125 1106 dissimili.
1182 1069 1298 1117 Quod
1324 1070 1462 1109 videre
1494 1073 1540 1108 tu
1572 1071 1738 1121 longam

148 1133 266 1172 illam
285 1134 503 1184 epistolam
524 1136 642 1172 tuam
661 1147 709 1171 eo
729 1133 897 1171 demum
926 1134 1095 1171 nomine
1124 1133 1318 1173 detestari
1343 1147 1388 1173 ac
1408 1135 1603 1184 despuere
1624 1136 1738 1186 quasi

149 1198 417 1248 ἀφοὸευτηρίου
437 1198 620 1248 dignam,
637 1198 747 1248 quod
767 1197 845 1236 tibi
865 1211 931 1236 me
953 1197 1166 1236 infensum
1184 1199 1419 1248 reddiderit,
1444 1200 1565 1250 longe
1583 1201 1740 1240 falleris

148 1263 342 1313 opinione
362 1264 407 1301 in
428 1263 503 1302 hac
524 1276 568 1302 re
588 1276 761 1313 quoque,
784 1265 831 1301 vt
853 1262 1026 1301 antehac
1047 1263 1091 1301 in
1111 1263 1204 1302 aliis
1222 1264 1353 1303 falsus
1375 1278 1428 1312 es,
1452 1266 1494 1304 id
1515 1267 1622 1315 quod
1643 1269 1739 1305 ante
1762 1279 1799 1301 10

148 1327 374 1366 discessum
395 1341 535 1366 meum
555 1329 730 1366 testatus
751 1341 859 1375 sum,
879 1327 951 1365 illa
971 1327 1131 1366 scilicet
1157 1329 1332 1379 epistola
1352 1330 1468 1368 cuius
1488 1333 1551 1369 est
1570 1331 1738 1370 initium

153 1393 267 1431 ‘Vidi
281 1393 582 1432 enarrationem
597 1406 723 1443 quam
738 1393 783 1431 in
797 1392 1010 1443 epistolam
1024 1406 1160 1432 meam
1174 1394 1374 1444 scripsisti
1386 1396 1404 1433 '.
1454 1395 1568 1443 Quod
1584 1396 1618 1434 si
1634 1397 1739 1435 mihi

148 1470 199 1496 ne
218 1471 331 1497 nunc
352 1459 521 1508 quidem
542 1458 687 1504 credis,
707 1471 780 1508 per
799 1471 864 1496 me
884 1457 982 1496 licet
1001 1460 1047 1496 vt
1073 1460 1189 1497 tuam
1218 1472 1410 1509 measque
1436 1461 1562 1499 simul
1586 1461 1740 1500 chalco-

146 1522 314 1573 graphis
332 1523 561 1573 permittas,
584 1522 707 1572 idque
727 1523 835 1561 bona
853 1535 945 1561 mea
957 1523 1079 1561 venia
1097 1523 1305 1562 facturum
1324 1526 1366 1562 te
1384 1525 1555 1563 affirmo.
1598 1525 1738 1577 Neque

146 1587 260 1625 enim
293 1588 398 1626 mihi
430 1587 481 1626 ab
514 1587 734 1626 hominum
773 1587 985 1626 doctorum
1019 1588 1322 1628 existimatione
1352 1591 1623 1629 metuendum
1652 1605 1740 1630 esse
1759 1604 1796 1636 15

145 1653 270 1702 puto:
301 1653 410 1702 quod
440 1653 609 1703 quidem
632 1665 679 1691 eo
705 1652 897 1701 pertinet,
921 1654 968 1690 vt
993 1652 1220 1692 inualescat
1244 1654 1316 1693 illa
1340 1656 1448 1704 apud
1475 1669 1585 1694 acres
1607 1657 1739 1696 candi-

147 1716 301 1767 dosque
329 1717 502 1756 lectores
530 1717 682 1767 opinio,
706 1717 742 1755 si
769 1716 870 1755 haec
896 1717 1033 1767 palam
1060 1717 1162 1756 fiant
1186 1719 1456 1768 epistolarum
1482 1724 1735 1771 argumenta,

145 1794 224 1823 nos
256 1795 340 1821 non
379 1782 480 1822 satis
520 1782 629 1821 bona
662 1782 743 1821 fide
771 1781 999 1820 amicitiam
1029 1783 1202 1822 coluisse
1235 1785 1461 1835 stilumque
1494 1786 1735 1825 exercuisse.

147 1845 255 1885 Nam
277 1848 326 1885 vt
351 1846 453 1886 iocis
476 1847 656 1886 libenter
686 1849 780 1885 vtor
809 1847 1002 1895 scribens,
1024 1849 1065 1885 et
1093 1848 1312 1888 immodice
1340 1849 1511 1889 fortasse
1540 1851 1735 1899 scribens,

147 1911 204 1949 sic
235 1910 346 1949 haud
380 1910 562 1950 illibenti
599 1911 750 1959 animo,
775 1913 848 1949 aut
884 1914 992 1949 certe
1029 1925 1113 1950 non
1153 1913 1303 1963 iniquo,
1344 1913 1524 1953 ludicros
1561 1915 1738 1955 taliones
1757 1930 1797 1952 20

146 1975 319 2024 perfero,
336 1976 463 2015 etiam
483 1989 532 2014 ex
553 1975 724 2025 ancipiti
744 1975 906 2025 petitos.
969 1976 1052 2014 Nec
1079 1990 1173 2015 cum
1194 1978 1275 2016 sim
1293 1981 1440 2018 natura
1461 1982 1736 2033 φιλοπαίγμωι·,

146 2041 241 2079 πάιω
274 2057 331 2079 τοι
361 2042 608 2091 παραιτοίμην
638 2040 682 2078 ἂν
715 2041 767 2090 μὴ
796 2042 939 2079 ἀκούειν
958 2043 1249 2092 φιλοσκώμμων.
1308 2044 1423 2092 Quod
1450 2045 1485 2084 Si
1510 2046 1576 2084 Vir
1603 2046 1737 2085 bonus

146 2105 372 2144 existimari
387 2106 527 2154 velim,
546 2106 724 2155 ἑπόμενον
743 2105 860 2155 δήπου
879 2108 1009 2145 τούτου
1030 2108 1133 2146 ἐστὶν
1152 2110 1217 2146 οὐκ
1237 2109 1449 2160 ἀχθομένως
1469 2110 1512 2159 δὴ
1533 2112 1629 2162 ἔχειν
1648 2113 1739 2162 πρὸς

146 2172 190 2208 τὰ
210 2171 443 2223 εὐγνωμόνως
460 2188 500 2209 τε
521 2172 580 2209 καὶ
599 2171 722 2216 δεξιῶς
741 2172 1074 2222 ἀντισκωπτόμενα.

199 2236 330 2286 Atqui
350 2235 478 2273 velim
499 2235 557 2274 ita
576 2235 801 2284 existimes,
817 2249 884 2274 me
903 2237 1188 2277 huiuscemodi
1206 2239 1514 2279 vicissitudines
1529 2241 1736 2280 scribendi
1755 2253 1793 2285 25

144 2300 254 2339 inter
272 2300 464 2339 homines
485 2301 653 2351 quidem
675 2314 813 2340 rerum
841 2302 1037 2341 callentes
1062 2303 1106 2341 in
1133 2304 1339 2343 diuersam
1358 2307 1516 2355 partem
1537 2306 1734 2357 interpre-

146 2366 225 2404 tari
245 2367 370 2415 atque
390 2368 436 2404 tu
458 2365 695 2405 existimare
716 2366 863 2405 solitus
880 2367 947 2405 sis.
992 2367 1097 2407 Nam
1118 2369 1269 2418 quibus
1288 2371 1332 2407 tu
1354 2369 1588 2409 labefactari
1609 2372 1735 2411 fixam

144 2430 372 2471 amicitiam
390 2433 526 2481 putas,
548 2434 618 2471 aut
645 2432 749 2470 alios
768 2445 906 2471 verere
932 2446 984 2471 ne
1013 2434 1071 2472 ita
1095 2434 1279 2484 putaturi
1305 2435 1402 2484 sint,
1424 2435 1475 2474 iis
1501 2449 1575 2486 ego
1594 2437 1736 2476 confir-

146 2495 251 2534 mari
271 2496 330 2534 καὶ
344 2497 464 2547 πάντῃ
483 2497 626 2537 πάντως
645 2499 908 2547 ἐπικυροῦσθαι
930 2511 1085 2537 censeo.
1145 2499 1252 2538 caue
1272 2513 1506 2550 quenquam
1523 2501 1735 2541 existimes

144 2570 168 2595 a
199 2557 335 2597 literis
363 2559 605 2598 alieniorem
634 2572 722 2598 esse
750 2572 873 2609 quam
903 2573 1013 2598 nunc
1035 2573 1140 2599 sum.
1197 2560 1285 2609 Quo
1311 2562 1360 2600 fit
1378 2564 1424 2601 vt
1443 2563 1573 2602 vitam
1598 2578 1732 2603 meam
1751 2577 1790 2609 50

145 2621 318 2661 minoris
351 2622 526 2662 dimidio
558 2623 799 2671 aestimem;
842 2637 916 2663 nec
949 2624 1061 2663 aliud
1094 2626 1189 2676 opto
1220 2638 1345 2675 quam
1363 2628 1410 2665 vt
1440 2627 1490 2666 ad
1515 2627 1730 2678 ingenium

186 2749 217 2778 9.
243 2739 311 2770 tibi
327 2749 384 2770 me
400 2743 434 2770 H
449 2751 457 2771 ε
481 2741 573 2772 mihi
591 2746 626 2773 te
644 2746 679 2773 F
772 2753 823 2774 22.
849 2754 898 2775 τοι
914 2746 942 2774 Ε
959 2755 966 2774 :
989 2744 1025 2774 οὐ
1041 2747 1076 2777 F.
1152 2748 1202 2777 F:
1225 2745 1438 2786 παλαιτοίμην
1453 2750 1491 2778 Ε.
1582 2757 1634 2787 23.
1661 2747 1730 2788 πρὸς

145 2782 186 2813 τὰ
201 2785 252 2813 H:
278 2782 354 2821 πρὸς
369 2782 444 2815 τοὺς
458 2783 498 2814 τὰ
514 2788 552 2817 Ε.

190 2922 218 2945 1.
241 2912 472 2955 Scripseram]
489 2914 552 2953 Ep.
569 2915 645 2954 987.
1012 2917 1042 2949 8.
1068 2917 1269 2958 epistolam]
1287 2918 1352 2958 Ep.
1369 2920 1445 2958 906.

186 2966 216 2993 4.
243 2955 424 2997 Ceratino]
442 2958 505 2988 See
522 2958 583 2997 Ep.
603 2959 677 2989 622.
694 2968 732 2998 31
748 2969 782 2990 n.
1016 2969 1063 2990 11.
1089 2960 1253 3001 epistola]
1271 2962 1335 3000 Ep.
1350 2971 1425 3001 915.

185 3000 216 3029 6.
242 2999 422 3041 epistolia]
438 3000 525 3041 Epp.
543 3011 618 3041 930,
637 3011 711 3041 954.
1010 3004 1062 3035 28.
1088 3004 1303 3045 amicitiam]
1320 3005 1371 3038 Cf.
1389 3006 1451 3046 Ep.
1465 3015 1538 3046 954.
1555 3017 1585 3038 2.

207 3065 314 3084 anum
332 3064 375 3086 111
907 3070 928 3095 5
946 3071 966 3096 S
