2034 3433
161 147 257 201 778]
616 149 686 188 ΤΟ
723 148 988 188 WILLIAM
1026 148 1298 188 BUDAEUS
1669 151 1749 188 225

158 253 373 292 mentariis
411 253 640 302 infulserat,
682 254 803 303 atque
840 265 923 291 vno
961 266 1027 292 me
1068 254 1212 302 ignaro
1249 266 1322 302 per
1362 253 1504 292 orbem
1544 255 1749 291 terrarum

156 320 369 367 sparserat,
393 318 508 369 (Age,
531 331 619 356 rem
646 331 814 357 omnem
839 318 901 356 tui
930 318 1035 357 facio
1061 318 1231 364 arbitrii,
1254 331 1431 369 agnosco
1458 319 1591 368 legem
1615 318 1749 356 amici—

157 383 242 422 ciae
254 397 263 431 ;
283 383 385 422 citra
393 397 558 422 omnem
571 383 856 434 exceptionem
870 396 1018 434 sequar
1030 385 1149 422 tuum
1157 384 1224 422 vel
1236 384 1750 433 consiliumveliudicium)

157 447 256 498 quid
287 461 429 488 censes
461 449 737 487 faciundum?
792 449 863 487 An
897 448 974 486 hoc
1009 448 1200 487 suadebis
1233 450 1375 498 amico,
1407 450 1454 488 vt
1482 462 1557 498 pro
1594 449 1749 488 honore

158 513 263 552 mihi
281 513 424 553 habito
443 513 596 563 gratias
616 526 735 564 agam
760 512 926 552 Fabro‘?
953 526 1005 552 an
1034 513 1172 563 potius
1199 515 1246 552 vt
1269 514 1530 553 dissimulem
1555 527 1621 552 me
1648 515 1749 553 scire
1772 529 1828 560 135

157 579 255 629 quid
286 579 355 618 ille
383 579 593 629 scripserit
605 579 751 618 ‘?—sed
780 579 872 628 quis
900 579 1005 617 istuc
1035 579 1267 618 crediturus
1293 582 1367 627 est,
1398 579 1516 618 libris
1544 593 1749 629 nusquam

158 657 241 683 non
275 644 534 695 diuulgatis‘?
581 645 674 694 quis
703 645 840 683 credet
867 658 999 683 vnum
1027 657 1094 682 me
1123 645 1280 683 nescire
1308 645 1415 695 quod
1444 645 1494 683 ad
1523 658 1591 683 me
1619 658 1749 683 vnum

158 709 347 759 pertinet,
373 723 469 749 cum
497 710 538 749 id
568 723 691 748 nemo
721 710 876 749 nesciat
891 712 1020 749 ⁸?——an
1048 711 1187 760 potius
1214 712 1260 748 vt
1287 723 1377 748 rem
1405 710 1569 748 silentio
1598 712 1746 759 tegam,

158 775 234 814 hoc
272 777 335 814 est
364 777 409 815 vt
445 789 529 814 non
562 775 667 825 apud
699 789 831 814 vnum
862 775 1041 814 iudicem
1080 776 1149 814 sed
1183 776 1289 826 apud
1328 775 1571 814 vniuersum
1608 776 1748 814 orbem

157 840 304 889 capitis
323 841 542 879 accersitus
569 841 675 879 nihil
701 841 932 879 aduersario
952 841 1219 891 respondeam
1240 842 1282 878 et
1301 842 1431 879 totam
1450 841 1744 879 accusationem
1772 856 1830 887 140

158 907 410 955 agnoscam?

213 971 292 1009 Sed
320 984 466 1021 parum
489 974 551 1010 est
577 971 812 1019 candidum,
834 971 986 1020 inquis,
1010 984 1103 1009 cum
1127 971 1258 1009 amico
1278 971 1535 1016 contendere.
1594 972 1750 1010 Verum

158 1036 321 1075 obsecro
342 1038 393 1084 te,
411 1036 634 1075 candidum
655 1037 717 1074 est
736 1036 794 1075 sic
814 1036 994 1074 amicum
1007 1037 1298 1075 immerentem
1318 1036 1548 1086 impetere?
1576 1037 1750 1075 Amicus

157 1104 219 1141 est
252 1102 394 1151 Faber,
426 1102 497 1141 sed
532 1101 604 1152 qui
636 1102 694 1140 sic
728 1101 898 1140 incessit
930 1101 1088 1140 amicus
1124 1114 1212 1139 esse
1245 1101 1375 1139 desiit.
1445 1101 1623 1139 Etiamsi
1654 1114 1749 1140 vere

158 1168 298 1218 lapsus
328 1180 475 1215 essem,
509 1169 595 1206 erat
633 1167 709 1205 hoc
739 1180 864 1217 purae
900 1166 1106 1206 amicitiae
1143 1168 1277 1216 tegere
1313 1166 1512 1216 probrum
1549 1167 1671 1205 amici
1708 1169 1750 1205 et
1772 1180 1828 1211 145

159 1232 332 1282 priuatis
362 1232 495 1271 literis
530 1233 763 1271 admonere.
835 1232 917 1271 Nec
955 1233 1043 1283 ipse
1075 1246 1259 1283 vnquam
1298 1232 1348 1270 ab
1378 1232 1450 1270 illo
1488 1232 1749 1271 dissensurus

158 1312 274 1337 eram
296 1298 341 1336 in
366 1299 486 1337 Nouo
509 1299 787 1346 Testamento,
812 1298 894 1337 nisi
916 1298 1161 1337 iudicassem
1186 1299 1253 1336 hic
1276 1298 1436 1336 nullam
1460 1298 1573 1336 illius
1596 1299 1749 1348 gloriae

158 1363 295 1403 labem
315 1376 526 1414 aspersum
547 1364 608 1402 iri.
669 1363 842 1402 Etiamsi
861 1364 949 1414 ipse
965 1377 1039 1402 nec
1058 1364 1168 1403 lesus
1187 1378 1232 1402 ac
1252 1365 1501 1414 prouocatus
1521 1363 1749 1402 amiciciam

158 1429 336 1477 violaui;
375 1442 450 1467 nec
473 1442 668 1479 vnquam,
697 1431 899 1479 quantum
923 1430 1002 1468 erit
1024 1429 1069 1468 in
1093 1443 1170 1470 me.
1198 1429 1425 1468 violaturus
1448 1442 1551 1468 sum.
1608 1429 1749 1467 Vitam

158 1494 363 1533 amicitiae
382 1494 619 1545 impendere
639 1494 752 1533 laudi
772 1495 892 1533 datur
908 1509 918 1543 ;
948 1497 989 1534 at
1009 1496 1052 1533 in
1073 1495 1285 1534 Christum
1301 1494 1442 1533 haberi
1461 1494 1749 1545 blasphemum
1772 1505 1832 1539 150

158 1560 205 1598 in
234 1560 358 1599 amici
395 1559 570 1609 gratiam
600 1574 684 1598 non
718 1560 853 1599 solum
892 1562 1095 1599 extremae
1133 1560 1364 1599 dementiae
1395 1560 1449 1598 sit
1477 1559 1750 1598 verumetiam

159 1638 346 1664 summae
376 1625 612 1675 impietatis.
672 1625 801 1676 Finge
831 1628 991 1675 patrem
1021 1627 1092 1665 aut
1122 1626 1291 1664 fratrem
1325 1638 1411 1664 esse
1442 1625 1632 1674 Fabrum,
1665 1638 1749 1662 non

162 1690 299 1729 solum
329 1691 536 1738 amicum;
567 1703 619 1728 ne
650 1691 758 1740 patri
789 1691 958 1740 quidem
990 1694 1060 1730 aut
1089 1692 1220 1740 fratri,
1247 1691 1402 1740 opinor,
1430 1692 1596 1729 tantum
1626 1690 1751 1729 tribu-

161 1756 316 1794 endum
340 1768 429 1794 esse
453 1756 637 1794 censebis
659 1758 705 1795 vt
729 1756 773 1794 in
796 1756 911 1795 illius
933 1757 1109 1806 gratiam
1139 1756 1294 1796 Christi
1322 1755 1581 1794 aduersarius
1609 1756 1750 1794 haberi

159 1821 296 1860 velim.
354 1821 447 1859 Imo
477 1821 514 1859 si
543 1820 669 1859 simul
708 1824 748 1859 et
785 1821 1002 1860 cardinalis
1040 1824 1080 1860 et
1118 1822 1244 1860 frater
1282 1821 1385 1859 mihi
1422 1821 1568 1859 fuisset
1606 1821 1745 1869 Faber,
1772 1833 1828 1865 155

162 1886 336 1925 arbitror
366 1886 487 1925 officii
517 1887 601 1924 mei
630 1887 756 1925 fuisse
786 1887 1038 1925 calumniam
1065 1900 1149 1926 non
1172 1887 1384 1925 ferendam
1407 1886 1612 1936 repellere,
1640 1899 1750 1935 prae-

159 1951 304 1990 sertim
329 1952 463 1990 modis
485 1951 679 1990 omnibus
702 1952 908 1990 innoxius.
967 1953 1022 1991 Et
1046 1955 1184 1992 tamen
1207 1953 1266 1990 ita
1288 1951 1441 2001 repello
1464 1953 1510 1990 vt
1529 1951 1599 1989 ille
1617 1951 1751 1989 victus

160 2019 325 2055 tantum
343 2017 600 2056 inhumanus
620 2017 686 2065 sit,
709 2018 889 2068 impium
908 2032 993 2057 non
1016 2019 1163 2058 faciam
1181 2033 1189 2066 3
1218 2019 1321 2057 illud
1344 2017 1475 2069 quoad
1496 2018 1591 2056 licet
1610 2030 1744 2067 agenS,

162 2083 308 2132 nequis
327 2083 375 2121 de
396 2083 631 2122 aduersario
655 2097 746 2122 meo
765 2084 881 2134 peius
900 2085 1061 2124 sentiat.

214 2149 306 2187 Iam
336 2148 445 2198 quod
476 2148 621 2187 scribis
651 2149 850 2189 hactenus
880 2151 998 2190 nobis
1028 2165 1102 2201 pro
1133 2153 1304 2191 veritate
1339 2152 1619 2202 depugnatum
1649 2164 1745 2199 esse,
1770 2151 1830 2184 160

162 2227 249 2253 rem
277 2214 321 2251 in
349 2215 561 2263 posterum
591 2214 710 2252 facile
738 2214 824 2264 tegi
852 2228 992 2265 posse:
1024 2220 1179 2265 neuter,
1203 2218 1262 2256 mi
1285 2218 1461 2264 Budaee,
1486 2231 1558 2266 pro
1578 2217 1748 2255 veritate

160 2279 423 2329 depugnauit,
451 2291 546 2316 cum
577 2278 647 2317 ille
676 2292 743 2317 me
770 2280 912 2319 fecerit
940 2281 1231 2330 aduersarium,
1255 2283 1326 2321 vbi
1355 2282 1540 2320 steterim
1568 2282 1619 2320 ab
1647 2282 1746 2331 ipso.

162 2344 247 2384 Nec
273 2357 346 2394 ego
365 2344 410 2382 in
430 2343 634 2394 Apologia
653 2344 751 2394 quid
776 2345 953 2384 sentiam
976 2348 1298 2397 aperio—neque
1319 2348 1431 2386 enim
1454 2348 1539 2386 erat
1558 2360 1722 2386 necesse
1738 2361 1747 2394 ;

163 2411 328 2449 tantum
344 2408 459 2447 illius
479 2409 523 2447 in
542 2422 610 2447 me
630 2410 784 2449 directa
798 2409 881 2449 tela
896 2411 1089 2461 propello.
1150 2412 1292 2462 Neque
1304 2425 1396 2462 spes
1408 2414 1470 2451 est
1490 2425 1577 2450 rem
1590 2413 1747 2450 tectum

162 2475 213 2514 iri
235 2487 364 2525 posse,
390 2487 485 2512 cum
512 2474 626 2513 illius
654 2475 868 2514 volumina
890 2476 972 2514 iam
1000 2490 1072 2526 per
1100 2476 1336 2527 Hispanias,
1367 2477 1533 2525 Gallias,
1566 2476 1742 2525 Italiam,
1767 2479 1826 2522 165

162 2539 428 2579 Germaniam
458 2552 503 2578 ac
531 2540 795 2579 Britanniam
823 2542 976 2592 passim
1007 2542 1287 2589 obambulent,
1308 2544 1352 2581 vt
1382 2542 1465 2581 iam
1496 2555 1570 2580 nec
1600 2542 1664 2580 illi
1692 2542 1747 2581 sit

161 2605 368 2655 integrum
381 2617 566 2654 premere
585 2607 691 2655 quod
712 2606 892 2656 scripsit,
905 2620 1036 2657 neque
1056 2607 1160 2646 mihi
1175 2607 1432 2647 dissimulare
1451 2607 1746 2646 defensionem.

210 2733 279 2763 131.
304 2722 356 2754 (1²2
381 2723 573 2755 infulcerat
590 2724 659 2758 «2¹13.
819 2736 889 2765 137.
914 2727 1034 2757 credet
1049 2739 1068 2756 α
1080 2730 1149 2758 LB:
1177 2727 1290 2758 credit
1306 2730 1402 2758 Lond.
1553 2737 1626 2766 140.
1649 2729 1684 2758 et
1701 2740 1720 2758 α
1738 2739 1746 2759 t

163 2769 201 2798 vt
218 2770 256 2797 D.
391 2776 464 2805 144.
488 2768 639 2799 Etiamsi
661 2792 667 2798 .
686 2792 693 2799 .
710 2792 718 2800 .
741 2770 812 2808 148.
830 2770 874 2800 iri
891 2773 964 2802 add.
982 2773 1019 2801 D.
1156 2780 1226 2810 149.
1253 2780 1317 2802 nec
1333 2781 1490 2810 vnquam
1508 2795 1514 2800 .
1534 2795 1540 2801 .
1559 2795 1566 2802 .
1590 2780 1660 2809 152.
1678 2772 1745 2802 im-

164 2810 311 2851 pietatis
333 2813 408 2840 add.
426 2813 463 2842 D.
642 2821 712 2852 152.
741 2815 802 2843 aut
825 2813 973 2844 fratrem
997 2816 1070 2845 <16ch.
1087 2817 1125 2844 D.
1304 2824 1373 2853 153.
1401 2815 1463 2844 aut
1486 2814 1589 2844 fratri
1615 2818 1690 2847 add.
1706 2818 1743 2846 D.

166 2863 237 2893 155.
267 2853 377 2884 velim
401 2864 438 2884 a:
471 2855 667 2886 sustineam
692 2859 728 2886 D.
888 2859 959 2896 156.
990 2857 1199 2896 praesertim
1225 2881 1231 2888 .
1255 2881 1262 2888 .
1290 2881 1297 2887 .
1324 2867 1395 2897 157.
1421 2858 1589 2888 innoxius
1613 2861 1687 2890 add.
1706 2862 1742 2889 D.

164 2899 234 2936 163.
261 2897 333 2928 Nec
348 2897 413 2930 aB:
439 2919 447 2936 ‚
465 2906 530 2928 nec
545 2900 587 2930 H.
677 2899 795 2938 aperio
811 2900 854 2934 αβ
869 2910 876 2930 :
902 2901 1058 2940 aperiam
1075 2902 1116 2930 H.

205 3016 277 3045 142.
304 3005 443 3047 inquis]
462 3007 531 3039 Not
547 3007 586 3038 in
603 3007 664 3048 Ep.
685 3017 758 3047 744.
1038 3010 1108 3040 160.
1136 3008 1278 3050 scribis]
1298 3009 1360 3051 Ep.
1381 3020 1452 3049 744.
1473 3011 1524 3051 78,
1543 3021 1571 3050 9.

225 3072 331 3091 ALLEN
348 3072 390 3093 111
940 3077 964 3110 Q
