2034 3433
70 234 169 290 983]
1567 242 1646 281 609

587 291 685 332 983.
743 289 808 332 To
836 290 961 333 JOHN
991 291 1130 334 LANG.

72 378 75 381 ’
117 379 242 416 Gotha
258 380 335 416 MS.
355 380 472 416 chart.
492 379 538 415 A.
558 390 639 426 399,
657 379 682 414 f.
702 391 770 416 222
787 384 837 416 v0.
1353 381 1527 420 Louvain.

118 437 303 474 Horawitz
319 437 357 474 ii.
378 448 408 474 1.
1279 451 1324 485 30
1341 440 1428 487 May
1448 440 1602 489 (1519).

117 517 240 559 [From
256 518 319 549 the
335 527 430 549 same
453 527 573 548 source
597 526 634 547 as
659 516 721 557 Ep.
737 517 813 556 872,
832 517 903 548 and
919 518 1059 558 plainly
1074 520 1347 561 contemporary
1361 522 1453 553 with
1470 522 1534 553 the
1549 521 1652 553 other

75 561 197 593 letters
213 561 251 592 of
263 561 338 592 this
355 561 435 592 date
451 562 532 592 sent
547 562 584 591 to
600 560 722 591 Erfurt
738 561 785 600 by
797 560 905 592 Jonas
920 561 991 593 and
1006 561 1183 603 Schalbe.]

164 650 436 682 REVERENDO
465 649 600 680 PATRI
630 649 790 680 IOANNI
822 649 980 689 LANGO,
1009 650 1197 682 VICARIO
1226 651 1566 694 AVGVSTINENSI,

313 718 491 749 DOMINO
520 718 577 749 Ac
608 716 774 748 FRATRI
806 718 1074 749 SINCERITER
1102 719 1411 755 OBSERVANDO.

127 801 379 839 REVERENDE
406 801 533 849 pater,
565 798 671 838 illud
700 798 825 837 etiam
853 800 975 849 atque
1003 799 1129 838 etiam
1157 802 1262 850 peto,
1294 815 1345 840 ne
1374 815 1512 842 meum
1540 804 1585 842 in
1613 806 1654 843 te

72 864 262 904 animum
279 864 471 903 aestimes
490 863 622 902 officio
641 863 855 903 literarum
872 878 881 902 :
909 866 971 903 tot
989 864 1171 915 vndique
1194 865 1326 905 literis
1351 868 1500 908 obruor
1519 871 1565 908 vt
1583 869 1655 908 vix

72 929 128 975 sit
148 929 284 969 ocium
303 929 447 980 legere.
508 928 706 968 Maiorem
725 929 770 967 in
796 928 967 967 modum
996 929 1140 968 deamo
1165 932 1286 970 tuum
1310 932 1438 972 istum
1467 934 1654 973 animum

73 1007 167 1034 vere
196 994 482 1034 Christianum
503 996 545 1032 et
571 993 829 1033 Christianae
856 993 1021 1043 pietatis
1046 997 1301 1036 assertorem.
1361 998 1488 1048 Spero
1502 1000 1588 1038 fore
1609 1002 1654 1039 v‘t

74 1059 264 1099 Christus
291 1058 443 1109 aspiret
470 1058 744 1097 sanctissimis
773 1058 857 1097 tuis
889 1058 1030 1110 tuique
1055 1059 1258 1100 similium
1284 1063 1513 1102 conatibus.
1573 1064 1653 1102 Hic
1673 1077 1691 1108 5

74 1125 272 1163 hactenus
301 1124 405 1163 mire
433 1123 625 1163 saeuiunt
653 1123 852 1173 Papistae,
885 1137 996 1163 nunc
1023 1125 1190 1164 demum
1216 1127 1266 1165 ad
1294 1126 1543 1167 laedendum
1566 1143 1655 1168 con-

75 1189 232 1237 cordes;
249 1189 319 1228 sed
331 1190 430 1228 sunt
442 1188 653 1239 aliquanto
664 1188 861 1237 mitiores,
869 1202 1069 1240 speroque
1080 1190 1267 1230 futurum
1273 1194 1319 1230 vt
1330 1192 1425 1232 illos
1435 1193 1656 1243 aliquando

76 1267 173 1294 suae
183 1254 334 1305 pudeat
348 1254 544 1293 insaniae.
588 1253 745 1303 Optimi
757 1253 907 1304 quique
918 1257 1060 1293 amant
1071 1255 1306 1295 libertatem
1319 1257 1496 1297 Lutheri
1511 1274 1520 1307 ;
1541 1259 1655 1298 cuius

76 1319 295 1370 prudentia
324 1332 408 1358 non
432 1319 578 1358 dubito
601 1318 703 1368 quin
729 1321 896 1357 cantura
920 1319 976 1358 sit
999 1332 1050 1357 ne
1074 1333 1138 1359 res
1161 1324 1278 1360 exeat
1305 1321 1350 1360 in
1370 1323 1592 1362 factionem
1611 1336 1656 1362 ac

77 1384 308 1424 dissidium.
353 1384 566 1434 Siquidem
585 1383 668 1422 huc
686 1384 824 1433 potius
841 1384 1114 1424 annitendum
1133 1386 1317 1434 arbitror,
1338 1390 1385 1426 vt
1406 1388 1657 1427 instillemus
1679 1400 1717 1422 10

77 1448 291 1489 Christum
318 1448 538 1487 hominum
565 1449 774 1487 mentibus
803 1462 928 1499 quam
956 1451 1003 1488 vt
1031 1463 1126 1489 cum
1153 1452 1381 1501 personatis
1409 1452 1657 1492 Christianis

78 1513 374 1564 digladiemur3
402 1527 426 1552 a
456 1513 607 1563 quibus
636 1526 851 1564 nunquam
884 1514 1081 1553 referetur
1110 1516 1239 1565 gloria
1274 1517 1340 1555 vel
1373 1518 1542 1557 victoria
1575 1518 1658 1557 nisi

77 1579 240 1619 sublata
252 1579 461 1617 Romanae
473 1579 582 1617 sedis
594 1579 813 1629 tyrannide
825 1581 865 1617 et
878 1579 1003 1618 huius
1015 1580 1278 1630 satellitibus,
1288 1581 1653 1631 Praedicatoribus,

78 1643 312 1684 Carmelitis
331 1646 371 1682 et
390 1643 598 1682 Minoritis
616 1657 625 1681 :
653 1644 702 1682 de
720 1643 920 1693 improbis
939 1644 1151 1684 dumtaxat
1171 1645 1324 1696 loquor.
1369 1647 1420 1686 Id
1435 1661 1519 1687 non
1537 1648 1658 1687 video

77 1709 149 1760 qui
176 1708 329 1759 absque
354 1709 472 1758 graui
498 1708 682 1747 tumultu
707 1709 858 1747 tentari
882 1711 1012 1759 queat.
1059 1710 1174 1749 Bene
1201 1711 1303 1760 vale,
1334 1714 1450 1763 pater
1479 1714 1658 1764 optime;
1680 1722 1718 1755 15

78 1774 196 1814 cuius
213 1774 467 1820 humanitati
485 1787 572 1813 non
590 1786 684 1812 sum
704 1773 867 1813 nescius
886 1777 1089 1825 quantum
1109 1776 1291 1816 debeam.

132 1839 319 1879 Louanii.
343 1852 376 1888 3.
400 1838 563 1878 Calend.
586 1838 741 1878 Iunias.

1160 1895 1273 1935 Eras.
1295 1896 1604 1936 Roterodamus.

456 2022 606 2065 ⁹⁷⁶984.
666 2023 798 2063 FROM
828 2021 1019 2064 ANTONY
1049 2023 1283 2066 PAPINIUS.

129 2097 291 2142 Farrago
309 2108 345 2142 p.
365 2106 443 2140 371.
1342 2098 1561 2135 Gembloux.

129 2155 167 2191 F.
184 2166 221 2200 p.
238 2155 329 2198 460:
354 2153 444 2189 HN:
470 2153 585 2189 Lond.
603 2153 651 2189 xi.
673 2164 736 2200 19:
762 2153 833 2189 LB.
850 2164 930 2198 440.
1293 2167 1338 2202 30
1354 2157 1442 2202 May
1462 2156 1614 2205 (1519).

254 2249 478 2281 ANTONIVS
506 2250 729 2292 PAPINIVS,
757 2250 900 2280 ABBAS
929 2251 1278 2295 GEMBLACENSIS,
1308 2253 1486 2284 ERASMO
1533 2280 1537 2283 .

656 2318 959 2349 ROTERODAMO
987 2319 1023 2352 S.
1052 2319 1095 2351 D.

137 2401 309 2440 Emmn
341 2399 487 2438 multis
514 2399 649 2439 modis
676 2400 862 2448 amande,
892 2413 1091 2450 perquam
1118 2400 1266 2440 lubens
1298 2402 1422 2441 mitto
1450 2402 1666 2441 volumina

83 2465 290 2517 cypriani,
311 2477 578 2515 quaecunque
602 2464 831 2514 reperimus
849 2464 894 2503 in
919 2466 1061 2503 nostra
1088 2465 1361 2513 bibliotheca3
1391 2469 1478 2506 toto
1504 2469 1664 2517 pectore

83 2531 229 2571 fauens
243 2532 283 2568 et
297 2529 448 2580 gloriae
462 2529 713 2568 sanctissimi
726 2529 805 2567 viri
821 2531 862 2567 et
876 2529 961 2568 tuis
975 2529 1208 2579 irrequietis
1221 2531 1371 2569 studiis
1382 2544 1427 2570 ac
1441 2531 1661 2579 laboribus,

85 2608 189 2646 quos
207 2594 402 2633 eruendis
425 2596 466 2632 et
492 2594 738 2643 castigandis
763 2594 887 2633 sacris
912 2594 1031 2633 libris
1056 2594 1273 2644 impendis.
1334 2596 1524 2635 Christus
1546 2598 1663 2634 tuam

85 2658 334 2699 industriam
353 2672 568 2708 nunquam
587 2659 686 2697 satis
700 2659 909 2698 laudatam
925 2659 1030 2698 bene
1048 2659 1230 2698 fortunet
1248 2673 1294 2699 ac
1313 2661 1536 2709 prouehat:
1565 2674 1662 2699 nam
1683 2675 1701 2707 5

85 2727 132 2763 vt
150 2724 223 2762 isti
242 2723 314 2773 qui
335 2723 493 2762 codices
521 2724 728 2762 excudunt
752 2724 851 2763 adeo
876 2726 1086 2774 corruptos
1107 2727 1153 2763 vt
1178 2738 1253 2763 nec
1277 2726 1455 2776 intelligi
1484 2739 1558 2764 nec
1583 2725 1664 2775 legi

86 2788 255 2839 possint,
290 2788 520 2826 multorum
553 2788 715 2827 animos
746 2789 929 2828 alienant
959 2802 983 2828 a
1014 2790 1286 2829 sanctissimis
1318 2791 1478 2838 studiis,
1513 2792 1571 2829 ita
1602 2789 1664 2829 tui

86 2853 244 2892 labores
263 2852 494 2903 complures
518 2853 837 2892 inflammabunt
863 2854 914 2893 ad
941 2854 1163 2893 eorundem
1187 2854 1415 2894 lectionem.
1472 2855 1660 2902 Proinde,

88 2917 324 2957 doctissime
349 2917 481 2964 Pater,
502 2919 538 2956 si
560 2931 640 2968 qua
665 2921 764 2957 sunt
789 2919 896 2969 apud
925 2932 1000 2958 nos
1028 2921 1101 2958 tuo
1122 2919 1320 2958 laudabili
1342 2920 1547 2970 proposito
1573 2933 1664 2959 con-

88 2982 291 3031 ducibilia,
320 2984 460 3021 nostra.
482 2983 620 3022 omnia
646 2986 718 3022 tua
746 2985 880 3022 sunto.
938 2983 1062 3032 Quin,
1090 2984 1127 3022 si
1154 2984 1276 3033 voles,
1308 2985 1501 3025 vniuersa
1527 2987 1666 3024 nostra
1688 3000 1726 3022 10

580 3080 653 3112 983.
682 3090 731 3112 10.
756 3080 827 3112 huc
842 3083 951 3118 scripsi
969 3092 976 3111 :
1000 3080 1087 3112 huic
1101 3083 1168 3113 MS.

152 3147 258 3167 Amana
277 3147 317 3166 111
843 3149 870 3174 R
889 3149 910 3174 r
