2034 3433
166 155 264 210 778]
617 157 686 196 To
723 156 989 196 WILLIAM
1027 157 1298 197 BUDAEus
1668 160 1748 197 227

161 274 345 312 vnquam
384 262 420 301 is
458 262 571 301 locus
612 261 732 300 aliter
768 261 899 301 lectus
936 265 1007 301 aut
1044 263 1222 313 scriptus
1259 264 1321 301 est
1358 265 1579 314 antequam
1619 263 1750 302 Faber

162 327 336 376 aperiret
364 327 441 366 hoc
468 327 728 376 mysterium,
759 327 999 378 doceretque
1029 341 1077 365 ex
1107 327 1331 377 Apollonio
1360 329 1628 378 grammatico
1656 331 1750 379 μετὰ

161 395 255 442 τρεῖς
285 394 423 443 ἡμέρας
452 393 683 443 significare
715 394 759 431 in
788 394 935 433 triduo:
964 394 1081 443 quasi
1109 407 1205 432 vero
1235 393 1425 446 ἀναλόγως
1452 393 1628 432 habeant
1657 396 1750 444 μετὰ

161 460 285 510 χεῖρας
305 460 346 498 et
363 461 457 509 μετὰ
475 460 570 509 τρεῖς
587 459 735 509 ἡμέρας.
795 459 910 507 Quod
932 459 967 497 si
990 459 1167 497 maxime
1186 473 1274 498 rem
1294 459 1571 498 indubitatam
1590 460 1751 510 primus

162 525 420 575 repperisset,
452 526 539 563 erat
569 524 646 562 hoc
679 524 747 562 vel
777 524 1035 563 Christianae
1068 525 1291 564 modestiae
1322 524 1390 564 vel
1428 525 1558 575 ipsius
1594 525 1750 576 ingenii

163 591 326 630 ciuilius
372 591 603 629 admonere.
673 590 915 640 Quanquam
962 589 1066 628 illud
1115 590 1283 628 interim
1329 590 1498 638 mirum,
1537 591 1750 630 hominem

162 656 371 706 impendio
395 655 679 706 grammaticis
707 655 930 703 infensum,
953 655 1025 705 qui
1053 668 1148 693 cum
1177 656 1299 693 modo
1322 656 1555 705 suggillarit
1577 656 1751 705 Bedam,

163 721 272 771 quod
293 722 451 760 nodum
470 720 697 771 questionis
715 733 787 770 per
806 719 1115 769 grammaticam
1136 720 1296 758 soluere
1314 721 1498 769 tentarit,
1523 721 1593 771 qui
1613 734 1751 771 synec-

163 786 320 825 dochen
368 786 594 832 induxerit,
644 785 731 834 ipse
779 787 939 823 tantam
989 784 1271 823 difficultatem
1320 786 1446 824 Vnius
1492 787 1750 836 grammatici

163 852 381 891 autoritate
418 851 595 890 voluerit
636 850 858 899 explicare:
905 862 1008 899 quae
1052 849 1133 888 nisi
1175 851 1451 899 succurrisset,
1491 853 1603 890 totus
1641 852 1750 891 orbis

163 916 422 956 Christianus
441 916 641 954 aduersus
667 927 831 953 omnem
857 914 1076 952 veritatem
1095 917 1136 952 et
1156 917 1318 953 caneret
1337 920 1376 953 et
1397 916 1560 965 legeret.
1621 918 1750 968 Atqui

163 982 262 1032 quid
301 995 404 1032 opus
440 983 527 1020 erat
563 981 640 1019 hac
677 979 898 1029 tragoedia,
937 991 1032 1017 cum
1070 979 1189 1018 vnica
1225 981 1479 1030 synecdoche
1516 994 1579 1020 res
1616 983 1752 1021 omnis

162 1047 343 1097 potuerit
361 1045 555 1097 expediri,
580 1045 615 1084 si
641 1044 924 1094 intelligamus
946 1045 1039 1094 post
1057 1046 1141 1083 tres
1168 1046 1254 1083 dies
1280 1046 1546 1085 resurrexisse
1569 1048 1639 1097 qui
1659 1050 1752 1098 post

163 1113 339 1151 tercium
369 1112 478 1150 diem
506 1113 696 1149 exortum
725 1109 984 1148 surrexerit?
1054 1109 1185 1149 Faber
1212 1111 1325 1149 enim
1354 1112 1606 1162 imaginatur
1635 1114 1751 1152 nullo

163 1180 280 1228 pacto
300 1177 520 1216 consistere
535 1178 581 1215 vt
598 1176 757 1214 dicatur
775 1176 869 1225 post
885 1175 1059 1214 tercium
1079 1176 1190 1214 diem
1211 1177 1438 1216 surrexisse
1455 1178 1526 1228 qui
1544 1179 1671 1218 tercio
1688 1180 1751 1218 die

164 1243 405 1282 surrexerit:
437 1254 674 1292 quanquam
702 1242 743 1278 et
772 1239 866 1278 aliis
889 1240 1118 1279 rationibus
1142 1241 1218 1279 hoc
1244 1244 1401 1291 poterat
1427 1244 1629 1292 extricari,
1652 1258 1751 1295 quas

162 1308 230 1347 hic
249 1321 335 1347 non
355 1307 503 1346 attinet
522 1305 787 1345 recensuisse.

215 1374 372 1413 Verum
391 1373 490 1411 haec
509 1373 560 1411 ad
583 1385 651 1410 me
676 1384 760 1409 non
783 1371 1008 1409 admodum
1031 1372 1255 1421 pertinent,
1276 1374 1316 1411 et
1337 1374 1468 1423 magis
1494 1373 1608 1413 illius
1628 1388 1750 1425 quam

162 1452 253 1478 meo
287 1438 465 1488 periculo
499 1449 771 1476 commoneor.
849 1436 1067 1475 Caeterum
1101 1437 1173 1476 vbi
1211 1437 1459 1477 nominatim
1498 1439 1675 1489 impetor
1711 1444 1752 1479 et

162 1503 418 1543 aduersarius
451 1502 601 1554 gloriae
637 1501 793 1540 Christi
822 1501 986 1549 scribor,
1023 1515 1097 1551 pro
1129 1503 1244 1541 cuius
1277 1502 1407 1553 gloria
1441 1504 1536 1542 licet
1568 1507 1754 1555 peccator

161 1569 359 1620 indignus
383 1570 525 1607 tamen
550 1568 618 1606 vel
641 1567 786 1617 capitis
815 1567 925 1605 adire
948 1567 1171 1606 discrimen
1190 1568 1256 1607 vel
1280 1569 1409 1607 emori
1428 1583 1513 1608 non
1534 1571 1747 1620 refugiam,

162 1647 215 1673 an
244 1647 311 1673 me
339 1634 499 1673 iubebis
529 1633 804 1672 obticescere‘?
859 1632 939 1671 Sed
968 1645 1049 1683 age,
1082 1633 1145 1672 dic
1174 1634 1279 1672 mihi
1307 1648 1380 1684 per
1407 1635 1579 1684 Gratias,
1611 1638 1751 1676 Vtrum

162 1699 549 1750 reprehendendum
579 1700 731 1749 putas?
779 1711 831 1736 an
865 1698 944 1736 hoc
976 1698 1114 1748 ipsum
1146 1700 1253 1749 quod
1284 1713 1351 1738 me
1382 1700 1568 1749 defendo,
1600 1715 1651 1740 an
1690 1703 1753 1741 de-

162 1764 362 1803 fensionis
389 1765 596 1804 modum?
644 1764 688 1803 Si
717 1777 790 1814 pro
817 1767 889 1802 tua
912 1764 1120 1813 aequitate
1150 1777 1234 1803 non
1263 1765 1528 1814 reprehendis
1548 1767 1656 1816 quod
1687 1781 1753 1806 me

163 1830 426 1879 defenderim,
460 1844 511 1869 ne
540 1831 589 1869 de
620 1829 742 1868 modo
773 1830 939 1879 quidem
971 1829 1087 1879 queri
1114 1831 1241 1879 potes,
1271 1844 1365 1869 cum
1395 1831 1453 1869 ita
1480 1845 1547 1870 me
1569 1834 1686 1871 tuear
1707 1836 1753 1871 vt

163 1893 294 1942 quoad
316 1893 412 1931 licet
430 1894 590 1931 faueam
610 1892 736 1931 etiam
755 1891 997 1930 aduersario.
1056 1891 1163 1940 Quid
1187 1894 1249 1930 est
1272 1892 1402 1942 igitur
1421 1894 1528 1942 quod
1549 1907 1615 1932 me
1635 1897 1754 1945 putes

163 1958 476 2007 obiurgandum,
507 1958 590 1996 nisi
621 1957 777 1995 iudicas
799 1956 903 1994 illud
929 1969 1015 1995 esse
1042 1957 1117 1995 fati
1140 1957 1232 2004 mei,
1259 1959 1305 1995 vt
1333 1971 1442 1996 vnus
1469 1959 1656 1997 omnium
1686 1972 1752 1997 me

163 2023 396 2061 vexandum
422 2024 592 2073 impune
615 2036 660 2060 ac
683 2021 1007 2060 conculcandum
1038 2021 1233 2060 omnibus
1258 2023 1484 2071 praebeam,
1511 2025 1558 2062 vt
1584 2024 1752 2073 posthac

164 2087 271 2125 nulli
301 2088 384 2126 sint
414 2088 500 2125 tam
533 2087 674 2137 ignaui
711 2100 830 2125 canes
860 2086 962 2137 quin
990 2087 1132 2125 ausint
1162 2087 1363 2125 oblatrare
1393 2088 1576 2136 Erasmo,
1610 2089 1753 2128 nullus

164 2152 315 2191 asellus
343 2154 431 2190 tam
460 2150 652 2201 stupidus
677 2151 748 2202 qui
771 2153 961 2189 vereatur
989 2151 1198 2199 obrudere,
1230 2152 1373 2191 nullus
1401 2166 1471 2191 sus
1498 2153 1568 2203 qui
1592 2153 1752 2192 dubitet

165 2216 420 2267 obgannire?
488 2217 627 2255 Mures
670 2230 757 2255 sese
799 2216 1019 2255 denticulis
1055 2218 1262 2266 vtcunque
1302 2218 1482 2255 tuentur.
1552 2218 1751 2267 Apiculae

164 2273 272 2321 lesae
302 2281 471 2320 seuiunt
503 2282 653 2320 aculeo.
711 2281 833 2320 Solus
861 2295 934 2331 ego
964 2294 1015 2319 ne
1046 2280 1189 2330 clypeo
1222 2282 1387 2330 quidem
1418 2283 1561 2320 tuendi
1592 2296 1658 2321 me
1687 2283 1751 2322 ius

165 2347 368 2396 obtinebo,
400 2346 643 2396 praesertim
681 2346 726 2384 in
763 2346 932 2396 negocio
970 2346 1102 2384 fidei?
1157 2346 1262 2384 Mihi
1299 2347 1426 2395 crede,
1467 2347 1640 2394 Budaee,
1681 2348 1751 2397 qui

166 2413 372 2451 moderate
394 2412 500 2451 ferre
532 2413 666 2461 potest
691 2411 917 2460 impietatis
939 2410 1105 2458 crimen,
1134 2412 1168 2449 is
1196 2410 1342 2449 leuiter
1369 2412 1462 2461 pius
1490 2413 1564 2451 est.
1624 2412 1751 2452 Vides

166 2491 245 2528 quo
263 2477 431 2526 tonitru,
450 2491 530 2527 quo
549 2477 723 2516 fulmine
745 2477 867 2515 diuus
886 2476 1172 2526 Hieronymus
1190 2476 1461 2514 insurrexerit
1475 2478 1521 2515 in
1536 2478 1749 2516 Ruffinum

166 2543 373 2592 quondam
393 2543 704 2591 amicissimum,
727 2543 891 2581 tantum
912 2542 1018 2591 quod
1045 2541 1095 2579 ab
1115 2555 1160 2579 eo
1183 2554 1254 2591 per
1277 2541 1474 2592 figuratae
1503 2542 1750 2581 laudationis

166 2608 379 2658 stropham
420 2608 620 2646 adductus
663 2610 769 2646 esset
810 2608 855 2645 in
894 2607 1140 2646 nonnullam
1180 2607 1362 2645 inuidiae
1399 2608 1745 2646 communionem.

210 2710 284 2741 206.
307 2709 360 2742 a2:
386 2710 563 2750 Apolonio
578 2709 624 2741 al.
737 2711 810 2741 208.
837 2709 933 2749 Quod
954 2734 960 2739 .
979 2734 986 2741 .
1007 2734 1013 2740 .
1032 2719 1104 2741 210,
1130 2709 1320 2740 admonere
1337 2713 1410 2740 add.
1431 2713 1467 2741 D.
1589 2720 1660 2740 212.
1687 2714 1749 2749 qui

166 2754 228 2787 aB:
253 2754 338 2792 quia
352 2756 395 2783 H.
578 2755 650 2784 218.
676 2755 741 2787 aB:
764 2754 918 2784 surrexit
934 2756 970 2783 E.
1104 2753 1215 2783 Faber
1237 2776 1243 2783 .
1261 2777 1268 2784 .
1288 2775 1297 2784 .
1313 2763 1387 2784 220.
1414 2753 1607 2784 surrexerit
1623 2757 1695 2785 acm.
1715 2754 1750 2784 α2

169 2798 258 2835 ¹(219.
285 2797 362 2830 «ι’-’βε
387 2798 622 2827 resurrexisse
639 2800 678 2828 E.
782 2806 855 2827 220.
880 2796 938 2831 ‹2²ss
956 2808 962 2827 :
985 2797 1140 2827 surrexit
1155 2798 1211 2836 E).
1317 2806 1390 2826 220.
1416 2806 1504 2835 quas
1525 2820 1532 2827 .
1549 2819 1556 2827 .
1576 2821 1582 2826 .
1600 2807 1673 2828 221.
1698 2807 1749 2828 re-

167 2840 346 2870 censuisse
369 2842 441 2871 add.
460 2842 499 2870 D.
679 2850 752 2879 224.
777 2842 936 2880 peccator
961 2840 1130 2878 indignus
1151 2851 1190 2871 a:
1215 2839 1319 2870 homo
1343 2849 1473 2870 nocens
1497 2850 1535 2870 ac
1559 2840 1750 2871 sceleribus

168 2884 311 2923 opertus
327 2885 364 2914 D.
510 2892 584 2922 225.
609 2885 735 2923 capitis
752 2882 850 2914 adire
867 2883 1057 2914 discrimen
1075 2882 1109 2912 α2
1128 2883 1276 2920 (adirem
1294 2885 1336 2922 D)
1351 2894 1357 2913 :
1383 2883 1494 2913 occidi
1510 2882 1555 2914 al.
1693 2884 1748 2914 vel

168 2927 280 2957 emori
296 2929 369 2957 add.
387 2929 427 2957 D.
540 2927 614 2957 226.
640 2936 687 2957 an
705 2951 713 2958 .
733 2951 740 2958 .
759 2951 767 2959 .
787 2928 996 2958 obticescere
1013 2929 1086 2956 aad.
1105 2929 1134 2956 F
1149 2929 1260 2965 Cor-riq.
1279 2937 1286 2956 ε
1310 2936 1366 2957 om.
1383 2928 1416 2960 B.
1463 2926 1531 2957 Sed
1550 2951 1556 2957 .
1575 2949 1583 2957 .
1604 2949 1612 2958 .
1627 2929 1747 2958 vtrum

167 2972 214 3003 D:
237 2970 367 3001 Vtrum
391 2972 426 3000 te
450 2978 557 3008 queso
580 2981 611 3000 α.
774 2979 849 3008 230.
875 2972 937 3004 afi:
961 2971 1063 3009 putet
1085 2972 1124 3001 N.
1292 2980 1366 3008 234.
1392 2970 1493 3000 nulla
1517 2980 1575 3000 sus
1598 2979 1687 3009 quae
1710 2973 1748 3001 D.

167 3022 240 3054 235.
259 3013 452 3052 obgannire
461 3014 520 3047 aB:
545 3013 761 3053 obgrunnire
772 3017 807 3045 F.
841 3017 900 3044 Sed
912 3016 950 3051 cf.
961 3016 1019 3050 Ep.
1032 3023 1103 3052 794.
1121 3022 1172 3052 55.
1256 3013 1447 3044 denticulis
1458 3013 1509 3044 a2:
1532 3013 1692 3045 <lentulis
1702 3014 1747 3044 αἲ.

924 3079 992 3113 (22

1770 277 1828 308 205

1772 603 1831 624 210

1771 928 1831 959 215

1773 1255 1833 1277 220

1775 1582 1832 1612 225

1775 1909 1834 1939 230

1773 2229 1831 2260 235

1771 2556 1832 2587 240
