2034 3433
261 141 313 179 56
727 143 979 183 LETTERS
1019 143 1089 181 OF
1127 143 1393 183 ERASMUS

1734 142 1856 196 [1517

259 249 307 285 vt
326 246 448 286 hasce
469 247 629 286 litteras
657 248 706 286 ad
732 259 774 286 se
803 260 965 297 quoque
984 246 1158 297 scriptas
1176 250 1305 297 putet.
1366 247 1576 288 Salutabis
1595 248 1860 288 sodalitatem

202 326 241 348 ιο
258 313 404 360 totam,
439 312 683 361 Sturmium,
725 311 1093 363 Wimphelingum
1130 314 1172 351 et
1211 313 1554 353 candidissimum
1595 313 1857 363 Rodulphan·

256 376 382 427 gium,
403 377 673 416 Gebulerium
687 378 729 415 et
741 376 786 415 in
798 376 946 427 primis
962 376 1172 415 doctorem
1189 377 1431 417 Gerbelium
1447 393 1456 427 ;
1486 379 1553 417 cui
1563 392 1631 417 me
1647 378 1862 417 excusabis

258 442 366 491 quod
398 443 443 480 in
474 442 706 492 praesentia
744 455 829 480 non
866 441 1100 489 rescribam,
1141 441 1354 482 districtus
1392 443 1596 483 sexcentis
1632 443 1860 482 scribendis

256 506 442 557 epistolis
462 508 602 556 preter
620 506 855 545 studiorum
876 519 1014 556 pensa.
1074 507 1187 546 Bene
1206 508 1311 555 vale,
1335 509 1573 548 doctissime
1595 510 1761 548 Rusere.

312 571 498 610 Louanii.
558 571 697 610 Natali
716 571 1016 610 Bartholomei.
1076 573 1158 610 An.
1179 584 1262 611 MD.
1292 583 1352 621 17.

702 714 799 754 634.
861 711 926 753 To
959 712 1221 756 WOLFGANG
1252 713 1417 757 ANGST.

306 804 492 840 Deventer
510 803 585 839 MS.
609 813 667 849 91,
686 802 710 838 f.
735 813 785 848 53.

306 861 375 897 LB.
396 862 490 908 App.
515 863 591 898 166.

1553 805 1733 842 Louvain.

1485 874 1529 907 24
1545 864 1691 910 August
1712 873 1811 910 1517.

569 953 778 984 ERASMVS
809 953 1115 985 GVOLPHANGO
1146 955 1413 986 ANGVSTANO
1445 956 1477 986 S.
1505 955 1548 986 D.

310 1036 541 1083 ADNITERE,
559 1034 714 1084 optime
729 1035 1013 1086 Guolphange‚
1031 1038 1077 1074 vt
1094 1036 1383 1075 commentarii
1399 1050 1501 1086 quos
1514 1035 1619 1084 misi,
1635 1035 1858 1086 diligenter

253 1099 525 1138 excudantur.

254 1164 539 1214 Epistolarum
571 1179 756 1205 excusus.

254 1232 376 1281 atque
404 1232 463 1270 ita
491 1231 720 1271 mittemus.

583 1101 791 1150 Epistolas
816 1114 901 1139 non
928 1101 1027 1140 misi
1053 1102 1325 1141 excudendas.

1386 1103 1463 1141 Est
1492 1104 1532 1140 et
1558 1102 1666 1140 alius
1689 1101 1857 1141 libellus

837 1166 1145 1217 Castigabimus
1181 1169 1391 1218 vti-unque
1422 1169 1463 1206 et
1501 1167 1703 1206 addemus
1742 1167 1854 1215 alias,

791 1231 931 1271 Velim
960 1232 1158 1283 Vtopiam
1185 1235 1228 1272 et
1256 1233 1572 1283 Epigrammata
1601 1233 1707 1272 Mori
1734 1233 1856 1272 Beati

218 1305 234 1335 5
252 1296 444 1336 Rhenani
471 1298 726 1348 praefatione
756 1298 1049 1346 commendari,
1082 1301 1133 1347 et,
1167 1299 1203 1337 si
1230 1299 1447 1347 videbitur,
1480 1300 1680 1349 poterunt
1709 1299 1856 1338 eodem

197 1641 235 1663 10

251 1361 465 1401 volumine
485 1363 690 1413 coniungi.

753 1363 871 1412 Quod
888 1363 925 1402 si
939 1365 1060 1413 putas
1079 1364 1131 1402 ad
1151 1377 1240 1403 rem
1255 1364 1470 1414 pertinere,
1487 1364 1590 1403 adde
1609 1366 1650 1403 et
1670 1367 1858 1404 nostram

251 1427 637 1477 praefatiunculam,
687 1441 812 1478 quam
857 1428 953 1467 huic
1000 1428 1249 1468 inclusimus
1289 1428 1500 1479 epistolae.

1576 1431 1667 1479 Age
1705 1430 1859 1480 gratias

252 1492 431 1543 optimae
451 1493 673 1531 commatri
691 1507 765 1543 pro
786 1493 907 1532 lineis
925 1493 1077 1542 missis,
1100 1495 1142 1532 et
1161 1493 1414 1533 Frobenium
1435 1496 1688 1544 compatrem
1708 1496 1857 1534 charis-

253 1557 409 1596 simum
445 1558 549 1596 meis
581 1558 716 1597 verbis
747 1559 883 1598 saluta
920 1558 1149 1609 diligenter.

253 1622 480 1671 Lachnero,
503 1623 617 1662 illius
638 1636 787 1662 socero.

850 1623 1029 1663 Louanii
1044 1624 1175 1663 natali
1189 1624 1485 1665 Bartholomei.

1225 1560 1370 1599 Cetera
1407 1560 1552 1610 scripsi
1589 1560 1856 1612 Wolphango

1544 1625 1672 1664 Anno
1685 1638 1772 1664 M.D.
1794 1639 1808 1663 1
1820 1638 1852 1674 7.

747 1761 844 1803 635.
905 1760 969 1802 To
1000 1760 1126 1802 JOHN
1158 1760 1356 1803 FROBEN.

300 1848 494 1885 Deventcr
512 1849 588 1886 MS.
611 1860 668 1895 91,
687 1850 711 1886 f.
736 1860 787 1896 55.

298 1906 447 1952 Vtopia‚
469 1908 600 1943 March
623 1909 698 1944 and
717 1908 805 1944 Dec.
829 1910 930 1955 1518,
948 1908 1008 1945 tit.
1027 1913 1076 1944 v0.

298 1963 371 2000 LB.
390 1965 489 2012 App.
511 1968 587 2012 169.

1553 1880 1735 1918 Louvain.

1479 1949 1521 1985 25
1540 1940 1687 1986 August
1709 1951 1806 1987 1517.

464 2045 514 2088 [A
531 2047 670 2087 preface
686 2048 740 2078 for
757 2048 819 2079 the
836 2058 915 2079 new
932 2049 1072 2080 edition
1091 2049 1128 2079 of
1145 2050 1276 2088 Vffopz'a;
1301 2049 1345 2079 cf.
1363 2049 1425 2090 Ep.
1443 2051 1518 2089 634.
1538 2050 1632 2093 4—7.]

348 2144 556 2175 ERASMVS
587 2145 922 2177 ROTERODAMVS
953 2146 1116 2177 IOANNI
1147 2147 1386 2186 FROBENIO,
1414 2148 1643 2180 COMPATRI
1675 2150 1758 2181 SVO

842 2215 1136 2257 CHARISSIMO,
1163 2217 1197 2247 S.
1226 2216 1266 2248 D.

307 2293 399 2333 CVM
420 2295 593 2334 antehac
613 2297 752 2336 omnia
772 2298 879 2337 Mori
893 2298 977 2337 mei
991 2298 1098 2337 mihi
1112 2312 1236 2348 supra
1249 2300 1421 2338 modum
1437 2313 1598 2351 semper
1609 2301 1850 2351 placuerint,

252 2361 394 2398 tamen
413 2360 500 2410 ipse
520 2374 611 2400 meo
632 2362 783 2402 iudicio
803 2364 999 2403 nonnihil
1019 2364 1255 2403 diffidebam
1275 2365 1326 2403 ob
1347 2365 1625 2404 arctissimam
1649 2367 1760 2406 inter
1777 2381 1854 2407 nos

296 2467 372 2499 633.
400 2478 448 2499 11.
474 2470 707 2502 Gebulerium
723 2475 856 2510 scripsi:
880 2473 1106 2504 Rebelerium
1124 2476 1190 2504 MS.

251 2520 453 2543 AVGVSTANO
470 2515 538 2544 MS.

296 2600 371 2632 633.
398 2611 428 2640 9.
457 2601 704 2643 sodalitatem]
721 2602 786 2633 See
799 2603 861 2643 Ep.
882 2613 956 2643 302.

296 2643 372 2675 634.
392 2654 418 2675 1.
437 2646 706 2687 commentarii]
717 2646 895 2687 Probably
906 2647 1016 2685 Gaza;

252 2687 295 2719 cf.
317 2687 381 2727 Ep.
397 2689 473 2728 629.
496 2699 524 2720 1.

296 2741 325 2761 2.
353 2731 548 2773 Epistolas]
565 2732 605 2763 B.

338 2775 429 2804 alius
452 2775 613 2816 libellus]
642 2776 692 2816 Cl,
720 2776 852 2818 which,
879 2778 1016 2818 though

251 2816 397 2856 printed
421 2819 459 2848 in
483 2819 598 2859 April,
621 2821 837 2861 apparently
858 2831 932 2852 was
953 2824 1017 2853 not

251 2862 313 2899 yet
328 2861 518 2900 published
536 2874 543 2901 ;
567 2863 607 2894 cf.
628 2863 693 2902 Ep.
711 2865 785 2895 660.

295 2913 327 2942 3.
352 2904 525 2936 addemus
569 2907 671 2948 alias]
706 2907 793 2938 This
832 2909 1015 2939 intention

251 2956 324 2977 was
354 2950 419 2978 not
449 2949 586 2980 carried
615 2952 698 2989 out;
731 2950 785 2981 for
811 2951 851 2981 0²
873 2952 904 2982 is
929 2952 1015 2991 only

251 3001 268 3021 a
288 2991 427 3031 reprint
444 2992 482 3022 of
495 2992 537 3031 A,
558 2993 587 3023 B
604 2994 675 3025 and
692 2993 742 3025 Cl.
792 2994 854 3025 See
871 2996 960 3035 App.
982 3005 1011 3034 7.

1326 2474 1401 2504 634.
1426 2483 1488 2505 Trr.
1505 2483 1704 2506 ANGVSTANO
1719 2479 1832 2513 scripsi
1844 2488 1851 2509 t

1087 2604 1151 2644 Ep.
1172 2613 1244 2643 732.
1263 2613 1349 2643 33-5
1373 2604 1546 2644 probably
1570 2605 1746 2637 indicates
1769 2607 1851 2639 that

1085 2648 1147 2678 the
1163 2648 1319 2678 revision
1334 2648 1372 2678 of
1395 2647 1436 2678 0²
1451 2657 1523 2678 was
1546 2648 1651 2679 made
1675 2652 1712 2681 at
1733 2650 1848 2691 Basle,

1085 2691 1157 2722 and
1172 2693 1235 2722 not
1253 2691 1300 2730 by
1315 2690 1494 2722 Erasmus.

1129 2746 1159 2773 4.
1182 2733 1368 2775 Vtopiam]
1385 2734 1449 2764 See
1467 2735 1530 2774 Ep.
1547 2745 1610 2774 550
1628 2736 1762 2769 introd.

1172 2777 1275 2808 Beati
1297 2778 1482 2818 Rhenani]
1502 2778 1603 2810 BRE.
1623 2789 1675 2818 72,
1690 2781 1849 2821 prefixed

1084 2824 1120 2852 to
1136 2821 1197 2852 the
1212 2823 1462 2859 Epiyrammatcz.

1128 2867 1160 2896 6.
1187 2864 1367 2904 nostram]
1386 2865 1449 2904 Ep.
1467 2866 1546 2905 635.

1126 2909 1156 2940 8.
1181 2908 1387 2948 commatri]
1413 2909 1588 2941 Ger-trude
1610 2910 1768 2950 Froben;
1792 2922 1848 2943 see

1084 2951 1146 2991 Ep.
1165 2961 1240 2990 419.
1261 2952 1358 2991 18,19
1374 2962 1436 2982 nn.

1125 3005 1156 3034 9.
1182 2995 1323 3036 scripsi]
1341 2995 1403 3035 Ep.
1421 2997 1495 3036 629.
