2034 3433
166 132 267 187 844]
756 134 826 174 ΤΟ
861 134 1014 175 JOHN
1053 133 1167 174 EGK
1679 135 1757 174 331

162 237 350 276 inuidere
368 237 512 288 possit)
533 236 638 275 illud
657 236 703 275 in
722 237 872 287 primis
890 237 1082 286 admiror,
1105 237 1216 288 quod
1241 237 1351 276 nulli
1375 235 1528 275 nostris
1554 235 1759 274 studiis—

161 303 198 342 si
226 316 312 343 non
341 304 567 343 admodum
593 302 814 353 frugiferis,
836 304 946 341 certe
973 303 1082 342 nulli
1110 301 1486 342 noxiis—odiosius
1513 301 1759 351 obstrepunt
1776 315 1814 337 10

160 381 286 418 quam
319 369 349 408 ii
377 370 450 419 qui
476 381 645 420 prorsus
672 381 756 407 non
787 368 1003 418 attingunt
1036 368 1346 407 lucubrationes
1379 368 1559 414 nostras,
1586 368 1659 405 aut
1688 366 1760 416 qui

159 436 348 484 poterant
367 435 435 473 his
454 434 726 485 potissimum
745 433 943 482 adiuuari,
958 433 1041 472 nisi
1059 433 1176 484 prius
1190 434 1392 473 haberent
1407 432 1614 471 oblatrare
1634 444 1758 482 quam

159 501 326 540 discere.
387 501 465 540 Sed
493 502 551 548 tu,
577 500 816 538 doctissime
843 500 919 547 vir,
941 500 1172 538 accuratius
1200 499 1415 550 aliquanto
1441 511 1566 549 quam
1595 510 1670 548 par
1694 500 1757 536 est

158 565 397 616 praemollis
416 565 747 604 admonitionem
767 567 883 604 tuam
903 565 1012 615 apud
1032 578 1110 611 me,
1128 565 1195 603 cui
1214 567 1377 604 tantam
1397 564 1549 603 tribuis
1567 562 1758 602 humani-

157 633 314 680 tatem3
353 631 390 670 si
425 633 569 669 tamen
605 643 656 669 ex
684 630 825 669 animo
853 630 1013 670 tribuis.
1074 631 1163 680 Ego
1192 643 1216 668 a
1245 631 1393 680 quouis
1421 628 1636 668 admoneri
1671 641 1757 666 non
1775 643 1810 675 15

156 697 364 747 grauatim
392 696 489 744 fero,
521 698 688 735 tantum
715 695 830 735 abest
857 698 905 734 vt
932 695 1005 735 abs
1032 698 1073 735 te
1102 697 1194 735 viro
1221 699 1310 735 tam
1338 695 1490 733 eximio
1522 695 1758 732 reuerenter

157 762 371 801 admoneri
406 761 629 812 postulem.
689 761 744 800 Et
771 763 913 800 tamen
945 761 1159 811 aliquanto
1187 761 1282 811 plus
1310 761 1379 799 vel
1407 759 1663 799 reuerentiae
1690 759 1757 798 vel

157 827 374 866 ciuilitatis
401 827 556 866 habent
582 828 678 865 tuae
706 826 983 875 praefationes
1010 828 1135 876 atque
1164 825 1508 865 interlocutiones
1533 837 1659 875 quam
1687 824 1756 863 ad-

156 892 408 931 monitiones
424 907 432 930 :
461 893 520 930 sic
534 892 649 931 enim
670 905 759 930 rem
779 892 975 942 proponis
989 892 1104 931 velut
1119 892 1300 930 alienam
1318 891 1472 930 referas
1487 890 1750 937 calumniam,

156 957 214 996 sic
233 957 450 996 insectaris
469 958 587 1008 quasi
607 960 724 996 tuam
743 956 898 995 tuearis
915 957 1179 996 sententiam.
1771 972 1810 995 20

208 1023 402 1062 Primum
437 1023 545 1073 quod
575 1022 747 1061 adducis
775 1035 826 1060 ex
855 1023 1197 1061 annotationibus
1226 1022 1382 1062 nostris
1414 1023 1459 1060 in
1497 1021 1755 1060 Matthaeum

154 1100 239 1138 cap.
282 1089 325 1137 ii,
361 1088 476 1127 vides
515 1088 748 1126 orationem
785 1087 1082 1127 disiunctiuam
1120 1102 1167 1127 ac
1203 1087 1481 1126 bimembrem
1519 1087 1751 1134 consistere,

153 1153 319 1192 etiamsi
355 1167 448 1204 pars
486 1154 617 1192 altera
644 1153 882 1193 reiiciatur:
915 1153 988 1192 isti
1025 1154 1197 1193 alteram
1225 1153 1349 1192 modo
1377 1154 1551 1203 partem,
1582 1164 1754 1201 eamque

153 1218 414 1266 deteriorem,
431 1219 667 1269 decerpunt.
726 1220 788 1257 At
807 1219 933 1267 nefas,
951 1219 1124 1270 inquies,
1143 1220 1193 1258 de
1213 1219 1294 1257 hoc
1313 1218 1514 1257 dubitare.
1574 1216 1655 1266 Qui
1674 1216 1755 1255 scis

152 1297 206 1323 an
245 1284 432 1323 dubitem
447 1286 468 1323 ἵ)
515 1285 693 1323 aliorum
730 1284 862 1322 refero
900 1284 1162 1323 sententiam.
1225 1284 1368 1334 Neque
1407 1283 1520 1322 enim
1558 1281 1752 1332 quicquid
1770 1300 1806 1331 ²5

152 1349 358 1388 incertum
378 1352 450 1397 est,
472 1349 671 1388 continuo
699 1349 807 1387 mihi
829 1349 1038 1388 incertum
1063 1352 1136 1388 est.
1197 1350 1387 1399 Denique
1415 1347 1574 1387 ascribo
1596 1347 1753 1395 locum,

152 1414 345 1454 videlicet
382 1428 420 1453 v.
454 1428 542 1464 cap.
572 1415 766 1463 Micheae,
799 1415 872 1454 vbi
904 1416 1028 1454 diuus
1067 1415 1354 1464 Hieronymus
1392 1414 1595 1463 interpres
1641 1412 1753 1451 idem

152 1481 336 1518 recenset
347 1481 457 1530 quod
470 1480 763 1530 ego—Alieno,
772 1480 921 1531 inquis,
930 1482 1100 1519 nomine
1113 1495 1122 1520 z
1138 1481 1281 1527 fateor,
1297 1483 1337 1519 at
1350 1493 1436 1518 non
1450 1478 1753 1518 haereticorum

150 1545 417 1584 nomine—et
436 1545 493 1584 ita
512 1548 697 1584 recenset
715 1548 761 1585 vt
779 1548 971 1585 neutram
990 1549 1152 1596 partem
1172 1545 1341 1585 reiiciat.
1401 1545 1545 1595 Neque
1563 1544 1754 1594 protinus

150 1622 242 1649 meo
270 1610 424 1649 iudicio
446 1610 625 1659 vacillet,
649 1613 695 1650 vt
720 1613 767 1650 tu
793 1611 951 1660 scribis,
974 1611 1106 1651 totius
1130 1611 1332 1650 autoritas
1352 1610 1598 1660 Scripturae,
1619 1609 1752 1649 sicubi
1767 1627 1808 1659 30

148 1677 349 1715 memoria
376 1676 516 1727 lapsus
542 1675 812 1727 Euangelista
836 1690 991 1716 nomen
1011 1679 1137 1727 ponat
1156 1690 1230 1727 pro
1250 1678 1430 1724 nomine,
1453 1677 1556 1725 puta
1581 1675 1749 1714 Esaiam

147 1754 221 1792 pro
258 1741 483 1790 Hieremia,
516 1756 612 1781 cum
648 1742 749 1781 hinc
784 1743 907 1781 cardo
944 1743 1004 1781 rei
1042 1756 1127 1781 non
1163 1742 1353 1792 pendeat.
1410 1741 1469 1780 Vt
1511 1740 1626 1779 enim
1663 1754 1748 1779 non

147 1807 338 1857 protinus
371 1807 421 1846 de
457 1808 546 1846 tota
582 1807 700 1846 Petri
737 1807 824 1847 vita
859 1807 970 1846 male
1007 1807 1223 1856 sentimus,
1256 1807 1365 1858 quod
1401 1805 1668 1856 Augustinus
1707 1808 1747 1843 et

149 1872 398 1912 Ambrosius
439 1873 646 1912 affirment
682 1873 804 1913 illum
842 1876 884 1912 et
920 1876 1014 1923 post
1051 1876 1266 1924 acceptum
1295 1872 1513 1912 coelestem
1542 1872 1747 1922 Spiritum

147 1937 300 1976 alicubi
331 1937 493 1988 lapsum
521 1952 638 1987 esse3
666 1939 726 1978 ita
754 1952 840 1978 non
869 1939 1066 1979 continuo
1094 1940 1197 1978 fides
1225 1938 1364 1978 omnis
1392 1939 1613 1988 abrogatur
1640 1937 1746 1976 libro
1765 1952 1804 1985 35

149 2002 220 2053 qui
247 2017 404 2042 neuum
426 2003 608 2054 aliquem
632 2004 794 2043 habeat.
825 2005 1090 2055 Augustinus
1116 2018 1162 2043 ac
1188 2004 1474 2054 Hieronymus
1500 2016 1584 2041 non
1607 2002 1745 2041 solum

147 2081 244 2107 cum
270 2069 490 2107 autoritate
515 2070 586 2107 sed
610 2069 737 2108 etiam
757 2083 854 2108 cum
872 2070 1103 2109 reuerentia
1121 2069 1326 2120 leguntur,
1351 2082 1447 2108 cum
1472 2081 1596 2107 nemo
1623 2069 1746 2118 neget

148 2135 193 2173 in
232 2134 405 2173 illorum
438 2134 560 2173 libris
592 2135 801 2185 permulta
830 2148 917 2174 esse
945 2149 1047 2186 quae
1075 2149 1099 2174 a
1127 2135 1306 2174 veritate
1336 2135 1561 2174 dissonent.
1618 2134 1746 2173 Absit

147 2214 171 2238 a
199 2199 530 2240 Christianorum
556 2200 743 2239 moribus
767 2201 849 2240 ista
873 2201 1103 2240 morositas.
1163 2200 1307 2250 Neque
1326 2214 1423 2239 vero
1446 2199 1639 2249 protinus
1660 2199 1745 2238 illis

147 2265 372 2304 adimimus
405 2265 609 2315 Spiritum
638 2268 838 2304 sanctum.
899 2265 978 2304 Sed
1006 2266 1178 2304 fortasse
1207 2267 1401 2304 nostrum
1430 2277 1517 2303 non
1545 2266 1608 2302 est
1635 2277 1744 2314 prae·
1764 2280 1804 2311 40

147 2330 324 2370 scribere
357 2330 563 2380 quomodo
592 2330 774 2380 Spiritus
802 2330 874 2368 ille
903 2331 1202 2381 discipulorum
1241 2343 1442 2381 organum
1478 2329 1744 2380 temperarit:

147 2395 220 2446 qui
247 2408 490 2446 quocunque
518 2396 641 2434 modo
669 2395 929 2445 temperauit,
951 2395 1011 2435 sic
1038 2396 1285 2446 temperauit
1310 2398 1355 2435 vt
1379 2396 1465 2445 ipse
1495 2397 1668 2434 nouerat
1693 2396 1745 2434 ad

146 2461 326 2500 salutem
345 2461 522 2499 humani
541 2461 705 2510 generis
723 2462 906 2500 maxime
926 2461 1153 2500 conducere
1168 2476 1178 2510 ;
1199 2461 1258 2501 sic
1271 2461 1358 2500 illis
1371 2461 1523 2508 aderat,
1540 2462 1745 2510 quatenus

146 2527 198 2565 ad
235 2526 457 2577 Euangelii
484 2526 703 2576 negocium
730 2527 972 2577 pertinebat,
1002 2529 1048 2567 vt
1075 2529 1216 2566 tamen
1245 2527 1400 2566 alicubi
1426 2526 1620 2565 homines
1657 2538 1746 2564 esse

147 2592 313 2630 sineret.
374 2592 514 2642 Neque
540 2605 638 2630 vero
663 2592 763 2631 haec
788 2592 967 2631 dixerim
993 2593 1103 2643 quod
1128 2593 1306 2632 arbitrer
1323 2592 1548 2642 Apostolos
1566 2603 1743 2641 vsquam
1762 2604 1802 2635 45

146 2669 234 2695 esse
253 2656 400 2706 lapsos,
418 2657 487 2695 sed
510 2657 619 2706 quod
640 2670 787 2706 negem
807 2657 859 2696 ob
880 2658 1070 2708 quemuis
1088 2657 1253 2708 lapsum
1272 2657 1489 2696 vniuersae
1510 2656 1744 2706 Scripturas

145 2721 271 2760 fidem
290 2723 476 2771 oportere
494 2721 696 2760 vacillare.

199 2786 294 2825 Iam
345 2800 442 2825 vero
495 2787 604 2836 quod
657 2787 736 2825 tibi
783 2787 948 2827 videtur
996 2788 1218 2838 indignum
1267 2787 1491 2838 Apostolos
1539 2785 1743 2824 librorum

146 2851 413 2892 adminiculis
440 2865 536 2890 vsos
562 2852 703 2900 -fuisse,
729 2853 828 2903 quid
855 2853 980 2892 facies
1013 2853 1064 2891 de
1092 2853 1237 2900 Paulo,
1259 2853 1331 2903 qui
1359 2852 1439 2891 sibi
1468 2864 1564 2891 cum
1591 2851 1742 2901 penula

574 2941 623 2971 13.
650 2932 769 2964 dicere
783 2935 882 2965 Lond.
1029 2944 1081 2965 22.
1105 2943 1144 2964 ac
1161 2936 1208 2963 D:
1233 2935 1269 2965 et
1286 2936 1328 2964 H.

712 3009 766 3039 49.
789 2999 914 3040 Paulo]
934 3009 953 3029 2
969 3000 1057 3030 Tim.
1075 3010 1106 3037 4.
1127 3008 1178 3038 13.
