2034 3433
153 176 248 230 936]
693 178 764 218 ‘ro
800 178 950 218 JOHN
990 179 1199 218 FISHER
1664 179 1744 216 525

150 282 274 332 piam,
297 283 368 334 qui
394 283 443 321 de
463 282 644 321 amicitia
663 282 775 320 inter
801 295 876 320 nos
896 283 1108 321 sarcienda
1127 295 1290 322 mecum
1311 285 1460 332 ageret.
1522 282 1741 331 Respondi,

150 348 185 387 si
205 348 371 388 sarciret
391 348 461 387 ille
477 348 609 387 famae
628 360 742 386 meae
756 346 972 395 iacturam,
992 361 1058 386 me
1074 347 1189 386 facile
1206 348 1439 386 rediturum
1455 347 1505 386 ad
1520 346 1744 396 pristinam

151 413 508 453 necessitudinem.
567 413 656 462 Ego
680 414 728 452 vt
751 412 893 452 animo
917 412 1154 451 Christiano
1181 426 1232 450 ne
1262 413 1397 451 laesus
1422 412 1589 462 quidem
1617 411 1746 449 velim

151 478 312 518 laedere
334 490 582 528 quenquam,
603 477 664 515 ita
692 490 776 515 non
802 490 897 516 sum
920 479 1007 516 tam
1035 478 1139 516 leuis
1163 480 1210 516 vt
1235 477 1372 516 subito
1398 477 1524 516 fidam
1546 476 1608 515 illi
1628 476 1746 515 cuius

150 544 233 584 tale
260 544 342 582 sim
372 544 566 593 expertus
596 542 822 592 ingenium.
884 541 977 580 Imo
1010 555 1226 592 nunquam
1261 542 1343 580 fuit
1376 543 1546 589 amicus,
1584 541 1655 591 qui
1686 541 1745 579 sic
1763 553 1803 585 95

150 609 307 648 amicus
325 620 412 647 esse
432 607 564 646 desiit.
622 608 684 646 De
699 607 882 645 Luthero
897 606 1075 646 scribam
1090 607 1191 646 alias
1206 607 1419 656 copiosius.
1482 607 1597 645 Bene
1612 606 1743 644 valeat

153 673 200 712 R.
224 673 272 712 Τ.
293 673 342 712 D.
364 687 372 711 :
403 673 469 711 cui
488 685 612 723 quam
633 671 1067 711 commendatissimus
1087 685 1176 710 esse
1195 672 1329 721 cupio.

203 738 494 787 Antuuerpiae.
519 737 717 786 postridie
738 736 938 777 Calendas
956 736 1137 787 Apriles.
1196 737 1319 774 Amo
1340 750 1520 775 M.1>.X1x.

576 879 715 933 937962
774 878 904 919 FROM
936 878 1154 920 RICHARD
1186 878 1317 917 PAcE.

198 935 358 982 Farrago
375 947 410 981 p.
428 945 508 980 341.
1428 933 1646 968 Richmond.

197 993 234 1028 F.
254 1006 289 1039 p.
307 1004 397 1037 442:
423 993 514 1029 HN:
540 993 656 1029 Lond.
676 992 725 1028 xi.
746 1004 789 1029 2:
818 993 890 1028 LB.
913 1004 992 1038 309.
1378 1002 1393 1037 5
1415 991 1520 1037 April
1541 991 1695 1037 (1519).

460 1093 721 1124 RICHARDVS
751 1093 920 1125 PACEVS
949 1094 1130 1124 ERASMO
1162 1094 1242 1124 SVO
1273 1094 1305 1124 S.
1328 1093 1364 1124 P.
1390 1093 1429 1122 D.

203 1169 344 1208 Pnnzo
381 1168 494 1208 lusco
533 1182 656 1219 quem
694 1168 739 1207 in
775 1168 976 1219 proximis
1013 1169 1098 1208 tuis
1137 1169 1243 1207 mihi
1281 1167 1594 1215 commendasti,
1632 1166 1741 1205 nihil

147 1235 339 1285 prodesse
357 1234 484 1284 potui,
506 1236 724 1284 propterea
744 1235 853 1285 quod
883 1235 988 1284 Regi
1019 1235 1069 1273 de
1100 1234 1173 1273 illo
1197 1234 1332 1284 (cuius
1351 1233 1609 1272 mentionem
1629 1233 1740 1281 facis)

148 1299 254 1339 libro
273 1299 539 1338 describendo
559 1312 776 1349 nunquam
801 1298 847 1337 in
874 1302 1059 1338 mentem
1080 1299 1207 1339 venit.
1267 1297 1588 1338 Comoediarum
1614 1297 1740 1335 simul

148 1368 188 1404 et
222 1365 526 1416 tragoediarum
555 1365 794 1415 exemplum
823 1366 932 1415 quod
963 1365 1014 1404 ad
1045 1365 1209 1404 Morum
1238 1366 1428 1403 nostrum
1459 1363 1623 1411 misisti,
1657 1377 1742 1412 per-

148 1430 255 1480 legi:
289 1443 368 1481 qua
396 1430 444 1469 de
474 1444 516 1469 re
545 1429 746 1480 scripsisti
774 1429 815 1467 id
846 1430 954 1480 quod
985 1432 1057 1477 est,
1080 1428 1186 1469 illud
1216 1429 1437 1468 hominum
1467 1441 1597 1477 genus
1626 1427 1741 1467 fatali
1760 1439 1778 1472 5

147 1496 236 1546 rapi
256 1496 428 1545 insania,
451 1499 492 1535 et
521 1510 567 1536 ea
595 1496 695 1534 adeo
724 1494 842 1534 fatali
860 1497 907 1534 vt
927 1508 1011 1534 non
1031 1495 1114 1534 nisi
1133 1497 1318 1534 extremo
1339 1495 1441 1541 fato,
1463 1508 1554 1532 mea
1574 1493 1742 1543 quidem

147 1562 366 1610 sententia,
389 1562 480 1601 tolli
499 1563 640 1612 possit.
701 1560 809 1600 Nam
838 1560 936 1599 licet
964 1561 1175 1600 salutifera
1201 1560 1308 1599 adsit
1332 1559 1554 1607 medicina,
1575 1561 1616 1597 et
1638 1559 1741 1598 adsi-

146 1627 248 1666 dens
284 1627 470 1666 medicus
514 1627 707 1666 hortetur
753 1639 875 1676 seque
912 1626 975 1665 vti
1013 1627 1158 1664 curent
1195 1616 1374 1669 suadeat,
1417 1624 1567 1662 nolunt
1605 1625 1743 1662 tamen

145 1706 356 1731 venenum
384 1693 493 1743 quod
522 1691 782 1730 imbiberunt
811 1705 1011 1730 euomere.
1071 1691 1136 1730 Tu
1155 1692 1191 1729 si
1216 1705 1282 1729 me
1309 1690 1464 1738 audies⁷
1487 1690 1532 1727 in
1559 1690 1744 1740 pulcher-

146 1759 253 1798 rimo
283 1761 356 1798 tuo
389 1757 667 1809 perseuerabis
699 1758 904 1807 instituto,
939 1760 980 1796 et
1010 1756 1114 1795 bene
1148 1770 1232 1794 non
1265 1756 1388 1795 modo
1423 1756 1472 1793 de
1502 1755 1636 1794 literis
1670 1756 1740 1794 sed
1763 1766 1801 1788 10

146 1826 272 1864 etiam
298 1825 348 1864 de
371 1825 566 1864 vniuersa
594 1823 752 1863 Christi
779 1823 976 1873 religione
1006 1822 1250 1861 mereberis:
1285 1823 1388 1860 istos
1417 1835 1514 1860 vero
1544 1834 1639 1859 cum
1668 1835 1742 1860 sua

145 1890 264 1930 fatali
282 1890 447 1929 insania
467 1889 657 1928 dimittes
677 1892 712 1929 ἐς
732 1890 901 1938 κόρακας.

157 1950 161 1954 ⁴
200 1946 333 1995 Tuam
361 1955 406 1993 in
434 1955 537 1994 duas
565 1955 688 1993 Pauli
715 1955 765 1993 ad
797 1954 1035 1993 Corinthios
1054 1954 1251 2004 epistolas
1272 1953 1549 2002 Paraphrasin
1570 1951 1738 2001 diligen-

145 2021 308 2060 tissime
327 2019 508 2070 perlegi;
551 2021 592 2057 et
620 2033 670 2057 ex
698 2019 774 2058 hoc
803 2020 876 2057 tuo
900 2018 1037 2057 labore
1058 2020 1224 2057 tantum
1242 2031 1310 2056 me
1331 2017 1490 2055 fructus
1510 2017 1737 2066 percepisse

146 2085 284 2132 fateor,
325 2086 372 2124 vt
409 2097 521 2123 nunc
559 2084 729 2123 tandem
776 2084 900 2133 (quod
939 2083 1113 2122 antehac
1151 2083 1256 2121 mihi
1296 2082 1467 2131 contigit
1506 2084 1737 2132 nunquam)
1761 2091 1795 2122 15

146 2151 320 2190 audeam
353 2150 555 2189 affirmare
582 2163 648 2188 me
677 2149 939 2199 aliquatenus
967 2149 1033 2198 (ne
1063 2149 1242 2187 nimium
1270 2162 1363 2186 meo
1397 2148 1526 2196 ipsius
1557 2147 1737 2186 tribuam

147 2216 328 2266 ingenio)
361 2229 456 2255 cum
485 2216 582 2266 quid
611 2216 731 2263 dicat,
754 2218 846 2254 tum
874 2214 973 2264 quid
1003 2213 1155 2253 sentiat
1176 2214 1299 2252 diuus
1319 2213 1475 2251 Paulus
1494 2212 1732 2262 intelligere.

147 2281 268 2320 Nunc
297 2280 466 2320 diuinus
494 2280 567 2318 ille
597 2280 720 2319 Pauli
749 2279 929 2330 spiritus,
953 2279 1024 2329 qui
1053 2280 1173 2318 antea
1201 2278 1349 2328 frigere
1377 2279 1418 2315 et
1438 2278 1609 2316 deficere
1632 2278 1738 2316 mihi

146 2347 261 2386 visus
280 2349 352 2395 est,
375 2345 498 2396 plane
517 2345 640 2396 viget.
701 2344 823 2383 Nunc
850 2347 989 2384 sancta
1017 2344 1089 2383 illa
1112 2346 1334 2394 praecepta,
1359 2357 1460 2393 quae
1488 2346 1609 2382 antea
1631 2343 1738 2382 mihi

146 2411 361 2462 sapiebant
388 2410 516 2459 aloen,
540 2423 740 2449 conuersa
768 2412 867 2448 sunt
893 2410 938 2448 in
964 2409 1059 2449 mel.
1118 2409 1237 2448 Nunc
1257 2408 1527 2458 Paraphrasis
1546 2410 1617 2446 tua
1638 2408 1737 2447 adeo
1759 2419 1797 2439 20

147 2476 252 2515 mihi
271 2475 513 2525 explanauit
532 2474 682 2523 omnia,
705 2478 752 2513 vt
771 2475 861 2513 vale
882 2474 1066 2514 facturus
1087 2475 1166 2513 sim
1186 2474 1378 2512 omnibus
1398 2472 1674 2512 recentiorum
1695 2473 1737 2511 in

189 2593 263 2623 936.
290 2602 342 2631 97.
369 2592 408 2623 R.
424 2592 462 2623 Τ.
482 2592 524 2623 D.
543 2594 592 2622 E:
616 2594 677 2622 tua
695 2593 809 2631 pietas
825 2593 866 2621 H.
986 2591 1060 2621 937.
1086 2591 1116 2620 8.
1145 2590 1195 2620 vti
1217 2593 1242 2619 Ε
1260 2602 1266 2620 z
1291 2592 1327 2620 vt
1344 2592 1388 2619 H.
1502 2599 1553 2620 21.
1580 2590 1736 2620 facturus

149 2638 178 2666 E
194 2648 201 2666 :
225 2636 386 2666 dicturus
404 2638 440 2667 F.

189 2723 264 2753 937.
292 2732 319 2753 1.
348 2722 464 2763 Petro]
477 2722 630 2762 Meghen
645 2733 653 2762 ;
670 2723 713 2754 cf.
727 2723 813 2763 Epp.
826 2732 898 2762 231.
1016 2733 1043 2759 4.
1069 2721 1288 2761 exemplum]
1309 2721 1484 2759 Probably
1497 2721 1534 2751 of
1549 2721 1610 2751 the
1628 2721 1734 2751 letter

147 2777 166 2805 4
183 2776 217 2798 n.
237 2765 308 2796 and
325 2766 388 2805 384
405 2766 538 2797 introd.
975 2767 1009 2796 to
1026 2765 1153 2796 Fisher
1169 2764 1379 2795 mentioned
1397 2765 1434 2794 in
1453 2765 1515 2803 Ep.
1534 2765 1609 2802 908.
1625 2773 1709 2802 21,2.

232 2809 404 2849 proximis
433 2809 522 2850 tuis]
548 2809 618 2840 Not
641 2811 789 2841 extant:
826 2810 905 2841 sub·
1017 2818 1046 2847 5.
1073 2807 1262 2848 scripsisti]
1288 2808 1464 2847 Probably
1480 2810 1518 2837 in
1543 2808 1604 2838 tho
1630 2807 1734 2838 letter

147 2854 298 2892 sequent
314 2854 351 2883 to
367 2853 427 2892 Ep.
448 2853 522 2891 887.
973 2855 1009 2883 to
1026 2852 1171 2889 Fisher3
1194 2861 1250 2882 see
1266 2851 1289 2882 l.
1308 2862 1328 2890 4
1351 2861 1384 2881 n.

189 2906 220 2936 3.
261 2895 369 2937 libro]
414 2895 640 2936 Apparently
677 2905 772 2928 some
810 2906 904 2928 com·
1018 2905 1066 2934 13.
1092 2895 1136 2926 ad
1154 2894 1374 2935 Corinthios]
1393 2895 1456 2925 See
1473 2895 1536 2934 Ep.
1551 2895 1624 2934 916.

146 2939 302 2980 position
318 2939 365 2979 by
382 2939 445 2970 the
461 2939 568 2979 King.
617 2939 673 2971 He
690 2950 756 2971 can
772 2939 903 2980 hardly
1015 2948 1066 2970 21.
1090 2938 1169 2969 vale
1193 2937 1367 2978 facturus]
1392 2938 1507 2968 Lewis
1531 2937 1603 2968 and
1626 2937 1733 2968 Short

146 2985 206 3023 yet
243 2983 334 3014 have
382 2983 471 3013 been
517 2982 674 3022 engaged
711 2983 801 3015 with
840 2983 902 3014 the
972 2982 1040 3012 cite
1080 2981 1259 3021 examples
1298 2982 1336 3011 of
1378 2981 1454 3012 this
1497 2991 1602 3021 usage
1641 2981 1731 3012 from

146 3028 281 3058 Assertio
294 3029 404 3064 septem
418 3028 699 3057 Sacramentorum.
973 3025 1147 3065 Apuleius
1162 3025 1234 3056 and
1251 3024 1459 3065 Augustino.
