2034 3433
274 151 327 188 80
741 150 991 189 LETTERS
1029 149 1099 188 OF
1135 148 1402 189 ERASMUS
1743 145 1867 200 [1517

744 272 838 312 658.
872 270 935 311 Το
967 269 1161 310 THOMAs
1192 268 1402 312 WOLSEY.

321 361 507 398 Deventer
524 360 599 397 MS.
622 372 678 405 91,
698 360 721 395 f.
743 362 788 396 60
805 364 852 394 v0.
1537 360 1726 404 Antwerp.

320 420 365 456 D.
382 433 419 466 p.
441 421 527 465 189:
554 418 592 453 F.
612 431 648 464 p.
671 420 757 454 161:
784 417 875 453 HN:
903 417 1018 453 Lond.
1038 417 1091 453 iii.
1111 428 1175 462 31:
1202 418 1275 454 LB.
1296 419 1373 462 267.
1443 430 1464 463 9
1483 418 1703 464 September
1725 427 1822 463 1517.

783 508 1036 541 CARDINALI
1063 509 1358 541 EBORACENSI.

327 593 366 632 S.
381 593 442 641 P.,
462 591 807 631 reuerendissime
827 590 961 629 Pater.
1018 590 1114 629 Non
1130 603 1243 630 eram
1261 592 1428 630 nescius
1448 605 1573 642 quam
1589 592 1778 642 religiose
1797 594 1869 630 tua

271 658 472 697 celsitudo
510 657 705 695 maximis
735 657 861 695 etiam
889 655 990 695 viris
1018 655 1074 695 sit
1102 655 1302 704 adeunda,
1335 670 1540 707 quamque
1577 657 1725 696 multis
1762 657 1871 695 male

272 723 439 762 cesserit
457 722 632 761 numina
651 734 801 772 parum
816 721 897 760 rite
916 720 1198 771 compellasse.
1255 722 1413 761 Verum
1427 722 1535 761 hanc
1550 722 1745 761 fiduciam
1764 722 1870 761 mihi

270 789 371 828 fecit
401 800 493 826 rara
522 788 725 838 quaedam
754 788 795 825 et
823 786 1013 825 inaudita
1043 786 1227 836 comitas,
1256 799 1380 837 quam
1408 786 1495 836 ipse
1524 800 1620 826 cum
1649 787 1750 826 alias
1776 790 1868 826 tum

235 867 252 898 5
271 867 403 904 nuper
416 854 610 903 expertus
625 865 730 901 sum,
747 865 842 891 cum
857 851 966 902 apud
981 851 1207 890 Britannos
1221 864 1396 902 agerem.
1456 852 1644 891 Eximiae
1658 852 1870 891 felicitatis

272 918 430 957 inuidia
450 931 587 957 comes
605 931 693 957 esse
713 917 830 956 solet.
890 918 951 956 At
969 918 1076 956 mira
1095 930 1261 956 morum
1279 919 1450 956 tuorum
1476 917 1653 956 facilitas
1676 918 1870 956 omnibus

270 984 457 1034 exposita
475 983 680 1034 obuiaque
701 982 759 1021 sic
779 995 947 1032 prorsus
972 982 1178 1021 inuidiam
1201 996 1369 1021 omnem
1398 982 1591 1031 excludit,
1614 984 1660 1021 vt
1680 982 1871 1022 homines

270 1063 354 1088 11011
382 1050 525 1088 minus
552 1050 697 1087 ament
725 1049 898 1087 naturae
927 1049 1021 1087 tuae
1049 1047 1283 1087 bonitatem
1310 1061 1435 1099 quam
1454 1048 1649 1087 fortunae
1669 1048 1870 1099 magnitu-

266 1115 411 1154 dinem
437 1114 682 1164 suspiciunt.
741 1113 901 1152 Verum
927 1126 980 1151 ne
1005 1112 1122 1152 seriis
1148 1112 1330 1163 negociis
1358 1113 1721 1163 occupatissimum
1747 1114 1872 1164 nugis

214 1194 253 1217 10
269 1181 395 1219 etiam
414 1181 520 1219 meis
534 1179 692 1218 diutius
712 1191 920 1229 occupem,
938 1178 1061 1217 mitto
1081 1177 1215 1228 regiae
1230 1178 1438 1218 maiestati
1452 1178 1644 1218 libellum
1658 1180 1870 1229 vtcunque

270 1246 528 1293 adornatum,
551 1258 598 1284 ea
622 1245 752 1283 ferme
779 1243 1124 1294 complectentem
1147 1256 1228 1294 que
1256 1243 1309 1282 ad
1337 1245 1492 1283 rectam
1519 1244 1777 1294 principatus
1805 1245 1872 1283 ad-

270 1311 626 1351 ministrationem
663 1309 832 1349 faciunt.
904 1308 1151 1359 Philippum
1189 1308 1398 1349 Castilliae
1435 1310 1602 1360 Regem,
1638 1309 1716 1349 sub
1754 1310 1873 1348 cuius

270 1376 441 1415 nomine
456 1376 555 1414 boni
570 1375 770 1426 principis
785 1374 1055 1414 simulacrum
1071 1374 1222 1423 effinxi,
1239 1374 1531 1414 serenissimus
1544 1375 1634 1413 Rex
1646 1374 1866 1423 Henricus,

269 1442 360 1480 eius
380 1440 717 1481 nomenclaturae
743 1442 922 1488 octauus,
946 1453 1048 1490 puer
1067 1440 1264 1478 iuuenem
1284 1440 1425 1479 fratris
1444 1442 1534 1480 vice
1555 1439 1721 1479 dilexit:
1753 1440 1870 1478 cuius

215 1522 252 1554 15
270 1508 450 1546 mortem
469 1506 595 1545 etiam
616 1505 702 1544 suis
721 1505 772 1545 ad
792 1518 859 1543 me
881 1504 1016 1544 literis
1043 1504 1146 1544 olim
1170 1504 1398 1555 deplorauit
1417 1518 1502 1544 non
1522 1505 1663 1544 minus
1682 1507 1871 1544 amanter

270 1586 395 1622 quam
414 1572 631 1622 eleganter.
689 1571 796 1610 Cum
823 1569 967 1610 Carolo
987 1572 1129 1609 nostro
1152 1571 1313 1620 praeter
1336 1569 1550 1609 affinitatis
1570 1570 1761 1620 copulam
1780 1571 1866 1608 tam

270 1638 396 1677 arctis
413 1636 657 1685 foederibus,
676 1638 762 1675 tam
782 1636 1014 1686 propinqua
1026 1634 1333 1673 necessitudine
1352 1635 1668 1686 animorumque
1684 1635 1868 1673 fraterno

271 1717 473 1743 consensu
501 1702 745 1741 coniunctus
771 1703 832 1741 est
854 1703 900 1740 vt
930 1700 1191 1740 coniunctior
1216 1713 1304 1740 esse
1328 1714 1412 1740 non
1431 1701 1573 1751 possit.
1632 1701 1774 1749 Porro,
1796 1702 1867 1740 tua

271 1767 615 1808 reuerendissima
634 1768 682 1807 D.
705 1765 816 1817 regie
837 1766 1047 1806 maiestati
1065 1778 1241 1817 regnum
1260 1765 1396 1805 multo
1415 1766 1606 1805 omnium
1626 1765 1866 1804 florentissi-

214 1849 254 1871 20
272 1847 391 1874 mum
429 1835 552 1883 longe
589 1833 827 1872 felicissime
865 1832 1182 1871 administranti
1219 1831 1296 1870 hoc
1338 1832 1477 1882 ipsum
1516 1833 1578 1871 est
1617 1832 1727 1881 quod
1766 1831 1867 1870 olim

271 1899 445 1938 Herculi
464 1899 657 1946 Theseus,
680 1899 789 1949 quod
807 1898 990 1937 Achates
1010 1899 1174 1937 Aeneae
1201 1897 1327 1936 fuisse
1346 1896 1523 1947 legitur3
1551 1899 1597 1935 vt
1619 1910 1704 1935 non
1730 1897 1869 1946 inepte

269 1966 351 2004 tria
382 1965 563 2004 maxima
591 1964 719 2003 simul
751 1966 792 2003 et
827 1964 1053 2003 clarissima
1081 1964 1194 2002 inter
1221 1976 1264 2002 se
1293 1962 1466 2002 nomina
1492 1962 1598 2001 liber
1625 1975 1735 2001 vnus
1763 1975 1868 2001 com-

270 2031 417 2080 plexus
449 2030 647 2069 videatur.
707 2030 767 2068 At
796 2030 996 2069 volumen
1028 2029 1137 2079 quod
1171 2028 1273 2067 olim
1304 2028 1408 2078 Regi
1440 2027 1673 2066 dicaueram
1704 2028 1867 2078 tuisque

270 2096 465 2134 manibus
495 2094 740 2143 obtuleram,
776 2095 963 2134 nondum
995 2095 1143 2144 opinor
1175 2107 1248 2144 per
1279 2093 1484 2132 bellorum
1512 2093 1723 2132 tumult-us
1751 2093 1869 2132 licuit

212 2176 251 2208 25
270 2161 472 2200 euoluere.
530 2161 610 2200 Sed
644 2161 727 2199 iam
761 2161 920 2200 dudum
951 2162 1066 2210 parta
1096 2159 1402 2210 tranquillitate
1436 2158 1627 2208 intelligo
1660 2158 1784 2197 illum
1817 2159 1864 2198 ad

268 2227 411 2266 literas
441 2227 541 2266 olim
569 2239 697 2276 puero
725 2239 811 2264 non
838 2226 1060 2265 infeliciter
1086 2227 1270 2276 gustatas
1299 2225 1464 2274 redisse,
1498 2238 1543 2263 ac
1570 2224 1747 2263 subinde
1773 2237 1867 2263 cum

268 2293 391 2332 libris
428 2292 608 2342 colloqui
646 2304 730 2329 non
761 2291 1021 2342 quibuslibet,
1055 2292 1127 2331 sed
1161 2291 1213 2330 iis
1245 2290 1512 2341 potissimum
1552 2290 1623 2340 qui
1656 2290 1861 2340 pietatem,

270 2360 343 2409 qui
376 2358 531 2410 regiam
569 2357 815 2408 sapientiam
853 2357 1037 2396 doceant.
1098 2356 1207 2396 Nam
1240 2356 1317 2395 hoc
1351 2355 1486 2406 magis
1519 2355 1609 2394 sitit
1646 2356 1862 2401 virtutem,

269 2437 351 2473 quo
382 2423 515 2473 magis
545 2423 738 2472 possidet.
796 2422 977 2461 Proinde
1007 2424 1129 2461 vetus
1160 2420 1460 2460 munusculum
1493 2434 1690 2459 renouare
1724 2420 1863 2459 visum

210 2502 250 2532 30
268 2491 340 2536 est,
369 2502 416 2528 eo
445 2489 553 2539 quod
583 2488 768 2527 dicatum
795 2501 880 2526 non
909 2488 1121 2528 videretur
1147 2487 1257 2537 quod
1286 2487 1475 2525 nondum
1504 2489 1609 2525 esset
1638 2485 1862 2536 cognitum.

267 2555 401 2592 Adest
419 2555 461 2592 et
479 2555 577 2591 tuus
595 2553 765 2592 libellus
784 2554 871 2592 tam
892 2553 1064 2602 exiguus
1084 2565 1209 2602 quam
1229 2551 1318 2601 ipse
1337 2564 1515 2601 magnus
1536 2565 1589 2589 es.

311 2665 377 2687 TIT.
408 2663 599 2686 CARDINALI
635 2664 847 2686 EBORACENSI
878 2656 954 2685 add.
986 2664 1043 2685 sec.
1069 2663 1167 2693 mem„
1200 2657 1230 2683 vt
1259 2655 1388 2692 videtur,
1422 2655 1572 2684 Erasmi:
1607 2662 1678 2683 DEs.
1711 2662 1867 2684 ERAsmvs

256 2707 519 2748 snorERonAnvs
531 2707 832 2730 REVERENDISSIMO
845 2707 979 2728 nomNo
995 2706 1027 2728 D.
1038 2706 1183 2728 THOMAE
1198 2705 1389 2727 CARDINALI
1401 2705 1613 2727 EBORACENSI
1628 2699 1664 2727 D.
1739 2706 1766 2727 1.
1792 2705 1818 2728 5.
1833 2707 1863 2728 P.

268 2742 566 2773 reuerendissime
577 2745 644 2774 MS.
658 2755 663 2773 :
689 2742 923 2782 Amplissime
936 2744 978 2772 H.
1068 2743 1131 2772 tua
1146 2743 1192 2771 D:
1216 2742 1257 2770 tu
1272 2742 1341 2772 MS.
1459 2750 1489 2776 4.
1517 2750 1598 2771 cum
1614 2743 1682 2771 MS.
1698 2752 1704 2770 ;
1730 2742 1809 2770 111111
1824 2742 1863 2770 D.

271 2795 320 2817 10.
346 2787 484 2817 (liutius
504 2789 577 2817 add.
597 2788 638 2817 H.
745 2795 794 2817 12.
822 2785 985 2825 Philippi
1001 2787 1089 2816 Hs:
1115 2794 1189 2814 corr.
1208 2785 1246 2814 D.
1339 2783 1527 2815 Castelliae
1543 2787 1582 2815 D.
1691 2793 1740 2822 14.
1767 2784 1868 2814 cuius

269 2831 424 2860 mortem
440 2852 449 2860 .
466 2852 474 2859 .
495 2854 502 2861 .
526 2831 575 2860 16.
602 2829 784 2869 eleganter
800 2832 873 2860 add.
891 2831 930 2860 D.
1100 2837 1149 2866 19.
1176 2826 1478 2858 reuerendissima
1495 2827 1537 2859 D.
1554 2830 1624 2858 MS.
1641 2840 1646 2857 :
1672 2826 1866 2858 reuerenda

269 2873 473 2904 sublimitas
490 2875 530 2904 H.
643 2873 943 2904 florentissimum
958 2874 986 2902 D
1000 2882 1007 2902 ι
1031 2870 1371 2902 florulentissimum
1386 2873 1455 2902 MS.
1589 2880 1640 2902 22.
1667 2870 1868 2903 clarissima

268 2918 336 2947 MS.
353 2928 359 2946 :
385 2917 570 2947 carissima
586 2918 629 2947 H.
763 2925 815 2955 25.
841 2916 946 2947 illum
962 2917 1035 2946 add.
1052 2917 1097 2945 H.
1242 2924 1294 2954 30.
1321 2924 1360 2945 eo
1378 2917 1451 2947 add.
1470 2917 1512 2945 D.

871 3011 920 3042 15.
947 3000 1082 3042 literis]
1100 3000 1163 3041 Ep.
1185 3002 1258 3032 206.
