2034 3433
157 192 175 204 a.

98 187 196 241 9⁷40]
539 189 609 228 ΤΟ
647 190 831 229 PETER
870 189 1244 229 MOSELLANUS
1529 229 1532 232 ,
1598 191 1677 229 545

99 294 150 332 de
184 292 326 332 ordine
358 292 580 340 charitatis,
612 305 706 331 cum
738 292 803 330 ‘in
833 295 997 333 ἑαυτοῖς’
1026 294 1080 332 511
1113 294 1241 332 ‘inter
1273 295 1373 333 vos-⁹
1428 294 1512 332 Nec
1541 296 1679 333 tamen

99 359 323 397 insectatus
364 371 458 397 sum
494 356 664 396 illorum
701 371 892 405 errorem,
933 358 1001 396 sed
1040 359 1204 398 laudata
1241 359 1452 409 vtriusque
1490 359 1680 398 concione

103 425 112 442 ‘
126 423 300 463 Vtinam
312 424 321 439 ’
341 423 512 473 inquam
534 426 542 442 ‘
555 422 631 461 hoc
652 422 909 461 accessisset!
924 424 932 439 ’
963 436 1058 462 113111
1079 423 1259 474 quinque
1278 424 1414 463 verbis
1433 437 1482 462 ex
1501 425 1682 463 Annota·

100 488 286 528 tionibus
310 488 413 527 meis
439 489 631 538 poterant
654 487 705 526 ab
726 488 801 526 hoc
822 502 958 526 errore
983 489 1200 538 prohiberi.
1262 489 1402 539 Neque
1428 491 1568 528 tamen
1592 489 1682 528 leue

103 553 308 604 flagitium
327 555 389 591 est
407 566 504 592 eum
523 552 595 603 qui
613 553 721 602 apud
742 553 941 603 populum
963 566 1057 592 cum
1075 555 1191 592 tanta
1210 554 1326 592 docet
1349 554 1577 602 autoritate,
1600 567 1684 593 non

103 619 334 668 intelligere
370 618 504 657 basim
541 617 673 656 totius
711 618 918 656 orationis.
978 617 1106 656 Hunc
1138 631 1279 657 meum
1319 631 1550 658 sermonem
1589 631 1683 657 011111

105 683 246 722 doctor
272 682 342 721 ille
370 695 418 722 ex
447 682 585 721 nescio
611 696 692 732 quo
718 683 989 732 cognouisset‚
1018 684 1363 733 ‘Saepenumero’
1383 684 1530 733 inquit,
1553 686 1562 704 ‘
1578 684 1684 734 apud

106 761 178 787 vos
215 747 478 786 concionatus
515 761 620 795 sum,
651 749 692 786 et
728 747 892 786 Christo
930 748 1093 786 fauente
1131 748 1409 788 concionabor.
1468 748 1624 787 Verum
1652 748 1687 786 si

107 812 198 862 quis
219 812 327 851 dicat
345 813 676 851 concionatorem
695 825 779 851 non
799 812 1030 862 intelligere
1049 813 1189 851 thema
1209 813 1427 861 concionis,
1449 813 1686 863 praesertim

107 890 203 916 cum
241 877 283 916 id
323 877 544 927 sumpserit
577 891 627 916 ex
663 877 791 916 sacris
829 877 973 926 literis,
1003 877 1040 915 is
1076 880 1217 928 peccat
1255 878 1453 917 aduersus
1485 878 1687 929 Spiritum

108 943 322 981 sanctum.’
375 942 639 981 Adhaerebat
668 942 787 981 lateri
817 955 909 980 11100
938 942 1089 981 Ρο11115
1117 942 1329 993 Aegidius,
1361 943 1463 981 mire
1494 943 1690 982 candidus

108 1007 277 1046 amicus.
335 1007 379 1046 Is
404 1007 464 1045 ira
491 1007 717 1057 disrumpi:
748 1020 822 1057 ego
841 1007 973 1046 risum
996 1010 1132 1046 tenere
1158 1021 1241 1046 non
1267 1008 1392 1057 potui.
1449 1008 1549 1056 Quis
1577 1008 1690 1046 enim

110 1074 196 1111 tam
216 1072 390 1111 ridicula
408 1085 492 1110 non
512 1072 677 1110 rideat?
731 1071 786 1110 Et
809 1074 948 1110 tamen
968 1072 1041 1112 isti
1059 1074 1209 1123 putant
1227 1086 1405 1123 aequum
1423 1076 1468 1111 vt
1489 1073 1539 1111 ob
1560 1085 1691 1112 vnum

111 1137 236 1176 talem
256 1137 442 1175 rabulam
462 1137 608 1188 ingens
628 1137 926 1176 monachorum
945 1151 1042 1187 grex
1061 1138 1194 1176 alatur
1213 1151 1263 1176 ex
1284 1138 1458 1188 publico.

166 1203 271 1242 Cum
307 1202 488 1252 primum
527 1202 731 1252 prodisset
764 1202 809 1241 in
838 1202 976 1241 lucem
1014 1202 1180 1241 Nouum
1219 1202 1532 1242 Testamentum
1569 1216 1592 1241 a
1627 1216 1693 1241 me

113 1268 362 1316 restitutum,
398 1266 619 1306 Carmelita
656 1267 825 1317 quidam
864 1267 1089 1318 theologus,
1122 1281 1196 1307 suo
1234 1268 1364 1318 ipsius
1403 1268 1554 1307 iudicio
1593 1268 1694 1307 mire

114 1334 258 1372 doctus
275 1346 320 1372 30
337 1333 442 1383 pius,
464 1330 764 1371 vociferabatur
782 1333 927 1382 ingens
946 1333 1164 1372 imminere
1189 1333 1413 1372 discrimen
1439 1333 1695 1373 Christianae

114 1398 316 1449 religioni,
343 1398 496 1436 instare
523 1397 748 1436 aduentum
774 1397 1050 1437 Antichristi:
1081 1411 1179 1438 nam
1207 1398 1447 1437 huiusmodi
1475 1397 1697 1447 tragoediis

114 1464 279 1502 irritant
304 1462 633 1513 superstitiosam
656 1462 923 1513 plebeculam.
983 1462 1066 1501 Vbi
1085 1464 1258 1502 ventum
1288 1465 1348 1502 est
1374 1463 1420 1502 in
1448 1463 1696 1513 colloquium

115 1530 320 1576 mutuum,
337 1528 378 1565 et
395 1527 611 1565 hominem
629 1540 816 1577 rogarem
835 1541 1117 1578 vrgeremque,
1137 1529 1335 1578 proferret
1355 1528 1454 1578 quid
1476 1527 1699 1566 offenderet

116 1594 162 1632 in
195 1593 314 1631 Nouo
345 1593 626 1640 Testamento,
655 1592 866 1642 respondit
899 1592 1000 1631 satis
1031 1593 1213 1643 ingenue
1243 1593 1322 1632 sibi
1356 1592 1536 1632 codicem
1568 1604 1700 1642 neque

116 1659 270 1697 lectum
317 1670 448 1707 neque
496 1659 762 1707 conspectum
808 1657 946 1696 fuisse.
1005 1658 1136 1708 quue
1181 1658 1265 1697 fere
1307 1658 1523 1708 comperio,
1564 1657 1701 1696 nullos

118 1723 299 1763 odiosius
318 1722 525 1761 clamitare
547 1735 669 1771 quam
688 1722 759 1772 qui
779 1725 920 1761 nostra
940 1737 1025 1761 non
1045 1723 1200 1774 legunt.

172 1789 255 1829 Vix
275 1789 375 1827 dum
394 1787 601 1838 prodierat
621 1788 787 1827 Nouum
807 1789 1131 1838 Testamentum,
1146 1802 1240 1828 cum
1256 1789 1523 1839 Argentorati
1537 1788 1701 1828 Praedi-

121 1857 233 1894 cator
251 1853 456 1903 quispiam
476 1853 589 1902 (nam
607 1856 654 1892 vt
676 1853 776 1892 011111
797 1853 832 1892 15
853 1854 950 1893 01ᾶο
970 1854 1199 1904 complures
1218 1854 1364 1892 habuit
1385 1853 1544 1904 egregie
1562 1854 1704 1892 doctos

121 1920 244 1967 viros,
266 1919 325 1957 ita
343 1932 454 1957 nunc
474 1918 596 1957 habet
615 1918 844 1968 permultos
867 1919 939 1968 qui
961 1919 1098 1958 nescio
1122 1918 1220 1968 quid
1241 1918 1474 1968 tyrannidis
1495 1918 1705 1967 affectant)

122 1985 168 2024 in
188 1997 335 2023 corona
353 1983 630 2022 studiosorum
650 1983 795 2033 plenis⁷
816 1986 863 2022 vt
883 1983 1012 2030 aiunt,
1027 1983 1143 2022 tibiis
1163 1983 1382 2022 detonabat
1400 1982 1444 2020 in
1464 1995 1565 2032 opus
1584 1981 1699 2021 illud.

124 2049 280 2088 Aderat
316 2047 489 2086 Iacobus
522 2047 740 2094 Stmmius,
771 2048 935 2087 iuuenis
966 2047 1131 2098 ingenio
1168 2048 1307 2096 faceto,
1338 2060 1501 2086 summo
1538 2046 1702 2096 iudicio,

126 2113 311 2153 doctrina
330 2125 414 2150 non
433 2112 605 2161 vulgari,
629 2124 673 2150 ac
695 2112 827 2150 nostri
847 2126 942 2151 cuni
960 2112 1107 2161 primis
1130 2112 1348 2151 studiosus.
1407 2112 1452 2151 Is
1475 2124 1618 2161 passus
1645 2113 1707 2150 est

127 2177 339 2217 hominem
368 2176 418 2214 ad
447 2176 683 2215 sacietatem
719 2189 848 2226 vsque
890 2176 1152 2215 deblaterare.
1213 2177 1316 2215 Cum
1356 2176 1464 2215 nihil
1501 2176 1586 2215 iam
1623 2189 1708 2215 non

129 2243 312 2287 dixisset,
334 2242 454 2290 atque
473 2242 519 2279 vt
538 2241 617 2291 ipsi
636 2241 771 2279 visum
793 2243 854 2279 est
875 2240 1062 2290 feliciter,
1083 2241 1240 2291 rogauit
1260 2241 1471 2280 hominem
1499 2241 1709 2280 Sturmius

129 2321 184 2347 an
212 2319 315 2356 opus
337 2305 520 2345 vidisset.
580 2305 770 2354 Negauit.
829 2306 932 2354 ‘Qui
960 2308 1075 2355 potes
1103 2306 1250 2356 igitur’
1277 2306 1412 2356 inquit
1440 2306 1550 2344 ‘tam
1577 2305 1709 2344 multa

131 2371 361 2422 praedicare
391 2370 438 2408 de
466 2383 586 2420 opere
615 2370 726 2420 quod
754 2383 829 2409 nec
857 2369 1006 2420 legeris
1034 2383 1106 2409 nec
1134 2370 1336 2409 videris?'
1392 2370 1532 2408 Risere
1557 2370 1705 2417 cuncti,

133 2449 207 2476 1100
225 2438 364 2475 13111011
382 2435 530 2485 puduit
550 2434 670 2473 illum
689 2434 971 2484 impudentiae
998 2448 1103 2474 suae.
1164 2434 1254 2473 Hoc
1279 2447 1406 2484 genus
1424 2434 1655 2473 fabularum
1674 2434 1710 2472 si

133 2502 260 2540 velim
279 2513 493 2548 recensere,
517 2500 659 2538 nullus
676 2500 842 2539 futurus
861 2499 916 2538 sit
935 2500 1094 2538 modus.

183 2606 252 2628 122.
279 2605 360 2626 cum
377 2619 384 2627 .
404 2619 413 2628 .
431 2619 438 2627 .
457 2606 519 2627 vos
535 2599 608 2627 add.
623 2599 658 2628 F.
742 2606 810 2635 137.
838 2605 900 2627 suo
916 2619 923 2627 .
940 2620 948 2628 .
970 2619 978 2627 .
999 2596 1070 2635 138.
1095 2597 1175 2635 pius
1193 2599 1265 2626 add.
1282 2598 1317 2625 F.
1412 2605 1482 2634 140.
1508 2596 1654 2627 irritant
1670 2605 1711 2625 a:

137 2641 305 2671 territant
322 2642 358 2670 Ε.
496 2648 564 2678 145.
591 2640 661 2671 Vix
677 2639 762 2671 dum
784 2663 791 2669 .
807 2663 814 2671 .
835 2664 842 2671 .
866 2641 935 2678 156.
956 2639 1082 2670 modus
1097 2641 1169 2670 add.
1185 2641 1225 2680 F.

185 2748 254 2769 122.
275 2738 319 2768 de
333 2738 473 2779 ordine]
491 2738 550 2769 ‘de
563 2739 735 2769 charitate
751 2747 839 2776 quae
855 2747 896 2768 ex
1008 2747 1077 2776 140.
1106 2736 1269 2778 irritant]
1290 2737 1342 2768 Cf.
1360 2737 1384 2768 1.
1400 2738 1452 2774 61,
1471 2737 1535 2777 Ep.
1552 2745 1623 2777 597.
1642 2745 1693 2775 57.

140 2782 243 2813 nobis
256 2782 391 2812 oriatur
401 2783 506 2821 atque
519 2783 571 2813 ita
580 2782 724 2813 demum
737 2781 898 2812 dimanat
1007 2791 1077 2819 145.
1101 2780 1345 2820 Argentorati]
1371 2781 1421 2811 As
1451 2779 1525 2811 this
1552 2779 1715 2810 incident

141 2825 187 2857 ad
203 2824 311 2856 alios'
329 2835 337 2855 z
360 2827 476 2856 Armet.
496 2827 531 2855 in
546 2827 586 2856 N.
603 2828 647 2865 T„
665 2833 757 2864 1519.
962 2834 1108 2864 appears
1124 2823 1200 2854 first
1217 2825 1256 2854 in
1271 2823 1309 2862 F,
1327 2824 1356 2854 it
1373 2833 1453 2863 may
1471 2824 1512 2854 be
1528 2822 1715 2862 presumed

230 2868 269 2898 in
298 2867 433 2908 ἑαυτοῖς]
462 2869 534 2898 The
565 2868 724 2899 received
753 2867 900 2907 reading
961 2868 1040 2898 that
1056 2867 1224 2898 Erasmus
1245 2866 1316 2897 had
1341 2866 1428 2905 only
1450 2866 1560 2897 heard
1575 2865 1612 2896 of
1627 2866 1656 2896 it
1676 2866 1715 2897 in

145 2912 176 2943 is
190 2911 232 2942 εἰς
248 2909 387 2950 ἑαυτούς,
400 2911 517 2942 which
532 2911 778 2942 Erasmusalso
788 2911 895 2950 gives.
960 2911 1021 2941 the
1044 2910 1208 2940 interval.
1256 2909 1292 2940 It
1316 2909 1346 2940 is
1368 2909 1509 2940 alluded
1532 2911 1569 2940 to
1592 2909 1630 2940 in
1653 2909 1716 2939 the

144 2956 191 2986 In
222 2955 279 2985 his
308 2956 410 2986 notes
441 2954 485 2985 he
516 2954 705 2994 interprets
738 2955 768 2985 it
799 2954 807 2970 ‘
821 2963 901 2993 erga
961 2953 1107 2993 preface,
1123 2963 1160 2991 14
1172 2953 1293 2984 March
1310 2953 1402 2992 1528,
1417 2955 1453 2983 to
1466 2952 1528 2983 the
1539 2955 1627 2989 Apol.
1641 2955 1718 2984 adu.

145 2998 313 3038 vosipsos,
334 3007 397 3028 5011
412 2999 531 3038 potius
547 3007 627 3037 erga
643 3006 703 3028 vos
718 2999 843 3028 mutuo
857 2998 876 3027 ’.
962 2999 1123 3027 monachos
1137 2998 1294 3034 Hispanos
1311 2996 1396 3034 (LB.
1415 2997 1461 3027 ix.
1483 2996 1564 3026 1018
1580 2997 1628 3036 E).

193 3051 263 3081 137.
290 3041 496 3083 Carmenta]
514 3041 566 3072 cf.
586 3041 649 3080 Ep.
667 3041 740 3080 483.
757 3041 799 3070 26
813 3050 850 3071 n.
1010 3049 1080 3078 149.
1104 3038 1300 3080 Sturmius]
1316 3038 1379 3070 See
1394 3039 1456 3079 Ep.
1474 3048 1548 3078 302.
1569 3048 1608 3078 13
1623 3048 1659 3070 n.

213 3106 320 3126 Anum
337 3106 378 3126 111
898 3107 923 3132 N
943 3109 971 3133 n

1705 502 1762 533 1²5

1710 827 1769 858 130

1714 1151 1771 1183 135

1718 1476 1777 1508 140

1723 1801 1780 1834 145

1726 2125 1785 2157 150

1731 2449 1788 2481 155
