<?xml version="1.0" encoding="UTF-8"?>
<!DOCTYPE html PUBLIC "-//W3C//DTD XHTML 1.0 Transitional//EN"
    "http://www.w3.org/TR/xhtml1/DTD/xhtml1-transitional.dtd">
<html xmlns="http://www.w3.org/1999/xhtml" xml:lang="en" lang="en">
 <head>
  <title>
</title>
<meta http-equiv="Content-Type" content="text/html;charset=utf-8" />
  <meta name='ocr-system' content='tesseract 3.04.00' />
  <meta name='ocr-capabilities' content='ocr_page ocr_carea ocr_par ocr_line ocrx_word'/>
</head>
<body>
  <div class='ocr_page' id='page_1' title='image "./opusepistolarumd03erasuoft_0566.png"; bbox 0 0 2034 3433; ppageno 0'>
   <div class='ocr_carea' id='block_1_1' title="bbox 334 162 1914 218">
    <p class='ocr_par' dir='ltr' id='par_1_1' title="bbox 334 162 1914 218">
     <span class='ocr_line' id='line_1_1' title="bbox 334 162 1914 218; baseline -0.001 -16"><span class='ocrx_word' id='word_1_1' title='bbox 334 166 412 203; x_wconf 84' lang='lat'>512</span> <span class='ocrx_word' id='word_1_2' title='bbox 791 166 1040 204; x_wconf 83' lang='lat' dir='ltr'>LETTERS</span> <span class='ocrx_word' id='word_1_3' title='bbox 1079 166 1147 204; x_wconf 81' lang='lat' dir='ltr'>OF</span> <span class='ocrx_word' id='word_1_4' title='bbox 1187 164 1448 204; x_wconf 85' lang='lat' dir='ltr'>ERASMUS</span> <span class='ocrx_word' id='word_1_5' title='bbox 1789 162 1914 218; x_wconf 88' lang='lat'><strong>[1519</strong></span> 
     </span>
    </p>
   </div>
   <div class='ocr_carea' id='block_1_2' title="bbox 275 266 1918 842">
    <p class='ocr_par' dir='ltr' id='par_1_2' title="bbox 275 266 1917 382">
     <span class='ocr_line' id='line_1_2' title="bbox 334 266 1917 319; baseline -0.001 -11"><span class='ocrx_word' id='word_1_6' title='bbox 334 269 559 319; x_wconf 87' lang='lat' dir='ltr'>prudentis,</span> <span class='ocrx_word' id='word_1_7' title='bbox 578 271 784 319; x_wconf 89' lang='lat' dir='ltr'>postremo</span> <span class='ocrx_word' id='word_1_8' title='bbox 803 268 948 315; x_wconf 81' lang='lat' dir='ltr'>amici3</span> <span class='ocrx_word' id='word_1_9' title='bbox 975 270 1017 306; x_wconf 87' lang='lat' dir='ltr'>et</span> <span class='ocrx_word' id='word_1_10' title='bbox 1031 267 1154 306; x_wconf 89' lang='lat' dir='ltr'>amici</span> <span class='ocrx_word' id='word_1_11' title='bbox 1173 267 1244 318; x_wconf 91' lang='lat' dir='ltr'>qui</span> <span class='ocrx_word' id='word_1_12' title='bbox 1263 268 1343 306; x_wconf 86' lang='lat' dir='ltr'>sibi</span> <span class='ocrx_word' id='word_1_13' title='bbox 1361 266 1656 305; x_wconf 75' lang='lat' dir='ltr'>moderationis</span> <span class='ocrx_word' id='word_1_14' title='bbox 1670 280 1715 306; x_wconf 84' lang='lat' dir='ltr'>ac</span> <span class='ocrx_word' id='word_1_15' title='bbox 1733 268 1917 307; x_wconf 75' lang='lat' dir='ltr'><strong>lenitatis</strong></span> 
     </span>
     <span class='ocr_line' id='line_1_3' title="bbox 275 332 1533 382; baseline -0.003 -9"><span class='ocrx_word' id='word_1_16' title='bbox 275 350 314 381; x_wconf 82' lang='lat'>55</span> <span class='ocrx_word' id='word_1_17' title='bbox 332 335 495 373; x_wconf 84' lang='lat' dir='ltr'>laudem</span> <span class='ocrx_word' id='word_1_18' title='bbox 514 334 707 379; x_wconf 82' lang='lat' dir='ltr'>vindicet,</span> <span class='ocrx_word' id='word_1_19' title='bbox 731 333 838 371; x_wconf 90' lang='lat' dir='ltr'>mihi</span> <span class='ocrx_word' id='word_1_20' title='bbox 857 333 1011 371; x_wconf 85' lang='lat' dir='ltr'>crimen</span> <span class='ocrx_word' id='word_1_21' title='bbox 1030 332 1267 372; x_wconf 82' lang='lat' dir='ltr'>iracundiae</span> <span class='ocrx_word' id='word_1_22' title='bbox 1284 332 1533 382; x_wconf 83' lang='lat' dir='ltr'>impingens.</span> 
     </span>
    </p>

    <p class='ocr_par' dir='ltr' id='par_1_3' title="bbox 333 397 1917 643">
     <span class='ocr_line' id='line_1_4' title="bbox 389 397 1917 448; baseline 0 -11"><span class='ocrx_word' id='word_1_23' title='bbox 389 399 468 438; x_wconf 85' lang='lat' dir='ltr'>Sed</span> <span class='ocrx_word' id='word_1_24' title='bbox 499 399 547 437; x_wconf 94' lang='lat' dir='ltr'>de</span> <span class='ocrx_word' id='word_1_25' title='bbox 576 398 751 448; x_wconf 87' lang='lat' dir='ltr'>epistola</span> <span class='ocrx_word' id='word_1_26' title='bbox 778 401 963 437; x_wconf 86' lang='lat' dir='ltr'>vestrum</span> <span class='ocrx_word' id='word_1_27' title='bbox 991 397 1209 436; x_wconf 78' lang='lat' dir='ltr'>arbitrium</span> <span class='ocrx_word' id='word_1_28' title='bbox 1238 400 1350 436; x_wconf 87' lang='lat' dir='ltr'>esto:</span> <span class='ocrx_word' id='word_1_29' title='bbox 1385 398 1494 436; x_wconf 87' lang='lat' dir='ltr'>certe</span> <span class='ocrx_word' id='word_1_30' title='bbox 1523 397 1631 447; x_wconf 92' lang='lat' dir='ltr'>quod</span> <span class='ocrx_word' id='word_1_31' title='bbox 1657 397 1707 436; x_wconf 89' lang='lat' dir='ltr'>ad</span> <span class='ocrx_word' id='word_1_32' title='bbox 1730 397 1917 437; x_wconf 89' lang='lat' dir='ltr'>animum</span> 
     </span>
     <span class='ocr_line' id='line_1_5' title="bbox 335 461 1909 513; baseline 0 -11"><span class='ocrx_word' id='word_1_33' title='bbox 335 477 474 502; x_wconf 89' lang='lat' dir='ltr'>meum</span> <span class='ocrx_word' id='word_1_34' title='bbox 494 463 655 511; x_wconf 84' lang='lat' dir='ltr'>attinet,</span> <span class='ocrx_word' id='word_1_35' title='bbox 681 463 750 501; x_wconf 82' lang='lat' dir='ltr'>vix</span> <span class='ocrx_word' id='word_1_36' title='bbox 769 463 877 513; x_wconf 88' lang='lat' dir='ltr'>apud</span> <span class='ocrx_word' id='word_1_37' title='bbox 899 463 1040 502; x_wconf 82' lang='lat' dir='ltr'>Gallos</span> <span class='ocrx_word' id='word_1_38' title='bbox 1063 476 1151 501; x_wconf 89' lang='lat' dir='ltr'>esse</span> <span class='ocrx_word' id='word_1_39' title='bbox 1174 464 1273 512; x_wconf 92' lang='lat' dir='ltr'>puto</span> <span class='ocrx_word' id='word_1_40' title='bbox 1294 461 1365 512; x_wconf 86' lang='lat' dir='ltr'>qui</span> <span class='ocrx_word' id='word_1_41' title='bbox 1385 462 1434 500; x_wconf 90' lang='lat' dir='ltr'>de</span> <span class='ocrx_word' id='word_1_42' title='bbox 1454 462 1621 500; x_wconf 87' lang='lat' dir='ltr'>Budaeo</span> <span class='ocrx_word' id='word_1_43' title='bbox 1640 463 1712 501; x_wconf 86' lang='lat' dir='ltr'>aut</span> <span class='ocrx_word' id='word_1_44' title='bbox 1730 462 1909 502; x_wconf 83' lang='lat' dir='ltr'>sentiant</span> 
     </span>
     <span class='ocr_line' id='line_1_6' title="bbox 333 527 1917 579; baseline -0.001 -11"><span class='ocrx_word' id='word_1_45' title='bbox 333 529 664 578; x_wconf 85' lang='lat' dir='ltr'>magnificentius</span> <span class='ocrx_word' id='word_1_46' title='bbox 682 531 754 567; x_wconf 88' lang='lat' dir='ltr'>aut</span> <span class='ocrx_word' id='word_1_47' title='bbox 773 528 1008 579; x_wconf 76' lang='lat' dir='ltr'>praedicent</span> <span class='ocrx_word' id='word_1_48' title='bbox 1023 528 1364 567; x_wconf 86' lang='lat' dir='ltr'>honorificentius</span> <span class='ocrx_word' id='word_1_49' title='bbox 1378 541 1505 578; x_wconf 88' lang='lat' dir='ltr'>quam</span> <span class='ocrx_word' id='word_1_50' title='bbox 1524 528 1735 567; x_wconf 87' lang='lat' dir='ltr'>Erasmus.</span> <span class='ocrx_word' id='word_1_51' title='bbox 1778 527 1917 567; x_wconf 87' lang='lat' dir='ltr'>Huius</span> 
     </span>
     <span class='ocr_line' id='line_1_7' title="bbox 333 594 1912 643; baseline 0.001 -11"><span class='ocrx_word' id='word_1_52' title='bbox 333 595 393 633; x_wconf 92' lang='lat' dir='ltr'>rei</span> <span class='ocrx_word' id='word_1_53' title='bbox 427 596 550 633; x_wconf 87' lang='lat' dir='ltr'>testes</span> <span class='ocrx_word' id='word_1_54' title='bbox 583 597 704 633; x_wconf 92' lang='lat' dir='ltr'>erunt</span> <span class='ocrx_word' id='word_1_55' title='bbox 738 595 946 634; x_wconf 79' lang='lat' dir='ltr'>Hem-icus</span> <span class='ocrx_word' id='word_1_56' title='bbox 979 595 1216 642; x_wconf 84' lang='lat' dir='ltr'>Glareanus,</span> <span class='ocrx_word' id='word_1_57' title='bbox 1255 594 1492 633; x_wconf 84' lang='lat' dir='ltr'>Gulielmus</span> <span class='ocrx_word' id='word_1_58' title='bbox 1524 594 1723 643; x_wconf 88' lang='lat' dir='ltr'>Nesenus‚</span> <span class='ocrx_word' id='word_1_59' title='bbox 1757 595 1912 633; x_wconf 86' lang='lat' dir='ltr'>Beatus</span> 
     </span>
    </p>

    <p class='ocr_par' dir='ltr' id='par_1_4' title="bbox 276 660 1918 774">
     <span class='ocr_line' id='line_1_8' title="bbox 276 660 1918 711; baseline 0.001 -14"><span class='ocrx_word' id='word_1_60' title='bbox 276 667 316 697; x_wconf 90' lang='lat'>60</span> <span class='ocrx_word' id='word_1_61' title='bbox 333 660 572 709; x_wconf 53' lang='lat' dir='ltr'>Rhenanus</span> <span class='ocrx_word' id='word_1_62' title='bbox 595 661 702 710; x_wconf 87' lang='lat' dir='ltr'>apud</span> <span class='ocrx_word' id='word_1_63' title='bbox 729 674 830 710; x_wconf 89' lang='lat' dir='ltr'>quos</span> <span class='ocrx_word' id='word_1_64' title='bbox 856 660 1018 699; x_wconf 89' lang='lat' dir='ltr'>effutire</span> <span class='ocrx_word' id='word_1_65' title='bbox 1043 660 1151 699; x_wconf 91' lang='lat' dir='ltr'>soleo</span> <span class='ocrx_word' id='word_1_66' title='bbox 1175 660 1367 711; x_wconf 86' lang='lat' dir='ltr'>quicquid</span> <span class='ocrx_word' id='word_1_67' title='bbox 1393 661 1501 698; x_wconf 87' lang='lat' dir='ltr'>esset</span> <span class='ocrx_word' id='word_1_68' title='bbox 1524 660 1570 699; x_wconf 91' lang='lat' dir='ltr'>in</span> <span class='ocrx_word' id='word_1_69' title='bbox 1596 660 1745 700; x_wconf 89' lang='lat' dir='ltr'>animo.</span> <span class='ocrx_word' id='word_1_70' title='bbox 1805 661 1918 699; x_wconf 89' lang='lat' dir='ltr'>Bene</span> 
     </span>
     <span class='ocr_line' id='line_1_9' title="bbox 334 726 848 774; baseline 0.002 -10"><span class='ocrx_word' id='word_1_71' title='bbox 334 726 436 774; x_wconf 83' lang='lat' dir='ltr'>vale,</span> <span class='ocrx_word' id='word_1_72' title='bbox 459 726 683 765; x_wconf 85' lang='lat' dir='ltr'>clarissime</span> <span class='ocrx_word' id='word_1_73' title='bbox 704 727 848 765; x_wconf 88' lang='lat' dir='ltr'>Rusee.</span> 
     </span>
    </p>

    <p class='ocr_par' dir='ltr' id='par_1_5' title="bbox 386 791 1622 842">
     <span class='ocr_line' id='line_1_10' title="bbox 386 791 1622 842; baseline 0 -13"><span class='ocrx_word' id='word_1_74' title='bbox 386 791 631 830; x_wconf 86' lang='lat' dir='ltr'>Mechliniae</span> <span class='ocrx_word' id='word_1_75' title='bbox 653 793 815 842; x_wconf 87' lang='lat' dir='ltr'>raptim.</span> <span class='ocrx_word' id='word_1_76' title='bbox 849 798 998 834; x_wconf 79' lang='lat' dir='ltr'><strong>†XV111.</strong></span> <span class='ocrx_word' id='word_1_77' title='bbox 1022 792 1104 831; x_wconf 77' lang='lat' dir='ltr'>Gal.</span> <span class='ocrx_word' id='word_1_78' title='bbox 1129 791 1262 842; x_wconf 85' lang='lat' dir='ltr'>April.</span> <span class='ocrx_word' id='word_1_79' title='bbox 1295 792 1420 830; x_wconf 90' lang='lat' dir='ltr'>Anno</span> <span class='ocrx_word' id='word_1_80' title='bbox 1441 804 1622 829; x_wconf 77' lang='lat' dir='ltr'><strong>M.D.X1x.</strong></span> 
     </span>
    </p>
   </div>
   <div class='ocr_carea' id='block_1_3' title="bbox 708 931 1547 988">
    <p class='ocr_par' dir='ltr' id='par_1_6' title="bbox 708 931 1547 988">
     <span class='ocr_line' id='line_1_11' title="bbox 708 931 1547 988; baseline -0.001 -15"><span class='ocrx_word' id='word_1_81' title='bbox 708 935 862 988; x_wconf 64' lang='lat'>929054·</span> <span class='ocrx_word' id='word_1_82' title='bbox 905 933 1034 974; x_wconf 79' lang='lat' dir='ltr'><strong>FROM</strong></span> <span class='ocrx_word' id='word_1_83' title='bbox 1064 932 1281 973; x_wconf 77' lang='lat' dir='ltr'>WILLIAM</span> <span class='ocrx_word' id='word_1_84' title='bbox 1313 931 1547 973; x_wconf 64' lang='lat' dir='ltr'>BUDAEL&#39;s.</span> 
     </span>
    </p>
   </div>
   <div class='ocr_carea' id='block_1_4' title="bbox 380 1011 1871 1118">
    <p class='ocr_par' dir='ltr' id='par_1_7' title="bbox 380 1011 1871 1118">
     <span class='ocr_line' id='line_1_12' title="bbox 380 1011 1744 1057; baseline 0.001 -11"><span class='ocrx_word' id='word_1_85' title='bbox 380 1011 543 1057; x_wconf 77' lang='lat' dir='ltr'>Farrago</span> <span class='ocrx_word' id='word_1_86' title='bbox 559 1023 593 1056; x_wconf 86' lang='lat' dir='ltr'>p.</span> <span class='ocrx_word' id='word_1_87' title='bbox 614 1022 669 1055; x_wconf 84' lang='lat'>41.</span> <span class='ocrx_word' id='word_1_88' title='bbox 1630 1012 1744 1049; x_wconf 83' lang='lat' dir='ltr'>Paris.</span> 
     </span>
     <span class='ocr_line' id='line_1_13' title="bbox 380 1069 1871 1118; baseline 0.002 -14"><span class='ocrx_word' id='word_1_89' title='bbox 380 1070 418 1104; x_wconf 83' lang='lat' dir='ltr'>F.</span> <span class='ocrx_word' id='word_1_90' title='bbox 438 1081 472 1114; x_wconf 84' lang='lat' dir='ltr'>p.</span> <span class='ocrx_word' id='word_1_91' title='bbox 494 1080 584 1104; x_wconf 89' lang='lat'>202:</span> <span class='ocrx_word' id='word_1_92' title='bbox 611 1070 700 1106; x_wconf 91' lang='lat' dir='ltr'>HN:</span> <span class='ocrx_word' id='word_1_93' title='bbox 726 1070 840 1105; x_wconf 87' lang='lat' dir='ltr'>Lond.</span> <span class='ocrx_word' id='word_1_94' title='bbox 861 1070 913 1105; x_wconf 83' lang='lat' dir='ltr'>iii.</span> <span class='ocrx_word' id='word_1_95' title='bbox 933 1071 1000 1106; x_wconf 85' lang='lat'>60:</span> <span class='ocrx_word' id='word_1_96' title='bbox 1025 1070 1097 1105; x_wconf 89' lang='lat' dir='ltr'>LB.</span> <span class='ocrx_word' id='word_1_97' title='bbox 1118 1079 1195 1116; x_wconf 84' lang='lat'><strong>395.</strong></span> <span class='ocrx_word' id='word_1_98' title='bbox 1507 1080 1550 1115; x_wconf 88' lang='lat'>19</span> <span class='ocrx_word' id='word_1_99' title='bbox 1567 1070 1697 1106; x_wconf 86' lang='lat' dir='ltr'>March</span> <span class='ocrx_word' id='word_1_100' title='bbox 1719 1069 1871 1118; x_wconf 82' lang='lat'><strong>(1519).</strong></span> 
     </span>
    </p>
   </div>
   <div class='ocr_carea' id='block_1_5' title="bbox 742 1150 1512 1192">
    <p class='ocr_par' dir='ltr' id='par_1_8' title="bbox 742 1150 1512 1192">
     <span class='ocr_line' id='line_1_14' title="bbox 742 1150 1512 1192; baseline 0 -11"><span class='ocrx_word' id='word_1_101' title='bbox 742 1151 826 1192; x_wconf 84' lang='lat' dir='ltr'>[For</span> <span class='ocrx_word' id='word_1_102' title='bbox 842 1150 904 1182; x_wconf 81' lang='lat' dir='ltr'>the</span> <span class='ocrx_word' id='word_1_103' title='bbox 921 1150 1103 1190; x_wconf 71' lang='lat' dir='ltr'>year-date</span> <span class='ocrx_word' id='word_1_104' title='bbox 1119 1161 1174 1182; x_wconf 88' lang='lat' dir='ltr'>see</span> <span class='ocrx_word' id='word_1_105' title='bbox 1191 1151 1254 1191; x_wconf 88' lang='lat' dir='ltr'>Ep.</span> <span class='ocrx_word' id='word_1_106' title='bbox 1275 1161 1339 1191; x_wconf 88' lang='lat'>924</span> <span class='ocrx_word' id='word_1_107' title='bbox 1358 1150 1512 1192; x_wconf 88' lang='lat' dir='ltr'>introd.]</span> 
     </span>
    </p>
   </div>
   <div class='ocr_carea' id='block_1_6' title="bbox 850 1249 1394 1280">
    <p class='ocr_par' dir='ltr' id='par_1_9' title="bbox 850 1249 1394 1280">
     <span class='ocr_line' id='line_1_15' title="bbox 850 1249 1394 1280; baseline -0.004 0"><span class='ocrx_word' id='word_1_108' title='bbox 850 1250 1056 1280; x_wconf 77' lang='lat' dir='ltr'>BVDAEVS</span> <span class='ocrx_word' id='word_1_109' title='bbox 1087 1250 1267 1280; x_wconf 78' lang='lat' dir='ltr'><strong>ERASMO</strong></span> <span class='ocrx_word' id='word_1_110' title='bbox 1295 1249 1328 1280; x_wconf 89' lang='lat' dir='ltr'>S.</span> <span class='ocrx_word' id='word_1_111' title='bbox 1352 1249 1394 1278; x_wconf 90' lang='lat' dir='ltr'>D.</span> 
     </span>
    </p>
   </div>
   <div class='ocr_carea' id='block_1_7' title="bbox 275 1328 1919 2750">
    <p class='ocr_par' dir='ltr' id='par_1_10' title="bbox 331 1328 1917 1578">
     <span class='ocr_line' id='line_1_16' title="bbox 385 1328 1914 1382; baseline 0.003 -16"><span class='ocrx_word' id='word_1_112' title='bbox 385 1328 722 1368; x_wconf 78' lang='lat' dir='ltr'><strong>NVDIVSTERTIVS</strong></span> <span class='ocrx_word' id='word_1_113' title='bbox 769 1331 876 1380; x_wconf 87' lang='lat' dir='ltr'>apud</span> <span class='ocrx_word' id='word_1_114' title='bbox 920 1331 1177 1381; x_wconf 84' lang='lat' dir='ltr'>Stephanum</span> <span class='ocrx_word' id='word_1_115' title='bbox 1224 1331 1516 1379; x_wconf 89' lang='lat' dir='ltr'>Poncherium,</span> <span class='ocrx_word' id='word_1_116' title='bbox 1563 1330 1914 1382; x_wconf 87' lang='lat' dir='ltr'>archiepiscopum</span> 
     </span>
     <span class='ocr_line' id='line_1_17' title="bbox 333 1395 1915 1447; baseline 0.002 -15"><span class='ocrx_word' id='word_1_117' title='bbox 333 1395 613 1433; x_wconf 86' lang='lat' dir='ltr'>Senonensem</span> <span class='ocrx_word' id='word_1_118' title='bbox 637 1409 769 1445; x_wconf 86' lang='lat' dir='ltr'>nuper</span> <span class='ocrx_word' id='word_1_119' title='bbox 788 1395 954 1444; x_wconf 86' lang='lat' dir='ltr'>factum,</span> <span class='ocrx_word' id='word_1_120' title='bbox 979 1409 1153 1447; x_wconf 84' lang='lat' dir='ltr'>pransus</span> <span class='ocrx_word' id='word_1_121' title='bbox 1179 1409 1284 1435; x_wconf 91' lang='lat' dir='ltr'>sum.</span> <span class='ocrx_word' id='word_1_122' title='bbox 1343 1397 1446 1435; x_wconf 86' lang='lat' dir='ltr'>Post</span> <span class='ocrx_word' id='word_1_123' title='bbox 1464 1396 1687 1446; x_wconf 86' lang='lat' dir='ltr'>prandium</span> <span class='ocrx_word' id='word_1_124' title='bbox 1707 1396 1756 1435; x_wconf 92' lang='lat' dir='ltr'>de</span> <span class='ocrx_word' id='word_1_125' title='bbox 1776 1398 1815 1435; x_wconf 88' lang='lat' dir='ltr'>te</span> <span class='ocrx_word' id='word_1_126' title='bbox 1835 1397 1915 1436; x_wconf 80' lang='lat' dir='ltr'>fuit</span> 
     </span>
     <span class='ocr_line' id='line_1_18' title="bbox 331 1461 1917 1513; baseline 0.002 -15"><span class='ocrx_word' id='word_1_127' title='bbox 331 1474 473 1499; x_wconf 87' lang='lat' dir='ltr'>sermo.</span> <span class='ocrx_word' id='word_1_128' title='bbox 536 1462 679 1500; x_wconf 82' lang='lat' dir='ltr'>Petere</span> <span class='ocrx_word' id='word_1_129' title='bbox 708 1461 759 1500; x_wconf 86' lang='lat' dir='ltr'>ab</span> <span class='ocrx_word' id='word_1_130' title='bbox 789 1476 836 1501; x_wconf 94' lang='lat' dir='ltr'>eo</span> <span class='ocrx_word' id='word_1_131' title='bbox 865 1463 979 1512; x_wconf 87' lang='lat' dir='ltr'>coepi</span> <span class='ocrx_word' id='word_1_132' title='bbox 1007 1476 1060 1501; x_wconf 86' lang='lat' dir='ltr'>an</span> <span class='ocrx_word' id='word_1_133' title='bbox 1087 1463 1137 1501; x_wconf 86' lang='lat' dir='ltr'>ad</span> <span class='ocrx_word' id='word_1_134' title='bbox 1166 1464 1206 1501; x_wconf 91' lang='lat' dir='ltr'>te</span> <span class='ocrx_word' id='word_1_135' title='bbox 1236 1462 1489 1512; x_wconf 81' lang='lat' dir='ltr'>scripsisset3</span> <span class='ocrx_word' id='word_1_136' title='bbox 1522 1462 1700 1513; x_wconf 85' lang='lat' dir='ltr'>negauit,</span> <span class='ocrx_word' id='word_1_137' title='bbox 1729 1462 1800 1501; x_wconf 90' lang='lat' dir='ltr'>sed</span> <span class='ocrx_word' id='word_1_138' title='bbox 1829 1476 1917 1502; x_wconf 89' lang='lat' dir='ltr'>sese</span> 
     </span>
     <span class='ocr_line' id='line_1_19' title="bbox 332 1527 1917 1578; baseline 0.001 -13"><span class='ocrx_word' id='word_1_139' title='bbox 332 1527 446 1565; x_wconf 91' lang='lat' dir='ltr'>breui</span> <span class='ocrx_word' id='word_1_140' title='bbox 475 1527 726 1576; x_wconf 89' lang='lat' dir='ltr'>scripturum</span> <span class='ocrx_word' id='word_1_141' title='bbox 755 1528 986 1567; x_wconf 86' lang='lat' dir='ltr'>affirmauit.</span> <span class='ocrx_word' id='word_1_142' title='bbox 1046 1528 1165 1567; x_wconf 83' lang='lat' dir='ltr'>Certe</span> <span class='ocrx_word' id='word_1_143' title='bbox 1189 1531 1281 1578; x_wconf 89' lang='lat' dir='ltr'>post</span> <span class='ocrx_word' id='word_1_144' title='bbox 1306 1528 1406 1566; x_wconf 90' lang='lat' dir='ltr'>duos</span> <span class='ocrx_word' id='word_1_145' title='bbox 1427 1540 1591 1566; x_wconf 84' lang='lat' dir='ltr'>menses</span> <span class='ocrx_word' id='word_1_146' title='bbox 1609 1527 1680 1567; x_wconf 83' lang='lat' dir='ltr'>vix</span> <span class='ocrx_word' id='word_1_147' title='bbox 1700 1528 1738 1566; x_wconf 89' lang='lat' dir='ltr'>ei</span> <span class='ocrx_word' id='word_1_148' title='bbox 1756 1528 1917 1567; x_wconf 84' lang='lat' dir='ltr'>vacauit</span> 
     </span>
    </p>

    <p class='ocr_par' dir='ltr' id='par_1_11' title="bbox 294 1591 1919 1905">
     <span class='ocr_line' id='line_1_20' title="bbox 294 1591 1917 1643; baseline 0.001 -14"><span class='ocrx_word' id='word_1_149' title='bbox 294 1609 311 1639; x_wconf 78' lang='lat'>5</span> <span class='ocrx_word' id='word_1_150' title='bbox 331 1591 409 1630; x_wconf 88' lang='lat' dir='ltr'>tibi</span> <span class='ocrx_word' id='word_1_151' title='bbox 435 1594 475 1630; x_wconf 87' lang='lat' dir='ltr'>et</span> <span class='ocrx_word' id='word_1_152' title='bbox 500 1592 607 1630; x_wconf 88' lang='lat' dir='ltr'>mihi</span> <span class='ocrx_word' id='word_1_153' title='bbox 633 1606 797 1642; x_wconf 86' lang='lat' dir='ltr'>operam</span> <span class='ocrx_word' id='word_1_154' title='bbox 820 1592 927 1640; x_wconf 82' lang='lat' dir='ltr'>dare,</span> <span class='ocrx_word' id='word_1_155' title='bbox 949 1606 1043 1630; x_wconf 87' lang='lat' dir='ltr'>cum</span> <span class='ocrx_word' id='word_1_156' title='bbox 1066 1593 1231 1642; x_wconf 88' lang='lat' dir='ltr'>propter</span> <span class='ocrx_word' id='word_1_157' title='bbox 1252 1592 1416 1642; x_wconf 83' lang='lat' dir='ltr'>publica</span> <span class='ocrx_word' id='word_1_158' title='bbox 1435 1594 1474 1631; x_wconf 89' lang='lat' dir='ltr'>et</span> <span class='ocrx_word' id='word_1_159' title='bbox 1494 1593 1616 1642; x_wconf 84' lang='lat' dir='ltr'>regia,</span> <span class='ocrx_word' id='word_1_160' title='bbox 1639 1594 1730 1630; x_wconf 90' lang='lat' dir='ltr'>tum</span> <span class='ocrx_word' id='word_1_161' title='bbox 1749 1595 1917 1643; x_wconf 88' lang='lat' dir='ltr'>propter</span> 
     </span>
     <span class='ocr_line' id='line_1_21' title="bbox 330 1658 1919 1709; baseline 0.001 -14"><span class='ocrx_word' id='word_1_162' title='bbox 330 1660 491 1707; x_wconf 83' lang='lat' dir='ltr'>priuata</span> <span class='ocrx_word' id='word_1_163' title='bbox 523 1660 563 1697; x_wconf 88' lang='lat' dir='ltr'>et</span> <span class='ocrx_word' id='word_1_164' title='bbox 593 1659 755 1708; x_wconf 87' lang='lat' dir='ltr'>propria</span> <span class='ocrx_word' id='word_1_165' title='bbox 784 1659 966 1709; x_wconf 86' lang='lat' dir='ltr'>negocia.</span> <span class='ocrx_word' id='word_1_166' title='bbox 1024 1658 1130 1707; x_wconf 78' lang='lat' dir='ltr'>Quid</span> <span class='ocrx_word' id='word_1_167' title='bbox 1159 1659 1208 1697; x_wconf 90' lang='lat' dir='ltr'>ad</span> <span class='ocrx_word' id='word_1_168' title='bbox 1238 1660 1279 1696; x_wconf 87' lang='lat' dir='ltr'>te</span> <span class='ocrx_word' id='word_1_169' title='bbox 1307 1659 1537 1708; x_wconf 85' lang='lat' dir='ltr'>scripturus</span> <span class='ocrx_word' id='word_1_170' title='bbox 1565 1658 1619 1696; x_wconf 89' lang='lat' dir='ltr'>sit</span> <span class='ocrx_word' id='word_1_171' title='bbox 1648 1658 1828 1709; x_wconf 88' lang='lat' dir='ltr'>quidque</span> <span class='ocrx_word' id='word_1_172' title='bbox 1856 1659 1919 1697; x_wconf 89' lang='lat' dir='ltr'>tui</span> 
     </span>
     <span class='ocr_line' id='line_1_22' title="bbox 332 1723 1914 1775; baseline 0.001 -14"><span class='ocrx_word' id='word_1_173' title='bbox 332 1723 489 1773; x_wconf 86' lang='lat' dir='ltr'>negocii</span> <span class='ocrx_word' id='word_1_174' title='bbox 508 1724 649 1773; x_wconf 80' lang='lat' dir='ltr'>egerit,</span> <span class='ocrx_word' id='word_1_175' title='bbox 667 1725 855 1763; x_wconf 92' lang='lat' dir='ltr'>nondum</span> <span class='ocrx_word' id='word_1_176' title='bbox 869 1725 991 1774; x_wconf 85' lang='lat' dir='ltr'>plane</span> <span class='ocrx_word' id='word_1_177' title='bbox 1006 1725 1111 1763; x_wconf 87' lang='lat' dir='ltr'>scio:</span> <span class='ocrx_word' id='word_1_178' title='bbox 1131 1726 1172 1762; x_wconf 90' lang='lat' dir='ltr'>et</span> <span class='ocrx_word' id='word_1_179' title='bbox 1187 1724 1297 1763; x_wconf 88' lang='lat' dir='ltr'>malo</span> <span class='ocrx_word' id='word_1_180' title='bbox 1316 1726 1356 1763; x_wconf 85' lang='lat' dir='ltr'>te</span> <span class='ocrx_word' id='word_1_181' title='bbox 1377 1724 1516 1763; x_wconf 89' lang='lat' dir='ltr'>omnia</span> <span class='ocrx_word' id='word_1_182' title='bbox 1535 1738 1583 1763; x_wconf 81' lang='lat' dir='ltr'>ex</span> <span class='ocrx_word' id='word_1_183' title='bbox 1603 1738 1648 1763; x_wconf 89' lang='lat' dir='ltr'>eo</span> <span class='ocrx_word' id='word_1_184' title='bbox 1668 1724 1770 1763; x_wconf 88' lang='lat' dir='ltr'>scire</span> <span class='ocrx_word' id='word_1_185' title='bbox 1791 1738 1914 1775; x_wconf 90' lang='lat' dir='ltr'>quam</span> 
     </span>
     <span class='ocr_line' id='line_1_23' title="bbox 330 1789 1917 1839; baseline 0.001 -13"><span class='ocrx_word' id='word_1_186' title='bbox 330 1802 379 1826; x_wconf 86' lang='lat' dir='ltr'>ex</span> <span class='ocrx_word' id='word_1_187' title='bbox 408 1802 485 1835; x_wconf 92' lang='lat' dir='ltr'>me,</span> <span class='ocrx_word' id='word_1_188' title='bbox 519 1789 590 1838; x_wconf 88' lang='lat' dir='ltr'>qui</span> <span class='ocrx_word' id='word_1_189' title='bbox 617 1802 733 1828; x_wconf 83' lang='lat' dir='ltr'>rarus</span> <span class='ocrx_word' id='word_1_190' title='bbox 761 1789 841 1827; x_wconf 88' lang='lat' dir='ltr'>sim</span> <span class='ocrx_word' id='word_1_191' title='bbox 870 1790 977 1839; x_wconf 88' lang='lat' dir='ltr'>apud</span> <span class='ocrx_word' id='word_1_192' title='bbox 1007 1803 1114 1827; x_wconf 91' lang='lat' dir='ltr'>eum.</span> <span class='ocrx_word' id='word_1_193' title='bbox 1175 1789 1363 1828; x_wconf 88' lang='lat' dir='ltr'>Sermoni</span> <span class='ocrx_word' id='word_1_194' title='bbox 1394 1791 1537 1828; x_wconf 87' lang='lat' dir='ltr'>nostro</span> <span class='ocrx_word' id='word_1_195' title='bbox 1571 1789 1691 1828; x_wconf 85' lang='lat' dir='ltr'>affuit</span> <span class='ocrx_word' id='word_1_196' title='bbox 1725 1789 1917 1828; x_wconf 84' lang='lat' dir='ltr'>Nicolaus</span> 
     </span>
     <span class='ocr_line' id='line_1_24' title="bbox 331 1845 1907 1905; baseline 0.001 -14"><span class='ocrx_word' id='word_1_197' title='bbox 331 1845 547 1901; x_wconf 54' lang='lat' dir='ltr'>Beraldusg</span> <span class='ocrx_word' id='word_1_198' title='bbox 567 1854 690 1892; x_wconf 91' lang='lat' dir='ltr'>homo</span> <span class='ocrx_word' id='word_1_199' title='bbox 710 1856 883 1904; x_wconf 83' lang='lat' dir='ltr'>Vtraque</span> <span class='ocrx_word' id='word_1_200' title='bbox 902 1855 1044 1904; x_wconf 85' lang='lat' dir='ltr'>lingua</span> <span class='ocrx_word' id='word_1_201' title='bbox 1064 1855 1207 1893; x_wconf 89' lang='lat' dir='ltr'>doctus</span> <span class='ocrx_word' id='word_1_202' title='bbox 1231 1857 1271 1893; x_wconf 88' lang='lat' dir='ltr'>et</span> <span class='ocrx_word' id='word_1_203' title='bbox 1295 1854 1372 1893; x_wconf 88' lang='lat' dir='ltr'>tibi</span> <span class='ocrx_word' id='word_1_204' title='bbox 1398 1855 1564 1902; x_wconf 87' lang='lat' dir='ltr'>amicus,</span> <span class='ocrx_word' id='word_1_205' title='bbox 1586 1854 1907 1905; x_wconf 84' lang='lat' dir='ltr'>Archiepiscopo</span> 
     </span>
    </p>

    <p class='ocr_par' dir='ltr' id='par_1_12' title="bbox 276 1918 1915 2099">
     <span class='ocr_line' id='line_1_25' title="bbox 276 1918 1914 1970; baseline 0.001 -13"><span class='ocrx_word' id='word_1_206' title='bbox 276 1937 312 1957; x_wconf 93' lang='lat'>10</span> <span class='ocrx_word' id='word_1_207' title='bbox 330 1919 413 1957; x_wconf 87' lang='lat' dir='ltr'>iam</span> <span class='ocrx_word' id='word_1_208' title='bbox 433 1918 552 1957; x_wconf 85' lang='lat' dir='ltr'>valde</span> <span class='ocrx_word' id='word_1_209' title='bbox 575 1919 813 1959; x_wconf 86' lang='lat' dir='ltr'>familiaris:</span> <span class='ocrx_word' id='word_1_210' title='bbox 842 1919 913 1969; x_wconf 88' lang='lat' dir='ltr'>qui</span> <span class='ocrx_word' id='word_1_211' title='bbox 938 1933 1033 1958; x_wconf 90' lang='lat' dir='ltr'>cum</span> <span class='ocrx_word' id='word_1_212' title='bbox 1059 1933 1104 1958; x_wconf 92' lang='lat' dir='ltr'>eo</span> <span class='ocrx_word' id='word_1_213' title='bbox 1130 1920 1175 1958; x_wconf 90' lang='lat' dir='ltr'>in</span> <span class='ocrx_word' id='word_1_214' title='bbox 1203 1920 1513 1958; x_wconf 85' lang='lat' dir='ltr'>Narbonensem</span> <span class='ocrx_word' id='word_1_215' title='bbox 1539 1920 1797 1970; x_wconf 86' lang='lat' dir='ltr'>prouinciam</span> <span class='ocrx_word' id='word_1_216' title='bbox 1823 1933 1914 1969; x_wconf 91' lang='lat' dir='ltr'>pro-</span> 
     </span>
     <span class='ocr_line' id='line_1_26' title="bbox 330 1983 1915 2035; baseline 0.001 -14"><span class='ocrx_word' id='word_1_217' title='bbox 330 1984 510 2022; x_wconf 79' lang='lat' dir='ltr'>fecturus</span> <span class='ocrx_word' id='word_1_218' title='bbox 529 1986 591 2022; x_wconf 89' lang='lat' dir='ltr'>est</span> <span class='ocrx_word' id='word_1_219' title='bbox 606 1983 682 2022; x_wconf 92' lang='lat' dir='ltr'>hoc</span> <span class='ocrx_word' id='word_1_220' title='bbox 702 1984 836 2022; x_wconf 85' lang='lat' dir='ltr'>triduo</span> <span class='ocrx_word' id='word_1_221' title='bbox 853 1999 861 2032; x_wconf 84' lang='lat'>;</span> <span class='ocrx_word' id='word_1_222' title='bbox 891 1997 1045 2034; x_wconf 86' lang='lat' dir='ltr'>egoque</span> <span class='ocrx_word' id='word_1_223' title='bbox 1065 1985 1110 2023; x_wconf 90' lang='lat' dir='ltr'>in</span> <span class='ocrx_word' id='word_1_224' title='bbox 1128 1998 1176 2023; x_wconf 91' lang='lat' dir='ltr'>eo</span> <span class='ocrx_word' id='word_1_225' title='bbox 1196 1985 1392 2024; x_wconf 87' lang='lat' dir='ltr'>comitatu</span> <span class='ocrx_word' id='word_1_226' title='bbox 1410 1999 1492 2034; x_wconf 86' lang='lat' dir='ltr'>ero,</span> <span class='ocrx_word' id='word_1_227' title='bbox 1511 1985 1593 2023; x_wconf 90' lang='lat' dir='ltr'>nisi</span> <span class='ocrx_word' id='word_1_228' title='bbox 1607 1985 1706 2035; x_wconf 89' lang='lat' dir='ltr'>quid</span> <span class='ocrx_word' id='word_1_229' title='bbox 1725 1985 1833 2024; x_wconf 91' lang='lat' dir='ltr'>mihi</span> <span class='ocrx_word' id='word_1_230' title='bbox 1847 1985 1915 2023; x_wconf 88' lang='lat' dir='ltr'>vel</span> 
     </span>
     <span class='ocr_line' id='line_1_27' title="bbox 330 2047 1189 2099; baseline 0.003 -14"><span class='ocrx_word' id='word_1_231' title='bbox 330 2047 413 2086; x_wconf 87' lang='lat' dir='ltr'>illis</span> <span class='ocrx_word' id='word_1_232' title='bbox 432 2048 654 2098; x_wconf 80' lang='lat' dir='ltr'>contingat⁷</span> <span class='ocrx_word' id='word_1_233' title='bbox 678 2049 749 2099; x_wconf 90' lang='lat' dir='ltr'>qui</span> <span class='ocrx_word' id='word_1_234' title='bbox 769 2050 902 2098; x_wconf 82' lang='lat' dir='ltr'>capita</span> <span class='ocrx_word' id='word_1_235' title='bbox 920 2063 1059 2087; x_wconf 89' lang='lat' dir='ltr'>rerum</span> <span class='ocrx_word' id='word_1_236' title='bbox 1079 2052 1189 2088; x_wconf 87' lang='lat' dir='ltr'>sunt.</span> 
     </span>
    </p>

    <p class='ocr_par' dir='ltr' id='par_1_13' title="bbox 330 2113 1918 2230">
     <span class='ocr_line' id='line_1_28' title="bbox 384 2113 1918 2165; baseline 0.001 -13"><span class='ocrx_word' id='word_1_237' title='bbox 384 2113 538 2163; x_wconf 83' lang='lat' dir='ltr'>Scripsi</span> <span class='ocrx_word' id='word_1_238' title='bbox 556 2113 606 2152; x_wconf 86' lang='lat' dir='ltr'>ad</span> <span class='ocrx_word' id='word_1_239' title='bbox 627 2116 666 2152; x_wconf 91' lang='lat' dir='ltr'>te</span> <span class='ocrx_word' id='word_1_240' title='bbox 686 2114 762 2152; x_wconf 88' lang='lat' dir='ltr'>hoc</span> <span class='ocrx_word' id='word_1_241' title='bbox 782 2128 922 2153; x_wconf 91' lang='lat' dir='ltr'>mense</span> <span class='ocrx_word' id='word_1_242' title='bbox 942 2128 1009 2153; x_wconf 92' lang='lat' dir='ltr'>me</span> <span class='ocrx_word' id='word_1_243' title='bbox 1027 2115 1245 2165; x_wconf 90' lang='lat' dir='ltr'>epistolam</span> <span class='ocrx_word' id='word_1_244' title='bbox 1261 2117 1377 2154; x_wconf 89' lang='lat' dir='ltr'>tuam</span> <span class='ocrx_word' id='word_1_245' title='bbox 1393 2128 1479 2154; x_wconf 87' lang='lat' dir='ltr'>non</span> <span class='ocrx_word' id='word_1_246' title='bbox 1493 2129 1540 2154; x_wconf 92' lang='lat' dir='ltr'>eo</span> <span class='ocrx_word' id='word_1_247' title='bbox 1560 2115 1648 2154; x_wconf 89' lang='lat' dir='ltr'>loco</span> <span class='ocrx_word' id='word_1_248' title='bbox 1663 2128 1918 2164; x_wconf 89' lang='lat' dir='ltr'>numeroque</span> 
     </span>
     <span class='ocr_line' id='line_1_29' title="bbox 330 2178 1916 2230; baseline 0.001 -14"><span class='ocrx_word' id='word_1_249' title='bbox 330 2178 479 2216; x_wconf 90' lang='lat' dir='ltr'>habere</span> <span class='ocrx_word' id='word_1_250' title='bbox 508 2192 588 2229; x_wconf 91' lang='lat' dir='ltr'>quo</span> <span class='ocrx_word' id='word_1_251' title='bbox 617 2181 664 2217; x_wconf 88' lang='lat' dir='ltr'>tu</span> <span class='ocrx_word' id='word_1_252' title='bbox 692 2192 757 2217; x_wconf 88' lang='lat' dir='ltr'>me</span> <span class='ocrx_word' id='word_1_253' title='bbox 786 2179 1025 2218; x_wconf 86' lang='lat' dir='ltr'>habiturum</span> <span class='ocrx_word' id='word_1_254' title='bbox 1053 2180 1220 2230; x_wconf 87' lang='lat' dir='ltr'>putasti,</span> <span class='ocrx_word' id='word_1_255' title='bbox 1253 2193 1326 2218; x_wconf 88' lang='lat' dir='ltr'>nec</span> <span class='ocrx_word' id='word_1_256' title='bbox 1358 2180 1436 2219; x_wconf 86' lang='lat' dir='ltr'>tibi</span> <span class='ocrx_word' id='word_1_257' title='bbox 1468 2180 1514 2218; x_wconf 88' lang='lat' dir='ltr'>in</span> <span class='ocrx_word' id='word_1_258' title='bbox 1543 2193 1590 2219; x_wconf 91' lang='lat' dir='ltr'>ea</span> <span class='ocrx_word' id='word_1_259' title='bbox 1624 2180 1916 2230; x_wconf 87' lang='lat' dir='ltr'>supprimenda</span> 
     </span>
    </p>

    <p class='ocr_par' dir='ltr' id='par_1_14' title="bbox 275 2244 1918 2554">
     <span class='ocr_line' id='line_1_30' title="bbox 275 2244 1918 2295; baseline -0.001 -11"><span class='ocrx_word' id='word_1_260' title='bbox 275 2264 309 2294; x_wconf 80' lang='lat'>15</span> <span class='ocrx_word' id='word_1_261' title='bbox 330 2244 513 2292; x_wconf 88' lang='lat' dir='ltr'>paruisse</span> <span class='ocrx_word' id='word_1_262' title='bbox 531 2244 813 2294; x_wconf 88' lang='lat' dir='ltr'>pariturumue</span> <span class='ocrx_word' id='word_1_263' title='bbox 837 2258 933 2284; x_wconf 85' lang='lat' dir='ltr'>esse.</span> <span class='ocrx_word' id='word_1_264' title='bbox 995 2245 1083 2295; x_wconf 84' lang='lat' dir='ltr'>Ego</span> <span class='ocrx_word' id='word_1_265' title='bbox 1108 2246 1318 2285; x_wconf 81' lang='lat' dir='ltr'>nihildum</span> <span class='ocrx_word' id='word_1_266' title='bbox 1343 2245 1555 2284; x_wconf 85' lang='lat' dir='ltr'>molestiae</span> <span class='ocrx_word' id='word_1_267' title='bbox 1580 2246 1632 2284; x_wconf 92' lang='lat' dir='ltr'>ob</span> <span class='ocrx_word' id='word_1_268' title='bbox 1652 2245 1775 2284; x_wconf 86' lang='lat' dir='ltr'>istam</span> <span class='ocrx_word' id='word_1_269' title='bbox 1800 2247 1918 2283; x_wconf 89' lang='lat' dir='ltr'>tuam</span> 
     </span>
     <span class='ocr_line' id='line_1_31' title="bbox 331 2308 1916 2361; baseline 0.001 -14"><span class='ocrx_word' id='word_1_270' title='bbox 331 2308 598 2347; x_wconf 88' lang='lat' dir='ltr'>offensionem</span> <span class='ocrx_word' id='word_1_271' title='bbox 616 2309 684 2347; x_wconf 85' lang='lat' dir='ltr'>vel</span> <span class='ocrx_word' id='word_1_272' title='bbox 707 2310 944 2349; x_wconf 86' lang='lat' dir='ltr'>offensionis</span> <span class='ocrx_word' id='word_1_273' title='bbox 969 2312 1163 2361; x_wconf 73' lang='grc' dir='ltr'>ὑπόκρισιν</span> <span class='ocrx_word' id='word_1_274' title='bbox 1188 2324 1333 2361; x_wconf 86' lang='lat' dir='ltr'>passus</span> <span class='ocrx_word' id='word_1_275' title='bbox 1359 2323 1480 2359; x_wconf 83' lang='lat' dir='ltr'>sum3</span> <span class='ocrx_word' id='word_1_276' title='bbox 1510 2311 1582 2360; x_wconf 89' lang='lat' dir='ltr'>qui</span> <span class='ocrx_word' id='word_1_277' title='bbox 1600 2312 1646 2349; x_wconf 85' lang='lat' dir='ltr'>vt</span> <span class='ocrx_word' id='word_1_278' title='bbox 1665 2310 1763 2349; x_wconf 87' lang='lat' dir='ltr'>iocis</span> <span class='ocrx_word' id='word_1_279' title='bbox 1781 2309 1916 2348; x_wconf 90' lang='lat' dir='ltr'>libens</span> 
     </span>
     <span class='ocr_line' id='line_1_32' title="bbox 331 2373 1912 2425; baseline 0.001 -14"><span class='ocrx_word' id='word_1_280' title='bbox 331 2375 432 2422; x_wconf 84' lang='lat' dir='ltr'>vtor,</span> <span class='ocrx_word' id='word_1_281' title='bbox 456 2373 513 2412; x_wconf 88' lang='lat' dir='ltr'>ita</span> <span class='ocrx_word' id='word_1_282' title='bbox 534 2374 634 2413; x_wconf 82' lang='lat' dir='ltr'>iocis</span> <span class='ocrx_word' id='word_1_283' title='bbox 659 2388 744 2413; x_wconf 91' lang='lat' dir='ltr'>non</span> <span class='ocrx_word' id='word_1_284' title='bbox 771 2375 854 2414; x_wconf 90' lang='lat' dir='ltr'>leui</span> <span class='ocrx_word' id='word_1_285' title='bbox 879 2376 928 2414; x_wconf 91' lang='lat' dir='ltr'>de</span> <span class='ocrx_word' id='word_1_286' title='bbox 951 2389 1071 2414; x_wconf 84' lang='lat' dir='ltr'>causa</span> <span class='ocrx_word' id='word_1_287' title='bbox 1094 2376 1288 2424; x_wconf 83' lang='lat' dir='ltr'>offendor,</span> <span class='ocrx_word' id='word_1_288' title='bbox 1312 2375 1537 2425; x_wconf 88' lang='lat' dir='ltr'>malimque</span> <span class='ocrx_word' id='word_1_289' title='bbox 1562 2388 1628 2414; x_wconf 91' lang='lat' dir='ltr'>me</span> <span class='ocrx_word' id='word_1_290' title='bbox 1654 2375 1762 2413; x_wconf 90' lang='lat' dir='ltr'>laedi</span> <span class='ocrx_word' id='word_1_291' title='bbox 1788 2388 1912 2425; x_wconf 89' lang='lat' dir='ltr'>quam</span> 
     </span>
     <span class='ocr_line' id='line_1_33' title="bbox 329 2439 1913 2489; baseline 0.001 -12"><span class='ocrx_word' id='word_1_292' title='bbox 329 2439 485 2478; x_wconf 88' lang='lat' dir='ltr'>laedere</span> <span class='ocrx_word' id='word_1_293' title='bbox 502 2453 511 2477; x_wconf 91' lang='lat'><strong>:</strong></span> <span class='ocrx_word' id='word_1_294' title='bbox 539 2452 663 2489; x_wconf 87' lang='lat' dir='ltr'>quam</span> <span class='ocrx_word' id='word_1_295' title='bbox 684 2440 886 2479; x_wconf 86' lang='lat' dir='ltr'>rationem</span> <span class='ocrx_word' id='word_1_296' title='bbox 906 2441 951 2479; x_wconf 86' lang='lat' dir='ltr'>in</span> <span class='ocrx_word' id='word_1_297' title='bbox 970 2441 1152 2479; x_wconf 84' lang='lat' dir='ltr'>amicitia</span> <span class='ocrx_word' id='word_1_298' title='bbox 1171 2441 1325 2480; x_wconf 87' lang='lat' dir='ltr'>tuenda</span> <span class='ocrx_word' id='word_1_299' title='bbox 1344 2441 1379 2479; x_wconf 89' lang='lat' dir='ltr'>si</span> <span class='ocrx_word' id='word_1_300' title='bbox 1398 2454 1493 2479; x_wconf 91' lang='lat' dir='ltr'>cum</span> <span class='ocrx_word' id='word_1_301' title='bbox 1511 2440 1604 2479; x_wconf 87' lang='lat' dir='ltr'>aliis</span> <span class='ocrx_word' id='word_1_302' title='bbox 1624 2440 1827 2478; x_wconf 88' lang='lat' dir='ltr'>initurum</span> <span class='ocrx_word' id='word_1_303' title='bbox 1846 2453 1913 2478; x_wconf 92' lang='lat' dir='ltr'>me</span> 
     </span>
     <span class='ocr_line' id='line_1_34' title="bbox 330 2504 1914 2554; baseline 0 -12"><span class='ocrx_word' id='word_1_304' title='bbox 330 2504 467 2553; x_wconf 84' lang='lat' dir='ltr'>statui,</span> <span class='ocrx_word' id='word_1_305' title='bbox 491 2506 645 2554; x_wconf 86' lang='lat' dir='ltr'>quanto</span> <span class='ocrx_word' id='word_1_306' title='bbox 664 2505 797 2554; x_wconf 88' lang='lat' dir='ltr'>magis</span> <span class='ocrx_word' id='word_1_307' title='bbox 815 2508 954 2544; x_wconf 89' lang='lat' dir='ltr'>tecum</span> <span class='ocrx_word' id='word_1_308' title='bbox 973 2508 1208 2545; x_wconf 87' lang='lat' dir='ltr'>retenturus</span> <span class='ocrx_word' id='word_1_309' title='bbox 1226 2519 1319 2544; x_wconf 91' lang='lat' dir='ltr'>sum</span> <span class='ocrx_word' id='word_1_310' title='bbox 1332 2507 1352 2544; x_wconf 84' lang='lat'>‘?</span> <span class='ocrx_word' id='word_1_311' title='bbox 1393 2505 1456 2554; x_wconf 80' lang='grc' dir='ltr'>ὑφ’</span> <span class='ocrx_word' id='word_1_312' title='bbox 1476 2505 1517 2544; x_wconf 75' lang='grc' dir='ltr'>οὗ</span> <span class='ocrx_word' id='word_1_313' title='bbox 1536 2507 1683 2544; x_wconf 84' lang='grc' dir='ltr'>πάντων</span> <span class='ocrx_word' id='word_1_314' title='bbox 1701 2508 1772 2543; x_wconf 85' lang='grc' dir='ltr'>τῶν</span> <span class='ocrx_word' id='word_1_315' title='bbox 1790 2505 1914 2554; x_wconf 82' lang='grc' dir='ltr'>φίλων</span> 
     </span>
    </p>

    <p class='ocr_par' dir='ltr' id='par_1_15' title="bbox 276 2570 1912 2750">
     <span class='ocr_line' id='line_1_35' title="bbox 276 2570 1912 2622; baseline 0.001 -15"><span class='ocrx_word' id='word_1_316' title='bbox 276 2591 313 2611; x_wconf 74' lang='lat'>20</span> <span class='ocrx_word' id='word_1_317' title='bbox 331 2572 402 2608; x_wconf 80' lang='grc' dir='ltr'>τῶν</span> <span class='ocrx_word' id='word_1_318' title='bbox 420 2587 460 2608; x_wconf 90' lang='grc' dir='ltr'>τε</span> <span class='ocrx_word' id='word_1_319' title='bbox 475 2571 685 2622; x_wconf 81' lang='grc' dir='ltr'>ἐλλογίμων</span> <span class='ocrx_word' id='word_1_320' title='bbox 701 2571 838 2621; x_wconf 80' lang='grc' dir='ltr'>ἀνδρῶν</span> <span class='ocrx_word' id='word_1_321' title='bbox 852 2572 1022 2621; x_wconf 80' lang='grc' dir='ltr'>μάλιστα</span> <span class='ocrx_word' id='word_1_322' title='bbox 1035 2571 1338 2610; x_wconf 82' lang='grc' dir='ltr'>πλεονεκτεῖσθαι</span> <span class='ocrx_word' id='word_1_323' title='bbox 1354 2571 1588 2622; x_wconf 81' lang='grc' dir='ltr'>ἀνασχοίμην</span> <span class='ocrx_word' id='word_1_324' title='bbox 1603 2570 1647 2609; x_wconf 82' lang='grc' dir='ltr'>ἂν</span> <span class='ocrx_word' id='word_1_325' title='bbox 1666 2571 1790 2622; x_wconf 84' lang='grc' dir='ltr'>ἔγωγε,</span> <span class='ocrx_word' id='word_1_326' title='bbox 1809 2570 1912 2608; x_wconf 77' lang='grc' dir='ltr'>οὐδὲν</span> 
     </span>
     <span class='ocr_line' id='line_1_36' title="bbox 333 2631 1912 2686; baseline 0.002 -18"><span class='ocrx_word' id='word_1_327' title='bbox 333 2631 535 2682; x_wconf 81' lang='grc' dir='ltr'>ἀχθόμενος</span> <span class='ocrx_word' id='word_1_328' title='bbox 561 2636 632 2671; x_wconf 81' lang='grc' dir='ltr'>τῶν</span> <span class='ocrx_word' id='word_1_329' title='bbox 661 2635 997 2686; x_wconf 82' lang='grc' dir='ltr'>ἀντιπεπαιγμένων</span> <span class='ocrx_word' id='word_1_330' title='bbox 1025 2652 1099 2682; x_wconf 85' lang='grc' dir='ltr'>σοι,</span> <span class='ocrx_word' id='word_1_331' title='bbox 1133 2635 1216 2673; x_wconf 79' lang='grc' dir='ltr'>οὐδὲ</span> <span class='ocrx_word' id='word_1_332' title='bbox 1244 2635 1287 2684; x_wconf 84' lang='grc' dir='ltr'>δὴ</span> <span class='ocrx_word' id='word_1_333' title='bbox 1317 2638 1499 2684; x_wconf 84' lang='grc' dir='ltr'>φορτικῶς</span> <span class='ocrx_word' id='word_1_334' title='bbox 1532 2635 1736 2684; x_wconf 84' lang='grc' dir='ltr'>ἑρμηνεύων</span> <span class='ocrx_word' id='word_1_335' title='bbox 1759 2634 1806 2672; x_wconf 80' lang='grc' dir='ltr'>τὰ</span> <span class='ocrx_word' id='word_1_336' title='bbox 1829 2651 1912 2671; x_wconf 87' lang='grc' dir='ltr'>παι-</span> 
     </span>
     <span class='ocr_line' id='line_1_37' title="bbox 333 2697 1911 2750; baseline 0.001 -15"><span class='ocrx_word' id='word_1_337' title='bbox 333 2697 488 2747; x_wconf 81' lang='grc' dir='ltr'>γνιωὸὧς</span> <span class='ocrx_word' id='word_1_338' title='bbox 526 2698 622 2748; x_wconf 80' lang='grc' dir='ltr'>ἔχειν</span> <span class='ocrx_word' id='word_1_339' title='bbox 659 2698 846 2737; x_wconf 78' lang='grc' dir='ltr'>δοκοῦντα.</span> <span class='ocrx_word' id='word_1_340' title='bbox 904 2699 1000 2738; x_wconf 83' lang='grc' dir='ltr'>Οὐδὲ</span> <span class='ocrx_word' id='word_1_341' title='bbox 1029 2700 1072 2748; x_wconf 81' lang='grc' dir='ltr'>δὴ</span> <span class='ocrx_word' id='word_1_342' title='bbox 1102 2701 1161 2738; x_wconf 81' lang='grc' dir='ltr'>καὶ</span> <span class='ocrx_word' id='word_1_343' title='bbox 1197 2700 1399 2750; x_wconf 77' lang='grc' dir='ltr'>τηλικαύτῃ</span> <span class='ocrx_word' id='word_1_344' title='bbox 1432 2699 1502 2748; x_wconf 83' lang='grc' dir='ltr'>ἤδη</span> <span class='ocrx_word' id='word_1_345' title='bbox 1531 2698 1789 2750; x_wconf 77' lang='grc' dir='ltr'>εὐγνωμοσύνῃ</span> <span class='ocrx_word' id='word_1_346' title='bbox 1821 2698 1911 2749; x_wconf 88' lang='grc' dir='ltr'>χρή-</span> 
     </span>
    </p>
   </div>
   <div class='ocr_carea' id='block_1_8' title="bbox 333 2762 1913 2815">
    <p class='ocr_par' dir='ltr' id='par_1_16' title="bbox 333 2762 1913 2815">
     <span class='ocr_line' id='line_1_38' title="bbox 333 2762 1913 2815; baseline 0.001 -15"><span class='ocrx_word' id='word_1_347' title='bbox 333 2762 474 2801; x_wconf 81' lang='grc' dir='ltr'>σασθαι</span> <span class='ocrx_word' id='word_1_348' title='bbox 513 2764 650 2802; x_wconf 87' lang='grc' dir='ltr'>σαυτὸν</span> <span class='ocrx_word' id='word_1_349' title='bbox 689 2765 895 2803; x_wconf 85' lang='grc' dir='ltr'>ἀναπείθειν</span> <span class='ocrx_word' id='word_1_350' title='bbox 930 2782 994 2815; x_wconf 86' lang='grc' dir='ltr'>μοι</span> <span class='ocrx_word' id='word_1_351' title='bbox 1031 2765 1155 2812; x_wconf 77' lang='grc' dir='ltr'>δοκεῖς,</span> <span class='ocrx_word' id='word_1_352' title='bbox 1195 2766 1237 2803; x_wconf 85' lang='grc' dir='ltr'>οὗ</span> <span class='ocrx_word' id='word_1_353' title='bbox 1283 2765 1461 2814; x_wconf 87' lang='grc' dir='ltr'>πρότερον</span> <span class='ocrx_word' id='word_1_354' title='bbox 1499 2764 1607 2804; x_wconf 79' lang='grc' dir='ltr'>αὐτὸς</span> <span class='ocrx_word' id='word_1_355' title='bbox 1649 2763 1913 2815; x_wconf 87' lang='grc' dir='ltr'>φιλοπαίγμων</span> 
     </span>
    </p>
   </div>
   <div class='ocr_carea' id='block_1_9' title="bbox 563 2868 1681 2901">
    <p class='ocr_par' dir='ltr' id='par_1_17' title="bbox 563 2868 1681 2901">
     <span class='ocr_line' id='line_1_39' title="bbox 563 2868 1681 2901; baseline 0.002 -3"><span class='ocrx_word' id='word_1_356' title='bbox 563 2869 638 2900; x_wconf 83' lang='grc'><strong>929.</strong></span> <span class='ocrx_word' id='word_1_357' title='bbox 667 2880 714 2901; x_wconf 83' lang='lat'>11.</span> <span class='ocrx_word' id='word_1_358' title='bbox 740 2870 831 2901; x_wconf 84' lang='lat' dir='ltr'>mihi</span> <span class='ocrx_word' id='word_1_359' title='bbox 848 2871 904 2901; x_wconf 63' lang='lat' dir='ltr'>vel</span> <span class='ocrx_word' id='word_1_360' title='bbox 921 2871 994 2901; x_wconf 82' lang='lat' dir='ltr'>illis</span> <span class='ocrx_word' id='word_1_361' title='bbox 1011 2872 1063 2901; x_wconf 90' lang='lat' dir='ltr'>N:</span> <span class='ocrx_word' id='word_1_362' title='bbox 1086 2869 1159 2900; x_wconf 85' lang='lat' dir='ltr'>illis</span> <span class='ocrx_word' id='word_1_363' title='bbox 1175 2869 1312 2900; x_wconf 85' lang='lat' dir='ltr'>mihine</span> <span class='ocrx_word' id='word_1_364' title='bbox 1328 2872 1378 2900; x_wconf 82' lang='lat' dir='ltr'>E:</span> <span class='ocrx_word' id='word_1_365' title='bbox 1401 2868 1540 2900; x_wconf 88' lang='lat' dir='ltr'>mihiue</span> <span class='ocrx_word' id='word_1_366' title='bbox 1558 2868 1632 2899; x_wconf 83' lang='lat' dir='ltr'>illis</span> <span class='ocrx_word' id='word_1_367' title='bbox 1646 2871 1681 2900; x_wconf 80' lang='lat' dir='ltr'>F.</span> 
     </span>
    </p>
   </div>
   <div class='ocr_carea' id='block_1_10' title="bbox 338 2966 1674 3051">
    <p class='ocr_par' dir='ltr' id='par_1_18' title="bbox 338 2966 1674 3051">
     <span class='ocr_line' id='line_1_40' title="bbox 380 2966 1674 3009; baseline 0.001 -13"><span class='ocrx_word' id='word_1_368' title='bbox 380 2966 453 2998; x_wconf 77' lang='lat'><strong>929.</strong></span> <span class='ocrx_word' id='word_1_369' title='bbox 473 2977 503 3005; x_wconf 84' lang='lat'>3.</span> <span class='ocrx_word' id='word_1_370' title='bbox 529 2968 740 3009; x_wconf 81' lang='lat' dir='ltr'>scripsisset]</span> <span class='ocrx_word' id='word_1_371' title='bbox 759 2969 804 2999; x_wconf 87' lang='lat' dir='ltr'>In</span> <span class='ocrx_word' id='word_1_372' title='bbox 820 2978 961 2999; x_wconf 88' lang='lat' dir='ltr'>answer</span> <span class='ocrx_word' id='word_1_373' title='bbox 979 2970 1014 2999; x_wconf 82' lang='lat' dir='ltr'>to</span> <span class='ocrx_word' id='word_1_374' title='bbox 1032 2968 1092 2998; x_wconf 85' lang='lat' dir='ltr'>the</span> <span class='ocrx_word' id='word_1_375' title='bbox 1204 2976 1236 3006; x_wconf 94' lang='lat'>9.</span> <span class='ocrx_word' id='word_1_376' title='bbox 1258 2966 1448 3008; x_wconf 74' lang='lat' dir='ltr'>Bel-aldus]</span> <span class='ocrx_word' id='word_1_377' title='bbox 1467 2967 1529 2997; x_wconf 90' lang='lat' dir='ltr'>See</span> <span class='ocrx_word' id='word_1_378' title='bbox 1546 2976 1579 3006; x_wconf 93' lang='lat' dir='ltr'>p.</span> <span class='ocrx_word' id='word_1_379' title='bbox 1599 2976 1674 3005; x_wconf 82' lang='lat'><strong>503.</strong></span> 
     </span>
     <span class='ocr_line' id='line_1_41' title="bbox 338 3009 1608 3051; baseline 0 -11"><span class='ocrx_word' id='word_1_380' title='bbox 338 3009 444 3040; x_wconf 86' lang='lat' dir='ltr'>letter</span> <span class='ocrx_word' id='word_1_381' title='bbox 461 3011 667 3042; x_wconf 85' lang='lat' dir='ltr'>mentioned</span> <span class='ocrx_word' id='word_1_382' title='bbox 684 3013 723 3042; x_wconf 87' lang='lat' dir='ltr'>in</span> <span class='ocrx_word' id='word_1_383' title='bbox 739 3012 800 3051; x_wconf 84' lang='lat' dir='ltr'>Ep.</span> <span class='ocrx_word' id='word_1_384' title='bbox 819 3014 893 3051; x_wconf 90' lang='lat'><strong>906.</strong></span> <span class='ocrx_word' id='word_1_385' title='bbox 914 3022 984 3050; x_wconf 85' lang='lat'><strong>504.</strong></span> <span class='ocrx_word' id='word_1_386' title='bbox 1208 3019 1257 3049; x_wconf 88' lang='lat'>13.</span> <span class='ocrx_word' id='word_1_387' title='bbox 1283 3010 1431 3051; x_wconf 87' lang='lat' dir='ltr'>Scripsi]</span> <span class='ocrx_word' id='word_1_388' title='bbox 1454 3011 1517 3050; x_wconf 90' lang='lat' dir='ltr'>Ep.</span> <span class='ocrx_word' id='word_1_389' title='bbox 1535 3020 1608 3049; x_wconf 86' lang='lat'><strong>924.</strong></span> 
     </span>
    </p>
   </div>
  </div>
 </body>
</html>
