2034 3433
155 182 253 237 858]
733 182 803 222 'ro
840 182 996 222 PAUL
1033 181 1178 221 VOLZ
1498 189 1502 193 ’
1667 180 1746 217 363

151 292 323 329 omnino
350 290 405 329 sit
427 290 648 329 eruditum.
709 290 774 328 Sit
797 303 895 328 sane
918 301 1065 339 parum
1089 290 1243 335 acutus,
1267 286 1389 325 modo
1408 285 1464 324 sit
1482 285 1588 334 pius.
1651 284 1743 322 Non

151 357 294 395 reddat
324 357 552 395 instructos
576 357 627 395 ad
652 355 874 406 palestram
899 354 1178 401 sorbonicam,
1202 354 1325 392 modo
1348 352 1492 391 reddat
1516 353 1742 390 instructos

149 422 199 460 ad
230 421 573 472 tranquillitatem
602 421 892 461 Christianam.
954 419 1049 458 Non
1071 418 1193 457 faciat
1212 418 1262 456 ad
1283 417 1609 467 disputationem
1629 417 1743 455 theo-

149 486 334 537 logicam,
358 487 481 526 modo
500 487 622 526 faciat
639 486 689 525 ad
708 486 839 524 vitam
857 484 1141 534 theologicam.
1203 484 1410 531 Quorsum
1436 484 1575 521 autem
1593 482 1743 520 attinet
1763 497 1802 528 35

148 552 227 590 hoc
260 554 437 592 tractare
467 553 577 603 quod
612 566 735 591 nemo
774 565 858 590 non
891 551 1078 590 tractat?
1145 550 1248 597 Quis
1280 549 1404 587 hodie
1442 562 1525 587 non
1556 549 1743 587 versatur

151 618 195 656 in
228 618 538 668 quaestionibus
571 618 848 668 theologicis?
886 618 958 654 aut
991 616 1088 666 quid
1124 615 1238 653 aliud
1269 616 1398 664 agunt
1431 615 1740 664 gymnasiorum

150 684 340 722 examina
353 685 374 722 ‘?
429 684 507 722 Tot
527 697 632 734 pene
655 686 754 722 sunt
773 684 818 721 in
839 682 1151 722 Sententiarum
1170 681 1300 719 libros
1320 680 1619 727 commentarii,
1642 681 1744 729 quot

150 748 437 799 theologorum
471 751 652 788 nomina.
711 750 812 797 Quis
847 747 1214 786 summulariorum
1247 747 1396 784 modus
1426 748 1497 783 aut
1528 758 1738 793 numerus,

147 813 260 852 aliud
300 828 350 852 ex
386 815 468 853 alio
505 815 775 853 miscentium
810 827 854 852 ac
890 812 1215 859 remiscentium,
1250 814 1290 849 et
1326 810 1740 860 pharmacopolarum
1760 824 1803 855 40

148 879 232 917 ritu
263 893 312 918 ex
342 881 463 918 nouis
494 882 641 927 vetera,
669 893 719 918 ex
748 879 957 918 veteribus
987 891 1107 919 noua,
1137 891 1158 915 e
1187 876 1378 926 pluribus
1407 889 1552 924 vnum,
1580 889 1631 914 ex
1657 888 1741 914 vno

149 944 267 993 plura
291 945 468 984 subinde
491 945 742 996 fingentium
769 958 814 984 ac
843 943 1174 994 refingentium‘?
1230 943 1310 990 Qui
1339 942 1411 980 fiet
1430 943 1476 980 vt
1501 941 1740 979 huiusmodi

148 1010 411 1049 voluminum
440 1011 571 1050 moles
600 1024 675 1049 nos
703 1011 754 1049 ad
783 1011 891 1049 recte
930 1009 1159 1047 viuendum
1188 1008 1424 1054 instituant,
1458 1019 1561 1056 quae
1590 1020 1642 1044 ne
1669 1019 1743 1054 per

147 1088 315 1114 omnem
350 1077 517 1126 quidem
548 1078 679 1115 vitam
712 1078 827 1115 vacet
862 1075 1083 1114 euoluere?
1138 1073 1281 1111 Veluti
1314 1073 1349 1110 si
1381 1073 1564 1110 medicus
1597 1071 1741 1110 morbo

149 1144 445 1189 praesentaneo
479 1142 683 1180 laboranti
715 1140 973 1192 praescribat,
1003 1142 1049 1178 vt
1080 1139 1222 1177 Iacobi
1251 1152 1274 1176 a
1307 1137 1505 1176 Partibus
1535 1137 1663 1175 libros
1697 1149 1741 1174 ac
1759 1139 1799 1172 45

149 1206 330 1255 reliquos
359 1207 427 1245 his
456 1208 689 1246 adsimileis
716 1207 879 1245 omneis
905 1206 1081 1253 euoluat,
1103 1204 1190 1242 illic
1214 1205 1454 1253 reperturus
1483 1216 1562 1252 quo
1587 1202 1740 1240 valetu-

145 1271 288 1310 dinem
318 1274 477 1312 sarciat.
538 1275 597 1312 At
626 1274 738 1312 hunc
764 1273 919 1311 interea
940 1285 1053 1310 mors
1082 1270 1299 1320 occuparit,
1322 1282 1397 1307 nec
1420 1269 1497 1307 erit
1518 1269 1583 1306 cui
1608 1268 1742 1318 possit

144 1339 341 1376 succurri.

199 1403 252 1441 In
281 1405 399 1442 tanta
426 1406 574 1443 aetatis
598 1405 822 1454 fugacitate
851 1405 993 1454 parato
1021 1405 1292 1452 promptoque
1318 1400 1501 1438 remedio
1531 1401 1595 1437 est
1623 1411 1739 1448 opus.

149 1468 262 1516 Quot
294 1469 582 1509 voluminibus
613 1470 870 1520 praecipiunt
905 1470 955 1507 de
989 1468 1266 1515 restitutione,
1304 1466 1353 1504 de
1392 1465 1657 1512 confessione,
1692 1463 1742 1501 de
1761 1477 1803 1507 50

146 1534 266 1581 votis,
303 1534 353 1572 de
389 1535 605 1584 scandalis,
648 1536 779 1585 deque
815 1535 910 1573 aliis
949 1533 1215 1572 innumeris?
1270 1532 1458 1580 Cumque
1496 1529 1741 1568 minutatim

144 1600 358 1637 excutiant
391 1601 566 1650 singula,
599 1601 764 1651 singula
797 1601 855 1639 sic
889 1600 1091 1638 definiant
1119 1598 1236 1648 quasi
1265 1599 1517 1635 caeterorum
1551 1594 1739 1632 omnium

143 1665 323 1715 ingeniis
358 1665 559 1714 diffidant,
593 1667 679 1705 imo
712 1666 829 1716 quasi
863 1665 1021 1704 Christi
1055 1664 1245 1702 diffidant
1274 1661 1462 1709 bonitati,
1493 1661 1594 1699 dum
1624 1661 1740 1709 ῥητῶς

141 1731 428 1780 praescribunt
456 1731 556 1781 quid
581 1732 654 1770 ille
679 1732 826 1781 cuique
847 1731 957 1769 facto
980 1730 1048 1770 vel
1067 1729 1242 1779 praemii
1268 1727 1413 1766 debeat
1432 1727 1498 1765 vel
1518 1725 1711 1775 supplicii
1730 1739 1739 1772 ;

144 1799 285 1835 tamen
305 1809 380 1835 nec
397 1797 509 1835 inter
528 1811 571 1836 se
590 1797 870 1843 consentiunt,
895 1810 970 1834 nec
989 1795 1206 1845 aliquoties
1227 1807 1313 1832 rem
1338 1792 1496 1841 liquido
1516 1791 1734 1840 explicant,
1759 1801 1798 1833 55

143 1861 181 1900 si
199 1861 372 1911 propius
398 1862 678 1901 consulantur.
738 1854 957 1901 Tanta⁸est
978 1861 1045 1900 vel
1064 1860 1330 1910 ingeniorum
1353 1858 1420 1896 vel
1440 1856 1739 1896 circumstanti-

143 1940 263 1965 arum
293 1928 481 1966 varietas.
541 1928 683 1976 Porro,
719 1930 766 1966 vt
800 1928 941 1966 omnia
973 1940 1080 1974 vere,
1110 1928 1158 1964 vt
1185 1925 1327 1963 omnia
1353 1924 1460 1961 recte
1489 1921 1735 1969 definierint,

143 1993 428 2041 praeterquam
463 1994 574 2043 quod
611 1993 748 2031 ieiune
786 1992 1013 2043 frigideque
1045 1992 1277 2029 tractantur
1308 1989 1399 2036 ista,
1434 1989 1557 2037 quoto
1591 1986 1738 2036 cuique

142 2058 260 2096 vacat
278 2059 445 2096 tantum
464 2058 728 2097 voluminum
748 2058 939 2096 euoluere
951 2059 972 2096 ⁶?
999 2059 1071 2095 aut
1091 2056 1183 2106 quis
1204 2054 1337 2104 possit
1355 2066 1496 2091 secum
1512 2050 1737 2101 Aquinatis

144 2122 355 2161 Secundae
392 2124 616 2162 secundam
653 2124 950 2162 circumferre?
1017 2123 1071 2160 Et
1108 2124 1248 2160 tamen
1290 2119 1448 2157 nullius
1485 2130 1570 2155 non
1611 2116 1738 2155 refert
1756 2118 1798 2150 60

143 2187 247 2226 bene
274 2187 430 2235 viuere,
451 2189 501 2227 ad
531 2190 640 2238 quod
668 2188 860 2227 Christus
887 2187 1083 2226 omnibus
1110 2186 1270 2225 aditum
1296 2184 1459 2222 facilem
1481 2196 1570 2221 esse
1590 2181 1734 2227 voluit,

145 2266 230 2291 non
268 2253 627 2302 inexplicabilibus
667 2253 997 2303 disputationum
1035 2251 1297 2300 labirynthis,
1332 2249 1404 2288 sed
1436 2249 1517 2286 fide
1550 2259 1733 2296 syncera,

143 2318 342 2357 charitate
355 2331 439 2356 non
454 2318 559 2366 ficta,
577 2332 698 2368 quam
714 2319 935 2356 comitatur
950 2331 1045 2367 spes
1062 2329 1166 2366 quae
1181 2328 1265 2353 non
1283 2314 1452 2364 pudefit.
1504 2312 1735 2357 Postremo,

144 2385 363 2422 versentur
382 2383 425 2421 in
450 2384 613 2433 magnis
642 2384 729 2422 illis
757 2382 1046 2422 voluminibus
1071 2381 1214 2429 magni
1240 2378 1388 2426 rabini,
1411 2378 1484 2428 qui
1507 2377 1627 2426 pauci
1652 2376 1739 2414 sint

142 2450 329 2498 oportet;
367 2450 409 2486 at
443 2448 576 2487 nihilo
615 2450 748 2488 secius
788 2448 956 2486 interim
990 2445 1207 2496 imperitae
1240 2442 1518 2489 multitudini,
1554 2454 1627 2490 pro
1660 2453 1739 2491 qua
1757 2445 1797 2486 65

144 2515 335 2552 mortuus
365 2516 427 2552 est.
461 2513 664 2562 Christus,
689 2513 990 2553 consulendum
1019 2513 1091 2550 est.
1153 2510 1423 2559 Praecipuam
1453 2509 1592 2545 autem
1622 2505 1738 2545 Chri—

144 2578 303 2617 stianae
339 2577 507 2628 pietatis
540 2580 774 2629 portionem
813 2578 963 2623 docuit,
997 2576 1185 2627 quisquis
1217 2575 1269 2614 ad
1303 2563 1430 2612 huius
1461 2571 1738 2610 inflammauit

143 2656 341 2682 amorem.
401 2644 572 2693 Sapiens
601 2644 672 2683 ille
700 2645 789 2683 Rex
816 2644 953 2682 filium
979 2642 1208 2681 instituens
1235 2641 1285 2678 ad
1309 2652 1452 2679 veram
1475 2636 1736 2687 sapientiam,

462 2751 514 2779 5ο.
537 2742 581 2772 de
598 2743 691 2773 votis
707 2745 782 2774 add.
800 2744 842 2773 H.
988 2750 1040 2779 57.
1064 2741 1104 2770 vt
1114 2742 1184 2776 post
1199 2748 1281 2769 vere
1297 2748 1357 2768 om.
1374 2738 1416 2766 N.

185 2833 238 2863 39.
252 2823 584 2864 summulariorum]
592 2823 642 2855 cf.
651 2824 714 2863 Ep.
721 2833 862 2863 531.152
870 2833 905 2854 n.
978 2822 1071 2861 1498,
1092 2820 1183 2850 with
1199 2829 1220 2850 a
1235 2819 1373 2858 preface
1390 2818 1436 2856 by
1451 2816 1549 2847 John
1566 2815 1736 2845 Lascaris.

186 2876 239 2906 45.
265 2876 285 2897 a
302 2867 483 2908 Partibus]
499 2867 570 2898 Jas.
584 2867 737 2906 Despars
751 2867 905 2906 (1380—
975 2866 1038 2896 See
1056 2863 1126 2896 GE.
1144 2864 1187 2893 88
1200 2873 1234 2893 n.
1252 2862 1324 2892 and
1342 2859 1555 2904 Chevaliess

143 2921 163 2950 3
175 2911 196 2941 J
199 2920 257 2941 an.
272 2911 369 2949 1458)
384 2910 421 2941 of
430 2911 607 2949 Tournay,
622 2920 734 2941 canon
748 2911 786 2941 of
795 2911 904 2941 Notre
1018 2909 1070 2938 60.
1099 2905 1300 2946 Secundae]
1324 2915 1365 2936 sc.
1391 2903 1504 2943 partis
1527 2903 1676 2942 partem,
1702 2901 1741 2932 of

142 2953 256 2985 Darne
266 2957 304 2985 at
315 2953 414 2984 Paris
427 2963 519 2993 1447.
546 2954 616 2984 His
625 2953 764 2984 edition
775 2953 814 2984 of
819 2953 903 2984 Avi-
974 2952 1147 2991 Aquinas'
1166 2953 1300 2980 Summa
1315 2950 1497 2984 Theoloyiae.

143 3007 268 3037 cenna,
291 2997 462 3037 prepared
487 3006 645 3037 1432—42,
664 3007 737 3027 was
758 2996 903 3036 printed
1019 2996 1071 3032 63.
1096 2993 1190 3033 spes]
1216 2992 1268 3023 Cf.
1287 2991 1387 3022 Rom.
1405 3001 1435 3030 5.
1454 2999 1484 3029 5.

143 3041 190 3081 by
203 3040 368 3072 Trechsel
390 3041 462 3072 and
485 3040 597 3080 Clein,
616 3041 744 3081 Lyons,
763 3050 804 3078 24
822 3040 902 3071 Dec.
1018 3038 1070 3069 66.
1095 3035 1274 3076 mortuus]
1293 3035 1343 3066 Cf.
1367 3045 1380 3064 1
1401 3035 1479 3066 Cor.
1498 3034 1528 3065 8.
1551 3042 1600 3065 11.
