2034 3433
306 166 386 204 402
766 164 1017 204 LETTERS
1057 164 1126 203 OF
1164 163 1429 203 ERASMUS
1775 159 1896 214 [1518

767 290 917 331 ⁸54868.
979 289 1044 330 To
1075 289 1296 330 AMBROSE
1327 289 1428 329 LEO.

352 359 516 405 Farrago
533 371 569 404 p.
591 361 667 403 326.
1559 354 1739 391 Louvain.

354 416 393 453 F.
410 429 445 462 p.
465 427 554 462 431:
580 415 673 452 HN:
701 416 816 451 Lond.
834 427 866 450 x.
889 425 953 460 29:
979 415 1053 450 LB.
1071 415 1156 458 466.
1455 422 1497 458 15
1517 413 1679 449 October
1698 411 1852 459 (1518).

335 518 540 548 ERASMVS
570 517 902 549 ROTERODAMVS
933 517 1163 548 AMBROSIO
1194 517 1331 547 LEONI
1362 516 1538 547 INSIGNI
1569 516 1744 547 MEDICO
1776 515 1810 544 S.
1833 514 1876 544 D.

361 599 449 647 Qvo
471 599 613 637 minus
642 600 873 648 expectatae
897 600 1102 637 venerunt
1122 600 1216 637 tuae
1243 597 1396 646 literae,
1419 597 1618 636 Ambrosi
1647 596 1898 644 doctissime,

309 665 385 703 hoe
414 664 520 703 mihi
547 665 643 714 plus
671 664 899 713 voluptatis
927 664 1167 702 attulerunt.
1236 663 1303 702 Sic
1336 664 1448 702 enim
1483 663 1590 701 mihi
1618 665 1752 701 totam
1781 661 1899 700 illam

308 732 469 768 nostrae
503 729 814 768 consuetudinis
847 730 1095 768 memoriam
1129 731 1394 777 renouarunt,
1434 731 1482 768 vt
1515 742 1583 769 eas
1617 729 1758 779 legens
1790 728 1898 778 apud

306 796 485 833 Venetos
521 794 629 833 mihi
667 794 830 833 viderer
863 808 991 845 agere,
1024 798 1185 834 veteres
1222 796 1376 834 amicos
1412 808 1526 833 meos
1554 794 1663 833 tueri
1691 807 1830 832 coram
1859 795 1901 832 et

268 876 286 908 5
306 859 510 910 amplecti,
543 859 715 908 Aldum‚
750 861 984 909 Baptistam
1017 860 1256 911 Egnatium,
1289 860 1599 909 Hieronymum
1628 859 1897 907 Aleandrum,

308 926 359 964 M.
408 926 637 971 Musurum,
682 928 723 965 te
769 939 865 965 cum
907 927 1053 976 primis
1095 927 1323 965 amicorum
1363 927 1556 965 omnium
1586 926 1895 966 suauissimum.

305 992 496 1039 Agnosco
515 990 794 1041 lepidissimos
820 994 915 1030 tuos
941 1005 1075 1031 mores
1103 993 1147 1031 in
1177 993 1350 1043 epistola
1377 994 1460 1040 tua,
1484 1006 1588 1042 quae
1613 994 1702 1031 tota
1728 992 1829 1031 iocis
1855 1005 1902 1031 ac

307 1057 460 1095 salibus
479 1059 618 1096 scatet.
680 1058 713 1096 O
730 1059 771 1095 te
791 1058 955 1097 felicem
975 1059 1042 1098 cui
1066 1059 1290 1109 contigerit
1313 1060 1359 1097 in
1379 1059 1673 1109 pulcherrimis
1692 1059 1842 1098 studiis
1860 1061 1902 1098 et

307 1122 352 1161 in
378 1124 478 1162 vrbe
500 1123 621 1162 facile
647 1123 837 1163 omnium
860 1124 1272 1174 magnificentissima
1299 1125 1409 1163 inter
1434 1124 1630 1174 patricios
1653 1126 1695 1163 et
1717 1125 1903 1164 eruditos

250 1203 288 1225 ιο
306 1188 419 1227 viros
456 1191 771 1228 consenescere!
812 1203 908 1228 cum
941 1203 1008 1229 me
1036 1204 1155 1230 meus
1184 1191 1330 1242 genius
1361 1191 1550 1241 pluribus
1581 1191 1744 1230 casibus
1777 1193 1900 1241 atque

306 1253 513 1292 erroribus
532 1256 758 1293 exercuerit
784 1269 908 1305 quam
932 1269 1117 1307 vnquam
1146 1256 1367 1307 Neptunus
1393 1257 1584 1306 Vlyssem
1611 1256 1897 1295 Homericum.

306 1320 366 1357 At
395 1332 447 1357 ne
477 1319 574 1369 quid
603 1320 754 1359 horum
781 1321 943 1360 tribuas
975 1323 1278 1361 inconstantiae
1311 1323 1452 1371 animi,
1487 1324 1533 1361 in
1565 1324 1682 1362 tanta
1718 1322 1901 1361 fatorum

306 1384 505 1423 varietate
524 1398 685 1436 semper
702 1386 813 1425 idem
832 1400 878 1425 ac
899 1388 964 1425 sui
985 1387 1228 1427 simillimus
1247 1388 1327 1427 fuit
1347 1389 1556 1427 Erasmus.
1617 1388 1702 1427 Nec
1718 1401 1901 1438 vnquam

308 1448 415 1487 alius
435 1450 495 1487 fui
516 1463 640 1500 quam
661 1464 783 1498 sum;
813 1452 884 1490 sed
904 1452 963 1491 ita
990 1452 1146 1492 ferebat
1171 1453 1335 1492 fabulae
1359 1454 1475 1501 ratio,
1499 1454 1580 1492 alia
1606 1453 1786 1493 subinde
1814 1456 1901 1492 erat

250 1531 286 1562 15
308 1515 464 1564 agenda
482 1529 667 1566 persona.
726 1518 779 1555 Et
798 1519 939 1556 tamen
958 1521 1050 1556 tum
1071 1519 1240 1557 demum
1258 1518 1364 1557 mihi
1383 1519 1646 1569 Pythagoras
1665 1532 1711 1557 ac
1731 1518 1903 1557 Proteos

308 1579 514 1628 obiiceres,
548 1581 584 1619 si
613 1595 756 1620 nosses
785 1595 931 1621 omnes
959 1583 1120 1622 fabulae
1153 1586 1319 1623 nostrae
1349 1585 1519 1623 scenas!
1588 1572 1759 1632 Quoties
1787 1583 1900 1622 enim

306 1647 399 1694 post
416 1645 489 1683 illa
508 1659 575 1683 me
595 1647 846 1696 sepelierunt
866 1648 946 1696 isti,
970 1650 1130 1698 quoties
1149 1649 1236 1698 ipse
1255 1649 1362 1688 mihi
1381 1663 1476 1688 sum
1496 1651 1723 1699 superstes!
1771 1649 1901 1688 Bona-

308 1723 402 1748 rum
422 1710 635 1750 literarum
655 1712 793 1751 hostes
813 1727 880 1752 me
903 1727 1028 1764 prope
1055 1714 1234 1764 singulis
1255 1715 1376 1753 annis
1396 1715 1576 1753 efferunt
1597 1714 1896 1764 sepeliuntque.

309 1775 476 1824 Quoties
495 1777 606 1816 adita
631 1777 737 1815 mihi
759 1778 924 1817 Basilea
952 1792 1024 1828 per
1052 1779 1212 1818 medios
1240 1779 1430 1828 latrones,
1454 1794 1525 1830 per
1554 1780 1710 1818 medias
1738 1781 1899 1830 pestes!

250 1857 289 1879 20
308 1853 403 1878 cum
423 1840 574 1890 quibus
594 1843 794 1881 monstris
813 1843 919 1882 mihi
946 1844 1189 1883 luctandum
1216 1845 1297 1882 fuit
1315 1846 1325 1883 l
1355 1845 1425 1895 qui
1447 1845 1618 1883 sudores
1638 1844 1900 1883 exantlandi!

309 1905 476 1944 Diceres
513 1907 738 1945 Erasmum
778 1908 900 1947 illum
938 1909 1040 1947 olim
1077 1910 1262 1948 vitreum
1299 1922 1410 1948 nunc
1445 1910 1767 1948 adamantinum
1813 1922 1901 1949 esse

306 1972 473 2011 factum.
548 1972 655 2021 Quid
694 1973 878 2012 faciam?
945 1974 1012 2013 Sic
1051 1976 1113 2013 est
1150 1976 1284 2014 fatum
1323 1988 1475 2014 meum.
1534 1975 1599 2013 Tu
1638 1975 1797 2013 felicior
1834 1976 1902 2015 cui

308 2037 472 2075 licuerit
507 2037 554 2076 in
591 2038 767 2077 honesto
801 2040 1109 2090 tranquilloque
1148 2041 1236 2079 ocio
1273 2053 1368 2079 cum
1406 2040 1670 2090 philosophia
1701 2053 1899 2080 mussare.

308 2102 392 2140 Nec
412 2102 521 2141 vllae
540 2105 808 2153 tempestates
834 2104 1073 2144 inciderunt
1093 2119 1195 2156 quae
1215 2107 1255 2145 te
1275 2119 1298 2144 a
1316 2108 1458 2144 tenore
1484 2106 1593 2144 vitae
1612 2108 1900 2145 transuorsum

251 2186 264 2206 2
270 2185 288 2216 5
307 2168 388 2206 alio
408 2171 609 2218 raperent.

360 2233 636 2283 Expectamus
653 2235 894 2274 auidissime
914 2237 1051 2275 foetus
1069 2237 1173 2275 istos
1192 2250 1276 2275 non
1296 2237 1431 2276 solum
1452 2237 1587 2275 Leone
1608 2236 1765 2286 dignos,
1789 2238 1836 2275 vt
1855 2237 1901 2275 tu

309 2311 443 2347 vocas,
462 2313 607 2339 verum
627 2300 755 2339 etiam
774 2302 999 2340 Ambrosio
1024 2302 1191 2353 dign0s;
1221 2305 1269 2341 vt
1290 2315 1374 2341 non
1395 2303 1538 2340 minus
1558 2301 1740 2341 habeant
1759 2301 1900 2340 iucun-

308 2363 448 2403 ditatis
468 2379 591 2415 quam
611 2366 779 2414 roboris,
796 2367 838 2405 et
858 2366 1077 2406 Nestorem
1097 2367 1220 2406 illum
1236 2367 1511 2406 Homericum
1530 2367 1691 2406 mellita
1709 2367 1903 2406 facundia

306 2432 533 2469 scatentem
554 2431 673 2470 nobis
692 2433 881 2470 referant.
942 2433 1017 2470 Pie
1033 2435 1081 2472 tu
1098 2433 1277 2483 quidem,
1296 2434 1405 2483 quod
1426 2433 1577 2471 Nolam
1590 2432 1766 2482 patriam
1784 2434 1901 2472 tuam

249 2509 290 2541 30
308 2494 517 2544 illustras;
565 2497 631 2535 cui
669 2497 879 2547 quondam
919 2497 1033 2537 Maro
1076 2501 1218 2537 noster
1261 2499 1417 2537 famam
1457 2499 1686 2537 inuidebat.
1759 2499 1900 2548 Atque

307 2560 468 2599 vtinam
496 2562 699 2611 prodisset
724 2564 873 2613 ingens
899 2563 1003 2602 illud
1030 2577 1133 2614 opus
1159 2564 1358 2603 aduersus
1386 2565 1618 2602 Auerroem
1642 2564 1821 2613 impium
1841 2564 1901 2601 καὶ

308 2627 383 2675 τρὶς
395 2628 617 2677 κατάρατονὲ
652 2628 713 2666 De
733 2629 1000 2678 problematis
1016 2642 1156 2668 rerum
1172 2629 1438 2678 naturalium,
1459 2629 1567 2680 quod
1584 2642 1686 2679 opus
1698 2628 1783 2667 iam
1798 2628 1899 2668 olim

594 2758 642 2786 13.
669 2757 707 2779 ac
726 2749 781 2778 sui
799 2749 1010 2781 simillimus
1026 2752 1099 2781 add.
1116 2753 1151 2781 F.
1299 2759 1347 2789 19.
1375 2750 1468 2780 mihi
1483 2750 1559 2781 add.
1576 2752 1615 2782 F.

353 2846 404 2875 28.
431 2845 682 2886 Homericum]
700 2848 742 2877 Ιὶ.
763 2856 789 2876 1.
809 2856 882 2885 249.
1136 2846 1252 2878 works
1283 2848 1517 2878 enumerated
1547 2847 1594 2886 by
1625 2847 1798 2878 Camillus
1827 2846 1898 2888 (see

353 2898 408 2926 3ο.
432 2889 546 2929 Maro]
573 2889 624 2921 Of.
650 2889 742 2920 Gell.
774 2899 802 2928 7.
832 2899 884 2920 20.
915 2900 941 2920 1.
999 2889 1068 2921 Leo
1136 2900 1168 2929 p.
1195 2891 1275 2930 352)
1304 2891 1334 2920 is
1365 2901 1431 2921 one
1464 2894 1506 2921 De
1533 2894 1634 2929 siquis
1659 2893 1851 2927 plumarum
1871 2893 1898 2920 et

310 2940 384 2962 corr
392 2932 468 2961 bats
483 2933 546 2962 the
562 2933 664 2964 truth
682 2934 719 2963 of
730 2932 793 2963 the
806 2935 905 2973 story
918 2945 925 2964 z
940 2936 983 2964 De
995 2944 1068 2972 ayro
1135 2938 1299 2965 ventorum.
1331 2934 1404 2965 But
1416 2935 1479 2965 the
1492 2934 1670 2965 reference
1683 2935 1714 2965 is
1726 2932 1899 2974 probably

309 2976 436 3013 Nolano,
452 2975 476 3006 f.
495 2986 523 3013 7.
1136 2978 1172 3010 to
1194 2977 1256 3007 the
1273 2980 1464 3014 Quaestiones
1480 2977 1528 3018 (p.
1546 2978 1636 3016 353),
1656 2977 1777 3008 which
1797 2977 1898 3008 Eras-

350 3027 402 3057 32.
429 3018 480 3048 De
498 3018 744 3061 problematis]
761 3020 904 3060 Among
919 3020 980 3051 the
997 3030 1063 3052 ms.
1136 3029 1216 3051 mus
1232 3020 1302 3052 had
1321 3031 1405 3052 seen
1428 3022 1467 3051 in
1488 3022 1570 3060 1508
1589 3021 1645 3061 (cf.
1659 3023 1763 3059 Aday.
1783 3019 1896 3060 2666).
