2034 3433
108 178 206 234 903]
560 180 630 219 ΤΟ
666 179 932 219 WILLIAM
972 178 1244 219 BUDAEUS
1619 175 1699 213 463

109 297 376 336 perpurgasse
404 285 674 333 stomachum,
707 283 749 322 id
780 284 888 334 quod
917 285 963 322 tu
999 283 1187 323 iusseras.
1247 282 1436 333 Denique
1469 280 1620 320 lectam
1654 280 1698 318 in

110 352 251 402 ignem
272 351 437 399 coniice,
460 351 497 389 si
515 350 652 389 lubet:
681 349 897 388 coniiciam
917 351 958 387 et
977 361 1114 387 meam
1135 350 1388 401 αὐτόγραφον,
1408 348 1479 386 sed
1506 346 1565 385 ita
1583 348 1698 385 nota-

109 419 196 456 tam
215 417 263 455 vt
295 429 369 454 nec
397 429 421 454 a
450 416 605 465 meipso
632 413 717 464 legi
744 416 878 465 queat.
938 413 1093 462 Quouis
1121 414 1244 452 modo
1265 414 1469 459 vlciscere,
1493 411 1618 449 modo
1648 424 1700 450 ne
1720 422 1781 456 570

107 481 268 520 amicus
301 493 389 519 esse
425 479 589 519 desinas
627 492 731 518 neue
764 478 1001 517 obticescas.
1062 478 1307 529 Quanquam
1341 478 1392 516 de
1429 476 1565 516 Fabro
1603 475 1699 526 plus

109 545 235 593 satis3
265 546 483 596 quaeretur
501 544 613 584 aliud
632 546 925 594 argumentum
951 542 1223 592 plausibilius.
1283 543 1465 582 Rursum
1486 541 1588 581 vale.

559 674 653 715 907.
715 672 845 714 FROM
876 672 1068 713 THOMAS
1100 671 1246 713 MORE.

155 765 366 812 Stapletoru
383 764 473 800 Vita
490 763 587 800 Mori
607 762 728 809 (1588)
748 775 785 810 p.
803 773 883 798 221.
1415 761 1596 808 <Lond0n
1607 760 1649 808 ‘?)

1449 818 1564 866 <1518
1578 819 1621 866 5»

154 905 203 946 [A
233 905 411 945 fragment
442 904 534 935 from
564 903 626 934 the
658 912 753 934 same
781 911 901 933 source
929 911 966 932 as
993 900 1058 940 Ep.
1091 901 1166 939 845.
1214 900 1250 931 It
1281 909 1364 939 may
1395 901 1437 931 be
1470 900 1574 931 dated
1607 900 1700 932 after

107 947 302 980 Clement’s
329 947 535 979 settlement
563 948 598 977 at
622 945 776 985 Oxford;
809 944 852 977 cf.
878 945 943 985 Ep.
966 945 1041 984 388.
1069 954 1129 983 173
1140 953 1176 975 n.
1223 943 1408 983 Stapleton
1438 944 1643 975 introduces
1670 944 1699 974 it

108 992 200 1023 with
217 992 319 1023 these
335 991 450 1023 words
465 1003 473 1022 z
499 990 562 1021 ‘de
578 1000 647 1030 quo
660 987 889 1032 (Clemente)
905 989 955 1020 sic
980 989 1018 1018 in
1041 987 1191 1027 epistola
1213 987 1259 1018 ad
1276 988 1465 1019 Erasmum
1482 997 1554 1019 non
1570 996 1699 1018 excusa

110 1033 275 1076 scribit.’]

163 1112 354 1152 CLEMENS
379 1123 496 1150 meus
517 1110 667 1149 Oxonii
692 1109 911 1160 profitetur
936 1108 1139 1147 auditorio
1165 1110 1282 1147 tanto
1309 1111 1464 1158 quanto
1494 1121 1578 1146 non
1601 1109 1699 1146 ante

108 1178 340 1228 quisquam.
392 1176 546 1215 Mirum
565 1177 628 1214 est
647 1188 773 1225 quam
792 1175 949 1224 placeat
969 1187 1014 1212 ac
1035 1173 1251 1213 deametur
1269 1173 1489 1213 vniuersis.
1539 1172 1699 1221 Quibus

108 1243 240 1282 bonae
258 1241 403 1281 literae
421 1241 720 1292 propemodum
735 1241 835 1278 sunt
854 1239 1024 1287 inuisae,
1043 1241 1184 1278 tamen
1202 1238 1325 1277 illum
1341 1238 1511 1277 charum
1530 1237 1695 1286 habent,

106 1307 285 1347 audiunt
317 1319 363 1346 ac
395 1305 600 1356 paulatim
632 1305 870 1344 mitescunt.
938 1304 1122 1351 Linacer,
1161 1304 1233 1354 qui
1266 1304 1490 1352 neminem,
1527 1305 1575 1342 vt
1607 1303 1697 1351 scis,

108 1375 263 1412 temere
290 1371 449 1422 probat,
476 1372 617 1409 tamen
642 1369 758 1409 illius
786 1368 981 1419 epistolas
1010 1369 1070 1408 sic
1098 1369 1216 1407 effert
1244 1370 1366 1419 atque
1393 1368 1626 1407 admiratur
1652 1370 1700 1407 vt
1718 1381 1735 1412 5

106 1451 182 1489 ego
203 1450 376 1487 quoque,
398 1436 470 1486 qui
489 1435 609 1475 vnice
628 1434 791 1474 homini
810 1434 937 1482 fanco,
959 1434 1259 1484 propemodum
1282 1436 1425 1472 tamen
1447 1435 1535 1472 tam
1561 1445 1700 1471 cumu-

106 1503 205 1542 latis
223 1501 417 1541 laudibus
436 1501 487 1540 ab
507 1500 581 1539 illo
600 1500 689 1540 viro
707 1499 914 1550 congestis
932 1499 1155 1538 inuideam.

592 1631 687 1672 908.
748 1630 812 1672 To
843 1630 1035 1672 THOMAS
1066 1630 1212 1671 MoRE.

154 1707 318 1754 Farrago
336 1719 371 1752 p.
393 1707 475 1751 316.
1347 1701 1577 1750 <L0uvain.>

155 1765 194 1800 F.
213 1777 249 1811 p.
265 1775 355 1810 422:
382 1763 474 1799 HN:
499 1762 616 1799 Lond.
634 1773 668 1797 x.
690 1772 753 1808 19:
780 1761 854 1798 LB.
871 1762 968 1807 App.
990 1771 1043 1805 17.
1276 1771 1290 1797 1
1309 1760 1478 1806 January
1497 1760 1651 1808 (1519).

152 1843 268 1885 [1519,
285 1843 432 1874 because
462 1841 500 1873 of
531 1842 595 1873 the
626 1842 814 1873 interview
844 1840 935 1872 with
965 1841 1071 1872 Pucci
1104 1841 1141 1871 at
1173 1839 1277 1871 Basle
1307 1840 1377 1872 and
1410 1840 1473 1872 the
1506 1849 1700 1871 numerous

108 1886 282 1918 illnesses.
330 1886 403 1917 The
420 1886 523 1917 dates
538 1884 654 1917 added
671 1886 711 1916 in
727 1885 762 1916 H
779 1895 838 1916 are
853 1884 985 1924 clearly
1000 1884 1151 1925 wrong]

313 1972 518 2004 ERASMVS
547 1972 880 2003 ROTERODAMVS
909 1972 1098 2002 THOMAE
1128 1971 1253 2002 MORO
1286 1971 1367 2001 SVO
1399 1972 1432 2001 S.
1455 1971 1497 2001 D.

162 2056 225 2095 V‘r
258 2067 465 2105 nusquam
497 2055 660 2092 cessant
693 2052 971 2103 sycophantae
1002 2051 1093 2099 mei,
1127 2054 1174 2090 vt
1206 2050 1375 2090 nullum
1407 2064 1494 2090 non
1526 2054 1699 2090 mouent

108 2120 300 2171 lapidem,
336 2132 417 2169 quo
449 2120 623 2157 noceant
653 2118 850 2157 Erasmo!
918 2116 1216 2156 Persuaserant
1247 2116 1438 2156 Coloniae
1469 2115 1546 2155 vni
1577 2118 1700 2166 atque

106 2185 230 2225 alteri
248 2184 439 2223 libellum
459 2183 581 2222 illum
599 2183 777 2233 impium
796 2184 838 2221 et
856 2195 939 2220 non
959 2195 1042 2220 vno
1069 2181 1261 2220 incendio
1283 2181 1457 2230 dignum
1476 2193 1500 2219 a
1518 2193 1586 2218 me
1606 2194 1699 2219 con-

108 2250 310 2300 scriptum
329 2248 484 2296 fuisse3
513 2247 748 2298 persuasuri
772 2246 975 2296 pluribus,
999 2246 1044 2284 ni
1069 2258 1263 2296 praesens
1289 2245 1696 2295 impudentissimam

109 2314 360 2354 calumniam
393 2313 656 2352 retudissem.
713 2312 829 2361 Quod
861 2311 897 2350 si
926 2311 1025 2362 quid
1054 2310 1181 2349 huius
1209 2310 1457 2360 suspicionis
1487 2311 1596 2360 apud
1625 2323 1699 2349 vos
1717 2320 1735 2353 5

109 2393 272 2431 quoque
304 2379 522 2418 subortum
556 2380 630 2426 est,
663 2380 711 2417 vt
744 2377 849 2416 solet
878 2376 922 2414 in
955 2375 1197 2414 huiusmodi
1230 2376 1409 2425 negociis
1440 2388 1512 2425 per
1542 2375 1699 2414 multos

110 2445 373 2484 obambulare
401 2442 617 2491 diuinatio,
648 2442 773 2481 mitto
801 2441 852 2480 ad
881 2443 922 2480 te
950 2440 1161 2490 exemplar
1187 2440 1404 2478 literarum
1431 2452 1619 2478 mearum
1647 2439 1697 2479 ad

111 2509 291 2549 Paulum
315 2507 616 2556 Bombasium;
643 2520 743 2546 nam
764 2506 1012 2557 perlongum
1039 2505 1095 2543 sit
1120 2505 1264 2543 eadem
1291 2503 1482 2554 pluribus
1505 2504 1694 2544 scribere.
1719 2555 1728 2560 .

112 2574 231 2614 Nihil
258 2574 386 2624 pudet
417 2574 519 2612 istos
546 2572 831 2622 sycophantas,
860 2573 901 2610 et
929 2570 1066 2609 nescio
1094 2570 1312 2620 quomodo,
1344 2582 1448 2619 quae
1476 2568 1700 2608 falsissima

111 2641 221 2686 sunt,
256 2638 457 2677 libentius
490 2637 620 2676 credit
651 2636 814 2686 vulgus.
883 2635 1051 2674 Pridem
1083 2637 1170 2673 erat
1202 2634 1247 2672 in
1279 2634 1420 2673 animo
1453 2634 1699 2672 submonere
1720 2641 1760 2664 10

110 2703 357 2742 Pontificem
386 2715 599 2742 summum
624 2703 671 2741 vt
695 2701 935 2740 huiusmodi
961 2699 1150 2738 licentiae
1174 2699 1307 2738 indies
1334 2699 1465 2748 magis
1494 2711 1539 2736 ac
1567 2699 1699 2748 magis

225 2794 299 2827 908.
323 2804 352 2834 3.
379 2794 533 2833 impium
550 2816 559 2825 .
575 2815 584 2824 .
603 2816 611 2824 .
630 2792 781 2833 dignum
797 2796 846 2824 E:
870 2792 1066 2823 ridiculum
1082 2791 1126 2821 de
1142 2791 1238 2822 Iulio
1255 2790 1364 2822 coelis
1379 2789 1523 2821 excluso
1540 2792 1582 2820 H.

153 2891 228 2922 908.
240 2899 270 2929 3.
289 2890 469 2931 libellum]
482 2890 557 2921 The
568 2890 648 2921 clue
660 2891 691 2921 is
707 2891 811 2931 given
829 2891 868 2921 in
938 2889 1043 2920 Basle
1057 2899 1065 2928 ;
1088 2898 1145 2920 see
1161 2898 1220 2928 pp.
1238 2897 1311 2927 312,
1329 2897 1401 2927 392.

112 2935 159 2965 H.
202 2933 270 2964 For
284 2933 347 2964 the
361 2935 465 2963 Iulius
479 2934 552 2965 and
565 2934 628 2965 the
643 2934 870 2974 significance
982 2942 1011 2972 7.
1045 2932 1232 2963 literarum
1238 2939 1246 2971 j
1274 2932 1344 2962 Not
1365 2932 1512 2969 extant3
1545 2931 1698 2971 perhaps

110 2977 149 3007 of
160 2977 237 3008 this
254 2975 360 3007 letter
376 2986 431 3007 see
448 2977 511 3017 Ep.
529 2986 593 3016 502
610 2977 742 3009 introd.
936 2976 1017 3007 that
1034 2976 1072 3006 of
1086 2975 1124 3006 18
1140 2975 1230 3014 Aug.
1250 2975 1308 3013 (cf.
1326 2975 1390 3014 Ep.
1409 2975 1484 3013 865.
1507 2973 1552 3015 1).

153 3031 183 3059 4.
208 3019 391 3061 praesens]
416 3020 469 3051 On
493 3020 550 3050 his
567 3029 647 3060 way
663 3022 700 3051 to
718 3030 756 3052 or
776 3020 868 3052 from
983 3029 1033 3050 10.
1057 3017 1219 3059 Pridem]
1237 3018 1286 3050 Cf.
1307 3018 1369 3057 Ep.
1389 3018 1464 3050 860.
1482 3018 1578 3057 23-6.
