2034 3433
338 170 418 208 404
798 166 1050 205 LETTERS
1089 167 1158 205 OF
1195 166 1462 206 ERASMUS
1803 163 1928 217 [1518

339 274 556 313 sudoribus
584 273 767 323 primum
797 271 1049 317 emendatos,
1073 269 1220 308 deinde
1251 269 1492 308 felicissime
1520 280 1669 307 versos.
1730 268 1837 307 Sunt
1864 269 1925 307 illi

338 338 543 388 permulta
561 338 605 376 in
625 336 789 375 scriniis
815 348 965 384 magno
992 334 1085 373 vsui
1112 334 1252 372 futura
1271 333 1479 372 studiosis.
1542 333 1624 372 His
1646 334 1928 372 monumentis

339 404 403 441 vir
422 403 492 441 ille
511 401 694 441 consulit
714 399 1020 438 immortalitati
1041 399 1105 437 sui
1126 398 1326 446 nominis,
1339 398 1407 436 his
1430 400 1551 436 ornat
1571 409 1692 436 suam
1711 397 1929 447 Angliam,

340 468 407 506 his
439 467 577 506 aulam
606 466 762 515 regiam
791 465 985 511 illustrat,
1012 465 1136 513 atque
1164 463 1304 512 ipsum
1334 463 1380 500 in
1409 462 1558 512 primis
1588 462 1839 512 Principem,
1861 463 1927 500 cui

281 548 319 582 75
340 533 523 570 medicus
546 532 607 570 est
625 530 858 580 primarius.
917 529 1042 578 Apud
1073 528 1217 566 Gallos
1240 527 1341 566 item
1364 541 1540 577 magnus
1565 527 1637 565 ille
1660 527 1925 566 Guilhelmus

339 598 474 647 Copus
504 596 625 635 nouis
655 594 832 634 subinde
861 594 980 632 libris
1010 606 1098 632 rem
1127 593 1331 631 medicam
1367 592 1488 631 nobis
1517 593 1674 631 asserit.
1731 591 1925 631 Budaeus

339 675 409 711 per
428 661 804 700 iureconsultorum
828 660 955 698 libros
983 658 1257 697 obambulans
1283 659 1453 708 Augeae
1481 657 1698 696 stabulum
1717 659 1923 707 repurgat.

340 727 530 766 Gaudent
549 735 694 765 omnes
713 724 927 764 admoneri
948 738 957 771 ;
987 724 1066 762 soli
1088 723 1269 773 theologi
1292 723 1490 762 nolumus
1512 723 1686 762 meliora
1705 722 1871 761 discere.

390 791 469 830 Fac
488 790 770 830 valetudinem
789 792 915 838 tuam,
936 788 1134 827 Ambrosi
1154 789 1402 837 doctissime,
1426 790 1566 827 tueare
1587 788 1819 837 diligenter,
1843 800 1926 837 quo

277 866 319 897 80
338 859 378 895 et
397 856 468 895 diu
491 856 623 906 prosis
641 855 810 905 optimis
831 854 995 902 studiis,
1015 856 1055 892 et
1074 853 1220 891 multis
1241 854 1362 892 annis
1385 866 1512 891 senex
1537 866 1633 891 sene
1648 853 1732 891 frui
1750 852 1921 902 possim.

338 922 446 960 Nam
485 922 574 972 ipse
611 922 945 971 praecurrentem
986 922 1027 958 te
1064 932 1158 958 sum
1197 921 1420 967 assecutus,
1463 920 1577 958 totus
1613 919 1743 957 ferme
1784 930 1924 957 canuS.

337 987 473 1026 Aldus
493 987 538 1025 in
559 986 834 1025 familiaribus
855 985 1073 1035 colloquiis
1089 998 1173 1023 non
1189 984 1278 1022 sine
1298 984 1510 1034 voluptate
1530 983 1679 1023 solitus
1694 985 1758 1022 est
1771 983 1929 1021 imitari

336 1052 448 1091 senis
467 1052 663 1102 decrepiti
686 1051 925 1098 balbutiem,
950 1064 1028 1101 qua
1049 1050 1148 1088 olim
1167 1052 1331 1099 putaret
1348 1050 1541 1089 futurum
1559 1052 1607 1088 vt
1627 1049 1731 1088 alter
1749 1049 1928 1087 alterum

338 1118 690 1156 consalutaremus
705 1132 713 1155 :
737 1117 974 1165 ‘Quomodo
990 1116 1129 1163 vales,’
1144 1116 1284 1166 inquit
1303 1115 1492 1154 ‘domine
1507 1116 1681 1154 Erasme
1696 1116 1716 1153 ἶ)
1730 1116 1739 1130 ’
1768 1113 1929 1153 Deinde

278 1192 317 1232 85
339 1196 437 1221 voce
456 1195 582 1232 aeque
609 1182 731 1220 balba
755 1182 827 1220 sed
852 1180 1030 1229 exiliore,
1056 1193 1123 1219 me
1146 1181 1339 1220 videlicet
1364 1194 1508 1231 agens,
1528 1179 1828 1231 respondebat:
1860 1180 1869 1198 ‘
1883 1179 1927 1218 Si

337 1247 459 1296 vales,
491 1261 565 1297 ego
594 1247 735 1286 valeo?
792 1247 906 1285 Haec
935 1245 1112 1284 iucunde
1148 1246 1316 1295 quidem
1344 1245 1589 1294 somniabat,
1619 1245 1865 1296 praesertim
1893 1245 1929 1282 si

337 1326 472 1351 sermo
493 1313 698 1351 accederet
720 1311 768 1350 de
795 1311 1029 1350 extruenda
1052 1324 1161 1350 noua
1181 1311 1410 1349 Academia
1427 1325 1437 1358 3
1466 1311 1537 1349 sed
1563 1310 1690 1349 fidem
1711 1323 1799 1348 non
1818 1322 1929 1359 prae-

337 1378 458 1416 stitit.
518 1378 702 1428 Reliquit
724 1389 799 1415 nos
825 1379 922 1416 ante
941 1376 1109 1415 balbam
1135 1376 1252 1415 illam
1278 1378 1484 1414 aetatem:
1513 1375 1679 1414 etiamsi
1704 1388 1772 1413 me
1792 1375 1928 1414 multo

337 1443 529 1493 grandior
547 1445 632 1481 erat
654 1443 802 1489 Aldus,
829 1443 962 1490 annis,
985 1443 1029 1480 ni
1052 1441 1184 1489 fallor,
1208 1441 1303 1491 plus
1329 1441 1470 1480 minus
1491 1441 1656 1491 viginti.
1712 1440 1822 1479 Nam
1840 1440 1930 1490 ipse

279 1525 320 1558 90
338 1521 449 1547 nunc
459 1522 617 1547 annum
630 1507 1019 1558 quinquagesimum
1034 1507 1263 1545 secundum
1274 1509 1347 1545 aut
1358 1507 1410 1545 ad
1423 1519 1637 1545 summum
1651 1506 1823 1545 tertium
1837 1518 1923 1556 ag0.

393 1573 517 1612 quat
545 1573 661 1623 plura
688 1575 825 1612 tecum
854 1571 1120 1618 confabulari,
1157 1572 1312 1622 optime
1341 1572 1434 1619 Leo,
1467 1572 1539 1610 sed
1574 1572 1655 1610 alio
1684 1584 1751 1609 me
1778 1573 1926 1610 vocant

339 1639 518 1689 negocia.
578 1639 711 1677 Tuum
734 1651 889 1676 nomen
912 1650 1076 1687 semper
1090 1637 1248 1676 extabit
1267 1637 1313 1675 in
1335 1637 1439 1676 meis
1453 1637 1703 1687 Prouerbiis‚
1728 1639 1763 1678 si
1782 1642 1923 1679 tamen

338 1703 404 1742 his
432 1704 533 1754 ipsis
561 1703 772 1754 continget
802 1706 965 1742 extare:
1001 1716 1135 1753 neque
1165 1702 1351 1741 vicissim
1380 1703 1425 1740 in
1455 1703 1539 1742 tuis
1567 1703 1925 1744 lucubrationibus

338 1769 572 1819 grauaberis
592 1769 755 1807 Erasmi
775 1768 1027 1807 meminisse.
1087 1768 1305 1817 Optimum
1330 1768 1566 1818 Baptistam
1584 1770 1810 1820 Egnatium
1836 1784 1930 1810 meo

279 1852 318 1885 95
340 1834 506 1873 nomine
533 1834 711 1873 salutato
735 1834 953 1884 diligenter
971 1849 981 1882 ;
1010 1834 1113 1872 item
1132 1833 1368 1872 Asulanum
1395 1847 1491 1872 cum
1510 1847 1585 1874 sua
1603 1835 1773 1884 familia,
1795 1838 1927 1875 nomi-

338 1900 469 1939 natim
498 1899 777 1938 Manutiolum
807 1899 878 1949 qui
908 1899 1028 1937 nobis
1056 1898 1179 1937 isthic
1207 1898 1371 1948 puellus
1399 1899 1578 1949 ludebat,
1602 1913 1698 1939 cum
1726 1901 1923 1942 adessem.

338 1966 451 2003 Bene
469 1966 571 2004 vale.
625 1964 799 2004 Louanii
819 1965 883 2003 Id.
907 1964 1046 2003 Octob.
1071 1964 1193 2002 ANNo
1213 1969 1423 2005 M.1).†x1x.

718 2104 908 2160 31086959ss
967 2105 1031 2146 To
1063 2105 1279 2146 WILLIAM
1313 2106 1546 2147 BUDAEUs.

382 2163 544 2209 Farrago
561 2174 597 2208 p.
617 2172 672 2198 21.
1621 2164 1797 2201 Louvain.

383 2221 420 2256 F.
438 2233 473 2266 p.
496 2221 582 2256 186:
608 2220 698 2256 HN:
726 2220 841 2256 Lond.
859 2220 913 2255 iii.
935 2229 997 2265 53:
1023 2220 1096 2256 LB.
1116 2221 1195 2266 336.
1537 2231 1580 2267 15
1598 2222 1761 2260 October
1780 2225 1882 2268 1518.

740 2305 947 2348 [Delivered
964 2306 1003 2336 in
1021 2305 1122 2336 Paris
1137 2315 1180 2345 30
1195 2306 1273 2337 Oct.
1290 2317 1298 2344 3
1323 2306 1365 2338 cf.
1382 2307 1445 2346 Ep.
1465 2306 1557 2348 896.]

490 2405 694 2434 ERASMVS
724 2403 1057 2434 ROTERODAMVS
1087 2404 1318 2435 GVLIELMO
1350 2405 1530 2436 BVDAEO
1561 2407 1644 2438 SVO
1675 2408 1708 2438 S.
1729 2408 1773 2438 D.

390 2485 612 2524 PROLIXAM
646 2485 764 2523 illam
799 2487 915 2524 tuam
944 2484 1175 2534 epistolam,
1216 2486 1267 2524 ad
1301 2486 1395 2525 idus
1429 2487 1599 2537 Apriles
1631 2488 1840 2538 scriptam,
1875 2489 1926 2528 ad

337 2550 538 2590 Calendas
567 2550 832 2600 Septembres
860 2551 1004 2600 accepi,
1027 2552 1235 2589 reuectam
1259 2564 1281 2589 e
1309 2551 1469 2599 Ianua;
1499 2553 1571 2591 sed
1598 2553 1723 2592 talem
1742 2555 1789 2592 vt
1812 2554 1924 2593 haud

336 2648 409 2678 868.
425 2657 476 2687 73.
492 2647 673 2679 consuluit
683 2650 724 2678 H.
805 2641 859 2687 972
874 2657 1013 2679 M.D.X1x
1025 2650 1054 2677 E
1065 2650 1180 2686 Corriy.
1194 2658 1201 2678 ε
1218 2657 1376 2679 M.1›.x01x
1387 2651 1424 2679 E.
1510 2649 1585 2681 869.
1599 2660 1630 2681 2.
1645 2653 1693 2681 H:
1712 2652 1871 2683 reuectas
1885 2654 1925 2683 Ε.

337 2750 485 2781 Linacre
515 2751 588 2782 had
625 2750 770 2791 already
806 2751 1003 2791 completed
1035 2752 1098 2782 the
1208 2761 1263 2790 90.
1288 2751 1332 2781 ad
1363 2752 1560 2793 summum]
1593 2753 1661 2784 For
1691 2754 1763 2785 this
1802 2764 1926 2786 uncer-
1975 2744 1978 2747 Δ

339 2794 551 2825 translation
568 2794 606 2825 of
618 2796 689 2825 two
706 2794 812 2825 books
829 2794 866 2825 of
885 2795 993 2825 these.
1042 2795 1098 2825 He
1166 2795 1284 2833 tainty
1305 2795 1348 2826 cf.
1370 2795 1431 2826 the
1454 2806 1650 2836 vagueness
1673 2798 1711 2828 of
1731 2799 1924 2829 statement

338 2846 409 2867 was
436 2840 472 2867 at
496 2839 593 2868 work
617 2848 715 2878 upon
736 2839 837 2869 them
863 2839 902 2868 in
924 2847 1028 2878 14993
1051 2838 1094 2869 cf.
1166 2838 1205 2868 in
1222 2837 1285 2877 Ep.
1304 2839 1377 2877 867.
1394 2848 1468 2878 270.

340 2880 446 2911 EHR.
463 2881 563 2912 xviii.
579 2891 651 2920 514.
1208 2890 1261 2919 92.
1288 2881 1507 2923 Prouerbiis]
1526 2883 1577 2915 Cf.
1596 2883 1659 2924 Ep.
1677 2894 1751 2924 450.
1770 2894 1811 2923 27
1822 2895 1858 2916 n.

382 2923 456 2955 868.
477 2925 531 2962 89.
556 2925 638 2963 plus
660 2925 782 2955 minus
803 2924 950 2965 viginti]
976 2934 1099 2955 seven·
1207 2934 1259 2962 94.
1287 2926 1509 2967 meminisse]
1536 2927 1554 2958 I
1581 2930 1713 2959 cannot
1739 2928 1816 2959 find
1842 2926 1921 2958 that

340 2967 435 3014 teon,
450 2966 481 2996 if
494 2967 662 2999 Erasmus
678 2977 750 3000 was
767 2969 857 2999 born
875 2969 913 2999 in
933 2969 1015 3007 1466
1029 2979 1037 3007 ;
1053 2969 1096 3001 cf.
1166 2968 1235 2998 Leo
1252 2968 1352 2999 acted
1369 2979 1463 3009 upon
1480 2970 1554 3001 this
1570 2972 1780 3010 suggestion.

339 3009 407 3040 vol.
427 3019 450 3047 1,
467 3019 499 3049 p.
517 3011 589 3049 578.
1209 3012 1260 3050 96.
1284 3011 1540 3054 Manutiolum]
1560 3014 1622 3044 See
1635 3014 1697 3055 Ep.
1716 3016 1790 3054 589.
1809 3022 1850 3053 55
1865 3023 1897 3044 n.
