<?xml version="1.0" encoding="UTF-8"?>
<!DOCTYPE html PUBLIC "-//W3C//DTD XHTML 1.0 Transitional//EN"
    "http://www.w3.org/TR/xhtml1/DTD/xhtml1-transitional.dtd">
<html xmlns="http://www.w3.org/1999/xhtml" xml:lang="en" lang="en">
 <head>
  <title>
</title>
<meta http-equiv="Content-Type" content="text/html;charset=utf-8" />
  <meta name='ocr-system' content='tesseract 3.04.00' />
  <meta name='ocr-capabilities' content='ocr_page ocr_carea ocr_par ocr_line ocrx_word'/>
</head>
<body>
  <div class='ocr_page' id='page_1' title='image "./opusepistolarumd03erasuoft_0423.png"; bbox 0 0 2034 3433; ppageno 0'>
   <div class='ocr_carea' id='block_1_1' title="bbox 122 190 1713 244">
    <p class='ocr_par' dir='ltr' id='par_1_1' title="bbox 122 190 1713 244">
     <span class='ocr_line' id='line_1_1' title="bbox 122 190 1713 244; baseline -0.002 -14"><span class='ocrx_word' id='word_1_1' title='bbox 122 190 219 244; x_wconf 88' lang='lat'>858]</span> <span class='ocrx_word' id='word_1_2' title='bbox 695 191 765 230; x_wconf 78' lang='lat' dir='ltr'>To</span> <span class='ocrx_word' id='word_1_3' title='bbox 805 191 962 230; x_wconf 87' lang='lat' dir='ltr'><strong>PAUL</strong></span> <span class='ocrx_word' id='word_1_4' title='bbox 1001 190 1144 230; x_wconf 87' lang='lat' dir='ltr'>VOLZ</span> <span class='ocrx_word' id='word_1_5' title='bbox 1636 191 1713 228; x_wconf 85' lang='lat'>371</span> 
     </span>
    </p>
   </div>
   <div class='ocr_carea' id='block_1_2' title="bbox 118 293 1805 2886">
    <p class='ocr_par' dir='ltr' id='par_1_2' title="bbox 118 293 1799 802">
     <span class='ocr_line' id='line_1_2' title="bbox 118 293 1716 345; baseline -0.003 -10"><span class='ocrx_word' id='word_1_6' title='bbox 118 296 287 345; x_wconf 85' lang='lat' dir='ltr'>derogat</span> <span class='ocrx_word' id='word_1_7' title='bbox 312 294 483 334; x_wconf 90' lang='lat' dir='ltr'>illorum</span> <span class='ocrx_word' id='word_1_8' title='bbox 509 294 720 333; x_wconf 88' lang='lat' dir='ltr'>maiestati</span> <span class='ocrx_word' id='word_1_9' title='bbox 745 307 826 344; x_wconf 88' lang='lat' dir='ltr'>qua</span> <span class='ocrx_word' id='word_1_10' title='bbox 851 294 1096 344; x_wconf 76' lang='lat' dir='ltr'>gloriantur,</span> <span class='ocrx_word' id='word_1_11' title='bbox 1119 295 1190 344; x_wconf 85' lang='lat' dir='ltr'>qui</span> <span class='ocrx_word' id='word_1_12' title='bbox 1220 294 1479 332; x_wconf 86' lang='lat' dir='ltr'>demonstrat</span> <span class='ocrx_word' id='word_1_13' title='bbox 1505 293 1654 343; x_wconf 90' lang='lat' dir='ltr'>quibus</span> <span class='ocrx_word' id='word_1_14' title='bbox 1673 294 1716 331; x_wconf 90' lang='lat' dir='ltr'>in</span> 
     </span>
     <span class='ocr_line' id='line_1_3' title="bbox 118 359 1798 410; baseline 0.001 -11"><span class='ocrx_word' id='word_1_15' title='bbox 118 360 240 399; x_wconf 87' lang='lat' dir='ltr'>rebus</span> <span class='ocrx_word' id='word_1_16' title='bbox 279 361 358 399; x_wconf 89' lang='lat' dir='ltr'>sita</span> <span class='ocrx_word' id='word_1_17' title='bbox 395 360 451 399; x_wconf 86' lang='lat' dir='ltr'>sit</span> <span class='ocrx_word' id='word_1_18' title='bbox 489 373 587 398; x_wconf 84' lang='lat' dir='ltr'>vera</span> <span class='ocrx_word' id='word_1_19' title='bbox 623 359 861 410; x_wconf 83' lang='lat' dir='ltr'>principum</span> <span class='ocrx_word' id='word_1_20' title='bbox 899 360 1106 408; x_wconf 87' lang='lat' dir='ltr'>maiestas,</span> <span class='ocrx_word' id='word_1_21' title='bbox 1143 360 1215 409; x_wconf 88' lang='lat' dir='ltr'>qui</span> <span class='ocrx_word' id='word_1_22' title='bbox 1252 359 1349 397; x_wconf 90' lang='lat' dir='ltr'>illos</span> <span class='ocrx_word' id='word_1_23' title='bbox 1387 359 1584 397; x_wconf 86' lang='lat' dir='ltr'>admonet</span> <span class='ocrx_word' id='word_1_24' title='bbox 1618 359 1716 408; x_wconf 90' lang='lat' dir='ltr'>quid</span> <span class='ocrx_word' id='word_1_25' title='bbox 1736 370 1798 402; x_wconf 80' lang='lat'>350</span> 
     </span>
     <span class='ocr_line' id='line_1_4' title="bbox 119 423 1717 475; baseline -0.001 -11"><span class='ocrx_word' id='word_1_26' title='bbox 119 425 298 465; x_wconf 85' lang='lat' dir='ltr'>iurarint</span> <span class='ocrx_word' id='word_1_27' title='bbox 331 426 376 464; x_wconf 91' lang='lat' dir='ltr'>in</span> <span class='ocrx_word' id='word_1_28' title='bbox 408 424 673 474; x_wconf 87' lang='lat' dir='ltr'>suscipiendo</span> <span class='ocrx_word' id='word_1_29' title='bbox 706 425 951 474; x_wconf 86' lang='lat' dir='ltr'>principatu,</span> <span class='ocrx_word' id='word_1_30' title='bbox 969 425 1069 475; x_wconf 91' lang='lat' dir='ltr'>quid</span> <span class='ocrx_word' id='word_1_31' title='bbox 1105 424 1281 463; x_wconf 87' lang='lat' dir='ltr'>debeant</span> <span class='ocrx_word' id='word_1_32' title='bbox 1314 423 1465 474; x_wconf 90' lang='lat' dir='ltr'>populo</span> <span class='ocrx_word' id='word_1_33' title='bbox 1502 437 1587 471; x_wconf 87' lang='lat' dir='ltr'>suo,</span> <span class='ocrx_word' id='word_1_34' title='bbox 1616 424 1717 473; x_wconf 91' lang='lat' dir='ltr'>quid</span> 
     </span>
     <span class='ocr_line' id='line_1_5' title="bbox 120 489 1719 541; baseline -0.001 -12"><span class='ocrx_word' id='word_1_35' title='bbox 120 491 445 541; x_wconf 85' lang='lat' dir='ltr'>magistratibus.</span> <span class='ocrx_word' id='word_1_36' title='bbox 516 489 795 529; x_wconf 86' lang='lat' dir='ltr'>Ecclesiastici</span> <span class='ocrx_word' id='word_1_37' title='bbox 847 503 1036 540; x_wconf 80' lang='lat' dir='ltr'>proceres</span> <span class='ocrx_word' id='word_1_38' title='bbox 1090 491 1174 528; x_wconf 90' lang='lat' dir='ltr'>fere</span> <span class='ocrx_word' id='word_1_39' title='bbox 1221 490 1364 528; x_wconf 79' lang='lat' dir='ltr'>affines</span> <span class='ocrx_word' id='word_1_40' title='bbox 1412 492 1512 528; x_wconf 88' lang='lat' dir='ltr'>sunt</span> <span class='ocrx_word' id='word_1_41' title='bbox 1559 489 1719 527; x_wconf 91' lang='lat' dir='ltr'>duabus</span> 
     </span>
     <span class='ocr_line' id='line_1_6' title="bbox 119 555 1714 606; baseline -0.001 -12"><span class='ocrx_word' id='word_1_42' title='bbox 119 556 384 606; x_wconf 88' lang='lat' dir='ltr'>potissimum</span> <span class='ocrx_word' id='word_1_43' title='bbox 404 555 602 605; x_wconf 88' lang='lat' dir='ltr'>pestibus,</span> <span class='ocrx_word' id='word_1_44' title='bbox 617 555 813 594; x_wconf 86' lang='lat' dir='ltr'>auaritiae</span> <span class='ocrx_word' id='word_1_45' title='bbox 835 558 876 594; x_wconf 89' lang='lat' dir='ltr'>et</span> <span class='ocrx_word' id='word_1_46' title='bbox 898 556 1132 595; x_wconf 91' lang='lat' dir='ltr'>ambitioni.</span> <span class='ocrx_word' id='word_1_47' title='bbox 1193 555 1311 604; x_wconf 78' lang='lat' dir='ltr'>Quod</span> <span class='ocrx_word' id='word_1_48' title='bbox 1333 568 1405 593; x_wconf 87' lang='lat' dir='ltr'>ceu</span> <span class='ocrx_word' id='word_1_49' title='bbox 1420 555 1714 605; x_wconf 75' lang='lat' dir='ltr'>praesentiens,</span> 
     </span>
     <span class='ocr_line' id='line_1_7' title="bbox 120 620 1719 671; baseline 0 -12"><span class='ocrx_word' id='word_1_50' title='bbox 120 621 280 671; x_wconf 89' lang='lat' dir='ltr'>primus</span> <span class='ocrx_word' id='word_1_51' title='bbox 299 620 369 659; x_wconf 91' lang='lat' dir='ltr'>ille</span> <span class='ocrx_word' id='word_1_52' title='bbox 383 620 612 659; x_wconf 89' lang='lat' dir='ltr'>secundum</span> <span class='ocrx_word' id='word_1_53' title='bbox 633 620 846 659; x_wconf 82' lang='lat' dir='ltr'>Christum</span> <span class='ocrx_word' id='word_1_54' title='bbox 867 624 1006 671; x_wconf 91' lang='lat' dir='ltr'>pastor</span> <span class='ocrx_word' id='word_1_55' title='bbox 1031 622 1227 660; x_wconf 87' lang='lat' dir='ltr'>admonet</span> <span class='ocrx_word' id='word_1_56' title='bbox 1253 621 1467 671; x_wconf 88' lang='lat' dir='ltr'>episcopos</span> <span class='ocrx_word' id='word_1_57' title='bbox 1485 622 1531 658; x_wconf 81' lang='lat' dir='ltr'>vt</span> <span class='ocrx_word' id='word_1_58' title='bbox 1550 621 1719 669; x_wconf 88' lang='lat' dir='ltr'>pascant</span> 
     </span>
     <span class='ocr_line' id='line_1_8' title="bbox 120 686 1799 737; baseline -0.001 -12"><span class='ocrx_word' id='word_1_59' title='bbox 120 700 287 737; x_wconf 80' lang='lat' dir='ltr'>gregem</span> <span class='ocrx_word' id='word_1_60' title='bbox 327 699 463 731; x_wconf 86' lang='lat' dir='ltr'>suum,</span> <span class='ocrx_word' id='word_1_61' title='bbox 500 699 585 724; x_wconf 90' lang='lat' dir='ltr'>non</span> <span class='ocrx_word' id='word_1_62' title='bbox 623 688 764 725; x_wconf 87' lang='lat' dir='ltr'>autem</span> <span class='ocrx_word' id='word_1_63' title='bbox 800 687 986 737; x_wconf 81' lang='lat' dir='ltr'>expilent</span> <span class='ocrx_word' id='word_1_64' title='bbox 1025 690 1096 726; x_wconf 90' lang='lat' dir='ltr'>aut</span> <span class='ocrx_word' id='word_1_65' title='bbox 1134 686 1388 736; x_wconf 85' lang='lat' dir='ltr'>deglubant;</span> <span class='ocrx_word' id='word_1_66' title='bbox 1436 699 1511 723; x_wconf 88' lang='lat' dir='ltr'>nec</span> <span class='ocrx_word' id='word_1_67' title='bbox 1548 687 1720 735; x_wconf 87' lang='lat' dir='ltr'>pascant</span> <span class='ocrx_word' id='word_1_68' title='bbox 1738 696 1799 729; x_wconf 80' lang='lat'>355</span> 
     </span>
     <span class='ocr_line' id='line_1_9' title="bbox 120 750 1721 802; baseline -0.002 -12"><span class='ocrx_word' id='word_1_69' title='bbox 120 752 256 802; x_wconf 89' lang='lat' dir='ltr'>turpis</span> <span class='ocrx_word' id='word_1_70' title='bbox 274 752 381 790; x_wconf 91' lang='lat' dir='ltr'>lucri</span> <span class='ocrx_word' id='word_1_71' title='bbox 401 751 544 801; x_wconf 86' lang='lat' dir='ltr'>gratia,</span> <span class='ocrx_word' id='word_1_72' title='bbox 566 752 638 789; x_wconf 89' lang='lat' dir='ltr'>sed</span> <span class='ocrx_word' id='word_1_73' title='bbox 658 765 707 789; x_wconf 81' lang='lat' dir='ltr'>ex</span> <span class='ocrx_word' id='word_1_74' title='bbox 727 752 858 790; x_wconf 87' lang='lat' dir='ltr'>animi</span> <span class='ocrx_word' id='word_1_75' title='bbox 872 755 1065 802; x_wconf 89' lang='lat' dir='ltr'>prompta</span> <span class='ocrx_word' id='word_1_76' title='bbox 1084 752 1299 791; x_wconf 88' lang='lat' dir='ltr'>voluntate</span> <span class='ocrx_word' id='word_1_77' title='bbox 1317 765 1325 797; x_wconf 91' lang='lat'>;</span> <span class='ocrx_word' id='word_1_78' title='bbox 1355 764 1431 789; x_wconf 87' lang='lat' dir='ltr'>nec</span> <span class='ocrx_word' id='word_1_79' title='bbox 1451 750 1721 788; x_wconf 75' lang='lat' dir='ltr'>dominentur</span> 
     </span>
    </p>

    <p class='ocr_par' dir='ltr' id='par_1_3' title="bbox 118 815 1804 1781">
     <span class='ocr_line' id='line_1_10' title="bbox 120 815 1719 868; baseline -0.001 -13"><span class='ocrx_word' id='word_1_80' title='bbox 120 818 166 855; x_wconf 93' lang='lat' dir='ltr'>in</span> <span class='ocrx_word' id='word_1_81' title='bbox 181 829 288 865; x_wconf 86' lang='lat' dir='ltr'>suos,</span> <span class='ocrx_word' id='word_1_82' title='bbox 311 817 381 855; x_wconf 90' lang='lat' dir='ltr'>sed</span> <span class='ocrx_word' id='word_1_83' title='bbox 401 816 594 865; x_wconf 88' lang='lat' dir='ltr'>exemplo</span> <span class='ocrx_word' id='word_1_84' title='bbox 613 817 724 855; x_wconf 87' lang='lat' dir='ltr'>vitae</span> <span class='ocrx_word' id='word_1_85' title='bbox 743 820 967 866; x_wconf 87' lang='lat' dir='ltr'>prouocent</span> <span class='ocrx_word' id='word_1_86' title='bbox 994 818 1044 856; x_wconf 90' lang='lat' dir='ltr'>ad</span> <span class='ocrx_word' id='word_1_87' title='bbox 1065 817 1263 868; x_wconf 89' lang='lat' dir='ltr'>pietatem</span> <span class='ocrx_word' id='word_1_88' title='bbox 1290 817 1429 866; x_wconf 88' lang='lat' dir='ltr'>potius</span> <span class='ocrx_word' id='word_1_89' title='bbox 1449 828 1571 866; x_wconf 89' lang='lat' dir='ltr'>quam</span> <span class='ocrx_word' id='word_1_90' title='bbox 1591 815 1719 854; x_wconf 90' lang='lat' dir='ltr'>minis</span> 
     </span>
     <span class='ocr_line' id='line_1_11' title="bbox 118 881 1720 932; baseline -0.002 -11"><span class='ocrx_word' id='word_1_91' title='bbox 118 885 193 921; x_wconf 80' lang='lat' dir='ltr'>aut</span> <span class='ocrx_word' id='word_1_92' title='bbox 226 882 417 932; x_wconf 88' lang='lat' dir='ltr'>imperio.</span> <span class='ocrx_word' id='word_1_93' title='bbox 472 883 544 920; x_wconf 91' lang='lat' dir='ltr'>An</span> <span class='ocrx_word' id='word_1_94' title='bbox 577 881 706 931; x_wconf 89' lang='lat' dir='ltr'>igitur</span> <span class='ocrx_word' id='word_1_95' title='bbox 734 882 927 932; x_wconf 85' lang='lat' dir='ltr'>derogare</span> <span class='ocrx_word' id='word_1_96' title='bbox 954 883 1165 922; x_wconf 86' lang='lat' dir='ltr'>videbitur</span> <span class='ocrx_word' id='word_1_97' title='bbox 1197 882 1335 920; x_wconf 88' lang='lat' dir='ltr'>ordini</span> <span class='ocrx_word' id='word_1_98' title='bbox 1373 881 1615 919; x_wconf 80' lang='lat' dir='ltr'>sacerdotali</span> <span class='ocrx_word' id='word_1_99' title='bbox 1648 881 1720 930; x_wconf 87' lang='lat' dir='ltr'>qui</span> 
     </span>
     <span class='ocr_line' id='line_1_12' title="bbox 120 946 1717 998; baseline -0.001 -13"><span class='ocrx_word' id='word_1_100' title='bbox 120 949 381 986; x_wconf 85' lang='lat' dir='ltr'>commoneat</span> <span class='ocrx_word' id='word_1_101' title='bbox 400 946 553 997; x_wconf 89' lang='lat' dir='ltr'>quibus</span> <span class='ocrx_word' id='word_1_102' title='bbox 574 947 805 986; x_wconf 87' lang='lat' dir='ltr'>rationibus</span> <span class='ocrx_word' id='word_1_103' title='bbox 820 949 1000 998; x_wconf 86' lang='lat' dir='ltr'>episcopi</span> <span class='ocrx_word' id='word_1_104' title='bbox 1016 961 1111 987; x_wconf 90' lang='lat' dir='ltr'>vere</span> <span class='ocrx_word' id='word_1_105' title='bbox 1126 947 1269 997; x_wconf 83' lang='lat' dir='ltr'>magni</span> <span class='ocrx_word' id='word_1_106' title='bbox 1288 947 1384 995; x_wconf 87' lang='lat' dir='ltr'>sint,</span> <span class='ocrx_word' id='word_1_107' title='bbox 1403 960 1498 985; x_wconf 88' lang='lat' dir='ltr'>vere</span> <span class='ocrx_word' id='word_1_108' title='bbox 1518 947 1717 995; x_wconf 88' lang='lat' dir='ltr'>potentes,</span> 
     </span>
     <span class='ocr_line' id='line_1_13' title="bbox 121 1012 1802 1064; baseline -0.002 -12"><span class='ocrx_word' id='word_1_109' title='bbox 121 1026 217 1052; x_wconf 87' lang='lat' dir='ltr'>vere</span> <span class='ocrx_word' id='word_1_110' title='bbox 250 1012 439 1051; x_wconf 81' lang='lat' dir='ltr'>diuites?</span> <span class='ocrx_word' id='word_1_111' title='bbox 494 1012 637 1059; x_wconf 81' lang='lat' dir='ltr'>Porro,</span> <span class='ocrx_word' id='word_1_112' title='bbox 677 1013 980 1052; x_wconf 90' lang='lat' dir='ltr'>monachorum</span> <span class='ocrx_word' id='word_1_113' title='bbox 1015 1026 1145 1064; x_wconf 83' lang='lat' dir='ltr'>genus</span> <span class='ocrx_word' id='word_1_114' title='bbox 1182 1013 1267 1051; x_wconf 88' lang='lat' dir='ltr'>fere</span> <span class='ocrx_word' id='word_1_115' title='bbox 1306 1012 1526 1050; x_wconf 82' lang='lat' dir='ltr'>comitatur</span> <span class='ocrx_word' id='word_1_116' title='bbox 1559 1013 1721 1061; x_wconf 88' lang='lat' dir='ltr'>praeter</span> <span class='ocrx_word' id='word_1_117' title='bbox 1739 1015 1802 1055; x_wconf 83' lang='lat'>360</span> 
     </span>
     <span class='ocr_line' id='line_1_14' title="bbox 120 1075 1719 1128; baseline -0.002 -12"><span class='ocrx_word' id='word_1_118' title='bbox 120 1077 223 1116; x_wconf 89' lang='lat' dir='ltr'>alios</span> <span class='ocrx_word' id='word_1_119' title='bbox 249 1077 416 1115; x_wconf 87' lang='lat' dir='ltr'>morbos</span> <span class='ocrx_word' id='word_1_120' title='bbox 444 1078 697 1127; x_wconf 87' lang='lat' dir='ltr'>superstitio,</span> <span class='ocrx_word' id='word_1_121' title='bbox 729 1078 1008 1128; x_wconf 85' lang='lat' dir='ltr'>supercilium,</span> <span class='ocrx_word' id='word_1_122' title='bbox 1033 1077 1275 1128; x_wconf 87' lang='lat' dir='ltr'>hypocrisis,</span> <span class='ocrx_word' id='word_1_123' title='bbox 1311 1075 1564 1115; x_wconf 85' lang='lat' dir='ltr'>obtrectatio.</span> <span class='ocrx_word' id='word_1_124' title='bbox 1624 1075 1719 1114; x_wconf 91' lang='lat' dir='ltr'>Non</span> 
     </span>
     <span class='ocr_line' id='line_1_15' title="bbox 121 1141 1722 1193; baseline -0.001 -12"><span class='ocrx_word' id='word_1_125' title='bbox 121 1143 290 1182; x_wconf 77' lang='lat' dir='ltr'>damnat</span> <span class='ocrx_word' id='word_1_126' title='bbox 305 1142 435 1192; x_wconf 89' lang='lat' dir='ltr'>igitur</span> <span class='ocrx_word' id='word_1_127' title='bbox 452 1142 644 1192; x_wconf 89' lang='lat' dir='ltr'>protinus</span> <span class='ocrx_word' id='word_1_128' title='bbox 658 1143 809 1181; x_wconf 90' lang='lat' dir='ltr'>horum</span> <span class='ocrx_word' id='word_1_129' title='bbox 823 1143 1079 1193; x_wconf 88' lang='lat' dir='ltr'>institutum,</span> <span class='ocrx_word' id='word_1_130' title='bbox 1104 1143 1176 1193; x_wconf 90' lang='lat' dir='ltr'>qui</span> <span class='ocrx_word' id='word_1_131' title='bbox 1195 1145 1338 1180; x_wconf 91' lang='lat' dir='ltr'>monet</span> <span class='ocrx_word' id='word_1_132' title='bbox 1359 1141 1510 1191; x_wconf 87' lang='lat' dir='ltr'>quibus</span> <span class='ocrx_word' id='word_1_133' title='bbox 1526 1142 1570 1179; x_wconf 88' lang='lat' dir='ltr'>in</span> <span class='ocrx_word' id='word_1_134' title='bbox 1597 1141 1722 1179; x_wconf 85' lang='lat' dir='ltr'>rebus</span> 
     </span>
     <span class='ocr_line' id='line_1_16' title="bbox 122 1206 1722 1258; baseline -0.001 -12"><span class='ocrx_word' id='word_1_135' title='bbox 122 1209 202 1247; x_wconf 90' lang='lat' dir='ltr'>sita</span> <span class='ocrx_word' id='word_1_136' title='bbox 229 1208 284 1246; x_wconf 89' lang='lat' dir='ltr'>sit</span> <span class='ocrx_word' id='word_1_137' title='bbox 318 1220 414 1246; x_wconf 86' lang='lat' dir='ltr'>vera</span> <span class='ocrx_word' id='word_1_138' title='bbox 441 1207 598 1257; x_wconf 87' lang='lat' dir='ltr'>religio,</span> <span class='ocrx_word' id='word_1_139' title='bbox 621 1209 663 1246; x_wconf 91' lang='lat' dir='ltr'>et</span> <span class='ocrx_word' id='word_1_140' title='bbox 692 1210 896 1258; x_wconf 90' lang='lat' dir='ltr'>quantum</span> <span class='ocrx_word' id='word_1_141' title='bbox 926 1209 1034 1248; x_wconf 90' lang='lat' dir='ltr'>absit</span> <span class='ocrx_word' id='word_1_142' title='bbox 1063 1221 1087 1246; x_wconf 86' lang='lat' dir='ltr'>a</span> <span class='ocrx_word' id='word_1_143' title='bbox 1115 1207 1335 1258; x_wconf 88' lang='lat' dir='ltr'>supercilio</span> <span class='ocrx_word' id='word_1_144' title='bbox 1363 1220 1459 1245; x_wconf 89' lang='lat' dir='ltr'>vere</span> <span class='ocrx_word' id='word_1_145' title='bbox 1488 1206 1722 1245; x_wconf 84' lang='lat' dir='ltr'>Christiana</span> 
     </span>
     <span class='ocr_line' id='line_1_17' title="bbox 123 1273 1720 1324; baseline -0.002 -12"><span class='ocrx_word' id='word_1_146' title='bbox 123 1274 268 1324; x_wconf 84' lang='lat' dir='ltr'>pietas,</span> <span class='ocrx_word' id='word_1_147' title='bbox 288 1274 493 1323; x_wconf 88' lang='lat' dir='ltr'>quantum</span> <span class='ocrx_word' id='word_1_148' title='bbox 526 1273 632 1312; x_wconf 86' lang='lat' dir='ltr'>absit</span> <span class='ocrx_word' id='word_1_149' title='bbox 665 1287 689 1313; x_wconf 90' lang='lat' dir='ltr'>a</span> <span class='ocrx_word' id='word_1_150' title='bbox 722 1274 815 1312; x_wconf 86' lang='lat' dir='ltr'>fuco</span> <span class='ocrx_word' id='word_1_151' title='bbox 846 1288 1043 1324; x_wconf 89' lang='lat' dir='ltr'>germana</span> <span class='ocrx_word' id='word_1_152' title='bbox 1066 1273 1252 1320; x_wconf 84' lang='lat' dir='ltr'>charitas,</span> <span class='ocrx_word' id='word_1_153' title='bbox 1277 1286 1400 1322; x_wconf 84' lang='lat' dir='ltr'>quam</span> <span class='ocrx_word' id='word_1_154' title='bbox 1434 1273 1592 1321; x_wconf 85' lang='lat' dir='ltr'>pugnet</span> <span class='ocrx_word' id='word_1_155' title='bbox 1625 1284 1720 1310; x_wconf 89' lang='lat' dir='ltr'>cum</span> 
     </span>
     <span class='ocr_line' id='line_1_18' title="bbox 121 1336 1800 1389; baseline -0.002 -11"><span class='ocrx_word' id='word_1_156' title='bbox 121 1351 297 1389; x_wconf 86' lang='lat' dir='ltr'>syncera</span> <span class='ocrx_word' id='word_1_157' title='bbox 323 1338 521 1388; x_wconf 86' lang='lat' dir='ltr'>religione</span> <span class='ocrx_word' id='word_1_158' title='bbox 543 1338 711 1388; x_wconf 88' lang='lat' dir='ltr'>linguae</span> <span class='ocrx_word' id='word_1_159' title='bbox 733 1339 983 1387; x_wconf 80' lang='lat' dir='ltr'>virulentia3</span> <span class='ocrx_word' id='word_1_160' title='bbox 1013 1339 1256 1388; x_wconf 87' lang='lat' dir='ltr'>praesertim</span> <span class='ocrx_word' id='word_1_161' title='bbox 1280 1338 1314 1376; x_wconf 91' lang='lat' dir='ltr'>si</span> <span class='ocrx_word' id='word_1_162' title='bbox 1340 1338 1414 1376; x_wconf 86' lang='lat' dir='ltr'>tali</span> <span class='ocrx_word' id='word_1_163' title='bbox 1440 1336 1720 1375; x_wconf 86' lang='lat' dir='ltr'>moderamine</span> <span class='ocrx_word' id='word_1_164' title='bbox 1739 1342 1800 1382; x_wconf 78' lang='lat'>365</span> 
     </span>
     <span class='ocr_line' id='line_1_19' title="bbox 122 1403 1721 1454; baseline -0.003 -11"><span class='ocrx_word' id='word_1_165' title='bbox 122 1405 426 1443; x_wconf 87' lang='lat' dir='ltr'>commonstret</span> <span class='ocrx_word' id='word_1_166' title='bbox 459 1403 559 1453; x_wconf 87' lang='lat' dir='ltr'>quid</span> <span class='ocrx_word' id='word_1_167' title='bbox 595 1404 649 1443; x_wconf 93' lang='lat' dir='ltr'>sit</span> <span class='ocrx_word' id='word_1_168' title='bbox 667 1404 900 1454; x_wconf 83' lang='lat' dir='ltr'>vitandum,</span> <span class='ocrx_word' id='word_1_169' title='bbox 922 1407 970 1444; x_wconf 84' lang='lat' dir='ltr'>vt</span> <span class='ocrx_word' id='word_1_170' title='bbox 1003 1418 1078 1443; x_wconf 90' lang='lat' dir='ltr'>nec</span> <span class='ocrx_word' id='word_1_171' title='bbox 1104 1403 1321 1443; x_wconf 90' lang='lat' dir='ltr'>hominem</span> <span class='ocrx_word' id='word_1_172' title='bbox 1336 1403 1472 1441; x_wconf 85' lang='lat' dir='ltr'>vnum</span> <span class='ocrx_word' id='word_1_173' title='bbox 1502 1404 1617 1440; x_wconf 88' lang='lat' dir='ltr'>notet</span> <span class='ocrx_word' id='word_1_174' title='bbox 1646 1415 1721 1440; x_wconf 90' lang='lat' dir='ltr'>nec</span> 
     </span>
     <span class='ocr_line' id='line_1_20' title="bbox 122 1467 1723 1518; baseline -0.002 -10"><span class='ocrx_word' id='word_1_175' title='bbox 122 1469 314 1508; x_wconf 89' lang='lat' dir='ltr'>ordinem</span> <span class='ocrx_word' id='word_1_176' title='bbox 342 1469 532 1518; x_wconf 88' lang='lat' dir='ltr'>attingat.</span> <span class='ocrx_word' id='word_1_177' title='bbox 593 1469 700 1517; x_wconf 79' lang='lat' dir='ltr'>Quid</span> <span class='ocrx_word' id='word_1_178' title='bbox 730 1472 870 1509; x_wconf 91' lang='lat' dir='ltr'>autem</span> <span class='ocrx_word' id='word_1_179' title='bbox 898 1473 961 1509; x_wconf 88' lang='lat' dir='ltr'>est</span> <span class='ocrx_word' id='word_1_180' title='bbox 990 1470 1036 1508; x_wconf 93' lang='lat' dir='ltr'>in</span> <span class='ocrx_word' id='word_1_181' title='bbox 1052 1469 1176 1508; x_wconf 89' lang='lat' dir='ltr'>rebus</span> <span class='ocrx_word' id='word_1_182' title='bbox 1206 1468 1403 1507; x_wconf 87' lang='lat' dir='ltr'>humanis</span> <span class='ocrx_word' id='word_1_183' title='bbox 1433 1470 1520 1506; x_wconf 87' lang='lat' dir='ltr'>tam</span> <span class='ocrx_word' id='word_1_184' title='bbox 1540 1467 1638 1505; x_wconf 85' lang='lat' dir='ltr'>felix</span> <span class='ocrx_word' id='word_1_185' title='bbox 1658 1467 1723 1505; x_wconf 88' lang='lat' dir='ltr'>cui</span> 
     </span>
     <span class='ocr_line' id='line_1_21' title="bbox 122 1532 1720 1585; baseline -0.002 -13"><span class='ocrx_word' id='word_1_186' title='bbox 122 1547 208 1572; x_wconf 91' lang='lat' dir='ltr'>non</span> <span class='ocrx_word' id='word_1_187' title='bbox 244 1546 341 1572; x_wconf 88' lang='lat' dir='ltr'>suae</span> <span class='ocrx_word' id='word_1_188' title='bbox 378 1536 512 1583; x_wconf 89' lang='lat' dir='ltr'>pestes</span> <span class='ocrx_word' id='word_1_189' title='bbox 549 1534 637 1573; x_wconf 90' lang='lat' dir='ltr'>sint</span> <span class='ocrx_word' id='word_1_190' title='bbox 675 1534 870 1574; x_wconf 77' lang='lat' dir='ltr'>additae?</span> <span class='ocrx_word' id='word_1_191' title='bbox 936 1535 1052 1573; x_wconf 84' lang='lat' dir='ltr'>Sicut</span> <span class='ocrx_word' id='word_1_192' title='bbox 1093 1534 1225 1585; x_wconf 89' lang='lat' dir='ltr'>igitur</span> <span class='ocrx_word' id='word_1_193' title='bbox 1261 1534 1443 1580; x_wconf 92' lang='lat' dir='ltr'>adiuuat,</span> <span class='ocrx_word' id='word_1_194' title='bbox 1485 1546 1568 1570; x_wconf 92' lang='lat' dir='ltr'>non</span> <span class='ocrx_word' id='word_1_195' title='bbox 1606 1532 1720 1580; x_wconf 86' lang='lat' dir='ltr'>ledit,</span> 
     </span>
     <span class='ocr_line' id='line_1_22' title="bbox 121 1598 1724 1651; baseline -0.001 -14"><span class='ocrx_word' id='word_1_196' title='bbox 121 1599 342 1638; x_wconf 88' lang='lat' dir='ltr'>sanitatem</span> <span class='ocrx_word' id='word_1_197' title='bbox 361 1599 555 1649; x_wconf 83' lang='lat' dir='ltr'>corporis,</span> <span class='ocrx_word' id='word_1_198' title='bbox 580 1599 770 1650; x_wconf 88' lang='lat' dir='ltr'>quisquis</span> <span class='ocrx_word' id='word_1_199' title='bbox 795 1600 952 1640; x_wconf 90' lang='lat' dir='ltr'>indicat</span> <span class='ocrx_word' id='word_1_200' title='bbox 972 1614 1074 1651; x_wconf 90' lang='lat' dir='ltr'>quae</span> <span class='ocrx_word' id='word_1_201' title='bbox 1095 1613 1158 1639; x_wconf 89' lang='lat' dir='ltr'>res</span> <span class='ocrx_word' id='word_1_202' title='bbox 1177 1601 1249 1637; x_wconf 88' lang='lat' dir='ltr'>aut</span> <span class='ocrx_word' id='word_1_203' title='bbox 1269 1598 1418 1638; x_wconf 90' lang='lat' dir='ltr'>vitient</span> <span class='ocrx_word' id='word_1_204' title='bbox 1436 1600 1509 1637; x_wconf 89' lang='lat' dir='ltr'>aut</span> <span class='ocrx_word' id='word_1_205' title='bbox 1528 1599 1724 1636; x_wconf 85' lang='lat' dir='ltr'>tueantur</span> 
     </span>
     <span class='ocr_line' id='line_1_23' title="bbox 122 1663 1804 1716; baseline -0.002 -13"><span class='ocrx_word' id='word_1_206' title='bbox 122 1677 263 1704; x_wconf 85' lang='lat' dir='ltr'>veram</span> <span class='ocrx_word' id='word_1_207' title='bbox 283 1665 534 1712; x_wconf 82' lang='lat' dir='ltr'>sanitatem3</span> <span class='ocrx_word' id='word_1_208' title='bbox 562 1665 621 1704; x_wconf 90' lang='lat' dir='ltr'>ita</span> <span class='ocrx_word' id='word_1_209' title='bbox 647 1678 731 1704; x_wconf 92' lang='lat' dir='ltr'>non</span> <span class='ocrx_word' id='word_1_210' title='bbox 756 1668 902 1705; x_wconf 89' lang='lat' dir='ltr'>auocat</span> <span class='ocrx_word' id='word_1_211' title='bbox 928 1680 952 1705; x_wconf 94' lang='lat' dir='ltr'>a</span> <span class='ocrx_word' id='word_1_212' title='bbox 975 1666 1187 1716; x_wconf 89' lang='lat' dir='ltr'>religione,</span> <span class='ocrx_word' id='word_1_213' title='bbox 1208 1664 1278 1704; x_wconf 88' lang='lat' dir='ltr'>sed</span> <span class='ocrx_word' id='word_1_214' title='bbox 1306 1664 1550 1702; x_wconf 87' lang='lat' dir='ltr'>adhortatur</span> <span class='ocrx_word' id='word_1_215' title='bbox 1569 1663 1718 1713; x_wconf 90' lang='lat' dir='ltr'>potius,</span> <span class='ocrx_word' id='word_1_216' title='bbox 1742 1678 1804 1710; x_wconf 75' lang='lat'>370</span> 
     </span>
     <span class='ocr_line' id='line_1_24' title="bbox 122 1729 1402 1781; baseline -0.002 -13"><span class='ocrx_word' id='word_1_217' title='bbox 122 1730 195 1780; x_wconf 93' lang='lat' dir='ltr'>qui</span> <span class='ocrx_word' id='word_1_218' title='bbox 214 1730 474 1768; x_wconf 88' lang='lat' dir='ltr'>demonstrat</span> <span class='ocrx_word' id='word_1_219' title='bbox 488 1743 609 1768; x_wconf 87' lang='lat' dir='ltr'>verae</span> <span class='ocrx_word' id='word_1_220' title='bbox 629 1730 842 1781; x_wconf 89' lang='lat' dir='ltr'>religionis</span> <span class='ocrx_word' id='word_1_221' title='bbox 862 1731 1122 1781; x_wconf 85' lang='lat' dir='ltr'>corruptelas</span> <span class='ocrx_word' id='word_1_222' title='bbox 1139 1744 1186 1769; x_wconf 87' lang='lat' dir='ltr'>ac</span> <span class='ocrx_word' id='word_1_223' title='bbox 1206 1729 1402 1768; x_wconf 89' lang='lat' dir='ltr'>remedia.</span> 
     </span>
    </p>

    <p class='ocr_par' dir='ltr' id='par_1_4' title="bbox 125 1793 1805 2886">
     <span class='ocr_line' id='line_1_25' title="bbox 178 1793 1722 1846; baseline -0.002 -12"><span class='ocrx_word' id='word_1_224' title='bbox 178 1795 288 1835; x_wconf 82' lang='lat' dir='ltr'>Nam</span> <span class='ocrx_word' id='word_1_225' title='bbox 320 1795 441 1834; x_wconf 88' lang='lat' dir='ltr'>audio</span> <span class='ocrx_word' id='word_1_226' title='bbox 468 1795 669 1845; x_wconf 83' lang='lat' dir='ltr'>quosdam</span> <span class='ocrx_word' id='word_1_227' title='bbox 708 1797 766 1835; x_wconf 88' lang='lat' dir='ltr'>sic</span> <span class='ocrx_word' id='word_1_228' title='bbox 802 1796 1068 1846; x_wconf 89' lang='lat' dir='ltr'>interpretari</span> <span class='ocrx_word' id='word_1_229' title='bbox 1103 1795 1221 1846; x_wconf 88' lang='lat' dir='ltr'>quasi</span> <span class='ocrx_word' id='word_1_230' title='bbox 1253 1794 1564 1845; x_wconf 87' lang='lat' dir='ltr'>praeceptiones</span> <span class='ocrx_word' id='word_1_231' title='bbox 1596 1793 1722 1832; x_wconf 89' lang='lat' dir='ltr'>huius</span> 
     </span>
     <span class='ocr_line' id='line_1_26' title="bbox 125 1859 1723 1910; baseline -0.003 -10"><span class='ocrx_word' id='word_1_232' title='bbox 125 1859 269 1908; x_wconf 90' lang='lat' dir='ltr'>libelli,</span> <span class='ocrx_word' id='word_1_233' title='bbox 302 1861 500 1910; x_wconf 89' lang='lat' dir='ltr'>quoniam</span> <span class='ocrx_word' id='word_1_234' title='bbox 535 1861 676 1900; x_wconf 89' lang='lat' dir='ltr'>minus</span> <span class='ocrx_word' id='word_1_235' title='bbox 710 1861 904 1900; x_wconf 89' lang='lat' dir='ltr'>tribuunt</span> <span class='ocrx_word' id='word_1_236' title='bbox 938 1860 1182 1900; x_wconf 88' lang='lat' dir='ltr'>ceremoniis</span> <span class='ocrx_word' id='word_1_237' title='bbox 1210 1873 1335 1909; x_wconf 90' lang='lat' dir='ltr'>quam</span> <span class='ocrx_word' id='word_1_238' title='bbox 1369 1859 1526 1898; x_wconf 90' lang='lat' dir='ltr'>vellent</span> <span class='ocrx_word' id='word_1_239' title='bbox 1554 1859 1723 1909; x_wconf 91' lang='lat' dir='ltr'>quidam</span> 
     </span>
     <span class='ocr_line' id='line_1_27' title="bbox 125 1923 1721 1976; baseline -0.003 -12"><span class='ocrx_word' id='word_1_240' title='bbox 125 1926 199 1976; x_wconf 91' lang='lat' dir='ltr'>qui</span> <span class='ocrx_word' id='word_1_241' title='bbox 225 1925 320 1975; x_wconf 83' lang='lat' dir='ltr'>plus</span> <span class='ocrx_word' id='word_1_242' title='bbox 347 1925 481 1964; x_wconf 86' lang='lat' dir='ltr'>nimio</span> <span class='ocrx_word' id='word_1_243' title='bbox 500 1926 706 1973; x_wconf 90' lang='lat' dir='ltr'>tribuunt,</span> <span class='ocrx_word' id='word_1_244' title='bbox 728 1939 803 1965; x_wconf 89' lang='lat' dir='ltr'>nec</span> <span class='ocrx_word' id='word_1_245' title='bbox 829 1927 888 1965; x_wconf 88' lang='lat' dir='ltr'>ita</span> <span class='ocrx_word' id='word_1_246' title='bbox 913 1926 1098 1964; x_wconf 91' lang='lat' dir='ltr'>multum</span> <span class='ocrx_word' id='word_1_247' title='bbox 1123 1925 1320 1964; x_wconf 89' lang='lat' dir='ltr'>humanis</span> <span class='ocrx_word' id='word_1_248' title='bbox 1340 1923 1721 1970; x_wconf 85' lang='lat' dir='ltr'>constitutionibus,</span> 
     </span>
     <span class='ocr_line' id='line_1_28' title="bbox 126 1988 1802 2041; baseline -0.002 -12"><span class='ocrx_word' id='word_1_249' title='bbox 126 1991 348 2030; x_wconf 91' lang='lat' dir='ltr'>hominum</span> <span class='ocrx_word' id='word_1_250' title='bbox 368 1991 532 2030; x_wconf 87' lang='lat' dir='ltr'>animos</span> <span class='ocrx_word' id='word_1_251' title='bbox 559 1991 742 2030; x_wconf 85' lang='lat' dir='ltr'>alienent</span> <span class='ocrx_word' id='word_1_252' title='bbox 768 2005 792 2031; x_wconf 89' lang='lat' dir='ltr'>a</span> <span class='ocrx_word' id='word_1_253' title='bbox 811 1992 898 2031; x_wconf 88' lang='lat' dir='ltr'>vita</span> <span class='ocrx_word' id='word_1_254' title='bbox 925 1992 1166 2031; x_wconf 86' lang='lat' dir='ltr'>monastica.</span> <span class='ocrx_word' id='word_1_255' title='bbox 1226 1991 1366 2041; x_wconf 89' lang='lat' dir='ltr'>Vsque</span> <span class='ocrx_word' id='word_1_256' title='bbox 1387 1990 1486 2028; x_wconf 91' lang='lat' dir='ltr'>adeo</span> <span class='ocrx_word' id='word_1_257' title='bbox 1507 1988 1617 2026; x_wconf 92' lang='lat' dir='ltr'>nihil</span> <span class='ocrx_word' id='word_1_258' title='bbox 1635 1990 1723 2026; x_wconf 89' lang='lat' dir='ltr'>tam</span> <span class='ocrx_word' id='word_1_259' title='bbox 1742 2003 1802 2036; x_wconf 73' lang='lat'>375</span> 
     </span>
     <span class='ocr_line' id='line_1_29' title="bbox 126 2053 1724 2108; baseline -0.003 -14"><span class='ocrx_word' id='word_1_260' title='bbox 126 2056 420 2105; x_wconf 86' lang='lat' dir='ltr'>circumspecte</span> <span class='ocrx_word' id='word_1_261' title='bbox 456 2056 538 2094; x_wconf 89' lang='lat' dir='ltr'>dici</span> <span class='ocrx_word' id='word_1_262' title='bbox 574 2058 713 2107; x_wconf 88' lang='lat' dir='ltr'>potest</span> <span class='ocrx_word' id='word_1_263' title='bbox 745 2057 855 2108; x_wconf 88' lang='lat' dir='ltr'>quod</span> <span class='ocrx_word' id='word_1_264' title='bbox 895 2070 981 2096; x_wconf 91' lang='lat' dir='ltr'>non</span> <span class='ocrx_word' id='word_1_265' title='bbox 1019 2057 1202 2106; x_wconf 86' lang='lat' dir='ltr'>rapiatur</span> <span class='ocrx_word' id='word_1_266' title='bbox 1240 2056 1290 2094; x_wconf 93' lang='lat' dir='ltr'>ab</span> <span class='ocrx_word' id='word_1_267' title='bbox 1329 2054 1532 2105; x_wconf 88' lang='lat' dir='ltr'>improbis</span> <span class='ocrx_word' id='word_1_268' title='bbox 1569 2054 1637 2091; x_wconf 88' lang='lat' dir='ltr'>vel</span> <span class='ocrx_word' id='word_1_269' title='bbox 1678 2053 1724 2091; x_wconf 92' lang='lat' dir='ltr'>in</span> 
     </span>
     <span class='ocr_line' id='line_1_30' title="bbox 125 2118 1725 2171; baseline -0.003 -11"><span class='ocrx_word' id='word_1_270' title='bbox 125 2120 310 2171; x_wconf 88' lang='lat' dir='ltr'>aliquam</span> <span class='ocrx_word' id='word_1_271' title='bbox 343 2120 600 2159; x_wconf 84' lang='lat' dir='ltr'>calumniam</span> <span class='ocrx_word' id='word_1_272' title='bbox 629 2121 696 2160; x_wconf 86' lang='lat' dir='ltr'>vel</span> <span class='ocrx_word' id='word_1_273' title='bbox 723 2121 769 2159; x_wconf 92' lang='lat' dir='ltr'>in</span> <span class='ocrx_word' id='word_1_274' title='bbox 796 2134 944 2160; x_wconf 87' lang='lat' dir='ltr'>ansam</span> <span class='ocrx_word' id='word_1_275' title='bbox 971 2121 1181 2171; x_wconf 86' lang='lat' dir='ltr'>peccandi,</span> <span class='ocrx_word' id='word_1_276' title='bbox 1204 2123 1251 2160; x_wconf 91' lang='lat' dir='ltr'>vt</span> <span class='ocrx_word' id='word_1_277' title='bbox 1280 2120 1362 2158; x_wconf 87' lang='lat' dir='ltr'>iam</span> <span class='ocrx_word' id='word_1_278' title='bbox 1395 2119 1467 2158; x_wconf 79' lang='lat' dir='ltr'>vix</span> <span class='ocrx_word' id='word_1_279' title='bbox 1494 2120 1634 2157; x_wconf 87' lang='lat' dir='ltr'>tutum</span> <span class='ocrx_word' id='word_1_280' title='bbox 1668 2118 1725 2156; x_wconf 88' lang='lat' dir='ltr'>sit</span> 
     </span>
     <span class='ocr_line' id='line_1_31' title="bbox 127 2182 1723 2236; baseline -0.002 -12"><span class='ocrx_word' id='word_1_281' title='bbox 127 2187 349 2236; x_wconf 89' lang='lat' dir='ltr'>quicquam</span> <span class='ocrx_word' id='word_1_282' title='bbox 368 2187 476 2223; x_wconf 86' lang='lat' dir='ltr'>recte</span> <span class='ocrx_word' id='word_1_283' title='bbox 495 2199 676 2225; x_wconf 89' lang='lat' dir='ltr'>monere.</span> <span class='ocrx_word' id='word_1_284' title='bbox 731 2186 776 2224; x_wconf 83' lang='lat' dir='ltr'>Si</span> <span class='ocrx_word' id='word_1_285' title='bbox 796 2186 890 2236; x_wconf 90' lang='lat' dir='ltr'>quis</span> <span class='ocrx_word' id='word_1_286' title='bbox 909 2199 933 2224; x_wconf 90' lang='lat' dir='ltr'>a</span> <span class='ocrx_word' id='word_1_287' title='bbox 951 2186 1084 2234; x_wconf 87' lang='lat' dir='ltr'>bellis,</span> <span class='ocrx_word' id='word_1_288' title='bbox 1102 2199 1206 2236; x_wconf 89' lang='lat' dir='ltr'>quae</span> <span class='ocrx_word' id='word_1_289' title='bbox 1224 2186 1310 2223; x_wconf 91' lang='lat' dir='ltr'>iam</span> <span class='ocrx_word' id='word_1_290' title='bbox 1325 2184 1473 2223; x_wconf 86' lang='lat' dir='ltr'>seculis</span> <span class='ocrx_word' id='word_1_291' title='bbox 1492 2184 1652 2234; x_wconf 87' lang='lat' dir='ltr'>aliquot</span> <span class='ocrx_word' id='word_1_292' title='bbox 1671 2182 1723 2221; x_wconf 93' lang='lat' dir='ltr'>ob</span> 
     </span>
     <span class='ocr_line' id='line_1_32' title="bbox 128 2248 1725 2301; baseline -0.002 -12"><span class='ocrx_word' id='word_1_293' title='bbox 128 2264 193 2290; x_wconf 89' lang='lat' dir='ltr'>res</span> <span class='ocrx_word' id='word_1_294' title='bbox 212 2250 335 2289; x_wconf 88' lang='lat' dir='ltr'>nihili</span> <span class='ocrx_word' id='word_1_295' title='bbox 353 2250 576 2300; x_wconf 86' lang='lat' dir='ltr'>plusquam</span> <span class='ocrx_word' id='word_1_296' title='bbox 593 2251 761 2289; x_wconf 87' lang='lat' dir='ltr'>ethnice</span> <span class='ocrx_word' id='word_1_297' title='bbox 780 2251 974 2301; x_wconf 87' lang='lat' dir='ltr'>gerimus,</span> <span class='ocrx_word' id='word_1_298' title='bbox 994 2250 1208 2298; x_wconf 86' lang='lat' dir='ltr'>deterreat,</span> <span class='ocrx_word' id='word_1_299' title='bbox 1231 2251 1398 2288; x_wconf 90' lang='lat' dir='ltr'>notatur</span> <span class='ocrx_word' id='word_1_300' title='bbox 1416 2263 1440 2288; x_wconf 89' lang='lat' dir='ltr'>a</span> <span class='ocrx_word' id='word_1_301' title='bbox 1458 2248 1725 2298; x_wconf 88' lang='lat' dir='ltr'>sycophantis</span> 
     </span>
     <span class='ocr_line' id='line_1_33' title="bbox 127 2313 1805 2366; baseline -0.002 -11"><span class='ocrx_word' id='word_1_302' title='bbox 127 2316 245 2366; x_wconf 84' lang='lat' dir='ltr'>quasi</span> <span class='ocrx_word' id='word_1_303' title='bbox 264 2315 417 2355; x_wconf 88' lang='lat' dir='ltr'>sentiat</span> <span class='ocrx_word' id='word_1_304' title='bbox 436 2328 532 2354; x_wconf 90' lang='lat' dir='ltr'>cum</span> <span class='ocrx_word' id='word_1_305' title='bbox 551 2316 603 2354; x_wconf 89' lang='lat' dir='ltr'>iis</span> <span class='ocrx_word' id='word_1_306' title='bbox 623 2315 695 2366; x_wconf 90' lang='lat' dir='ltr'>qui</span> <span class='ocrx_word' id='word_1_307' title='bbox 713 2318 866 2366; x_wconf 89' lang='lat' dir='ltr'>negant</span> <span class='ocrx_word' id='word_1_308' title='bbox 878 2316 1013 2355; x_wconf 88' lang='lat' dir='ltr'>vllum</span> <span class='ocrx_word' id='word_1_309' title='bbox 1032 2315 1189 2354; x_wconf 90' lang='lat' dir='ltr'>bellum</span> <span class='ocrx_word' id='word_1_310' title='bbox 1210 2315 1439 2365; x_wconf 85' lang='lat' dir='ltr'>gerendum</span> <span class='ocrx_word' id='word_1_311' title='bbox 1459 2313 1721 2352; x_wconf 87' lang='lat' dir='ltr'>Christianis.</span> <span class='ocrx_word' id='word_1_312' title='bbox 1743 2322 1805 2361; x_wconf 78' lang='lat'>380</span> 
     </span>
     <span class='ocr_line' id='line_1_34' title="bbox 130 2378 1727 2429; baseline -0.003 -9"><span class='ocrx_word' id='word_1_313' title='bbox 130 2381 238 2420; x_wconf 86' lang='lat' dir='ltr'>Nam</span> <span class='ocrx_word' id='word_1_314' title='bbox 270 2381 498 2419; x_wconf 88' lang='lat' dir='ltr'>haereticos</span> <span class='ocrx_word' id='word_1_315' title='bbox 535 2380 710 2419; x_wconf 84' lang='lat' dir='ltr'>fecimus</span> <span class='ocrx_word' id='word_1_316' title='bbox 743 2382 906 2419; x_wconf 88' lang='lat' dir='ltr'>autores</span> <span class='ocrx_word' id='word_1_317' title='bbox 942 2380 1072 2420; x_wconf 90' lang='lat' dir='ltr'>huius</span> <span class='ocrx_word' id='word_1_318' title='bbox 1108 2379 1349 2424; x_wconf 86' lang='lat' dir='ltr'>sententiae,</span> <span class='ocrx_word' id='word_1_319' title='bbox 1380 2379 1488 2429; x_wconf 90' lang='lat' dir='ltr'>quod</span> <span class='ocrx_word' id='word_1_320' title='bbox 1528 2378 1727 2418; x_wconf 77' lang='lat' dir='ltr'>Pontifex</span> 
     </span>
     <span class='ocr_line' id='line_1_35' title="bbox 128 2444 1725 2495; baseline -0.002 -11"><span class='ocrx_word' id='word_1_321' title='bbox 128 2446 266 2485; x_wconf 87' lang='lat' dir='ltr'>nescio</span> <span class='ocrx_word' id='word_1_322' title='bbox 296 2445 389 2495; x_wconf 87' lang='lat' dir='ltr'>quis</span> <span class='ocrx_word' id='word_1_323' title='bbox 418 2445 576 2483; x_wconf 90' lang='lat' dir='ltr'>bellum</span> <span class='ocrx_word' id='word_1_324' title='bbox 603 2445 829 2495; x_wconf 90' lang='lat' dir='ltr'>approbare</span> <span class='ocrx_word' id='word_1_325' title='bbox 848 2445 1051 2484; x_wconf 87' lang='lat' dir='ltr'>videatur.</span> <span class='ocrx_word' id='word_1_326' title='bbox 1112 2445 1255 2494; x_wconf 87' lang='lat' dir='ltr'>Neque</span> <span class='ocrx_word' id='word_1_327' title='bbox 1284 2446 1427 2482; x_wconf 86' lang='lat' dir='ltr'>tamen</span> <span class='ocrx_word' id='word_1_328' title='bbox 1456 2446 1625 2482; x_wconf 87' lang='lat' dir='ltr'>notatur</span> <span class='ocrx_word' id='word_1_329' title='bbox 1653 2444 1725 2493; x_wconf 90' lang='lat' dir='ltr'>qui</span> 
     </span>
     <span class='ocr_line' id='line_1_36' title="bbox 129 2509 1725 2560; baseline -0.002 -10"><span class='ocrx_word' id='word_1_330' title='bbox 129 2514 272 2551; x_wconf 87' lang='lat' dir='ltr'>contra</span> <span class='ocrx_word' id='word_1_331' title='bbox 305 2510 462 2549; x_wconf 85' lang='lat' dir='ltr'>Christi</span> <span class='ocrx_word' id='word_1_332' title='bbox 489 2513 530 2549; x_wconf 89' lang='lat' dir='ltr'>et</span> <span class='ocrx_word' id='word_1_333' title='bbox 564 2511 863 2560; x_wconf 89' lang='lat' dir='ltr'>Apostolorum</span> <span class='ocrx_word' id='word_1_334' title='bbox 904 2510 1140 2549; x_wconf 88' lang='lat' dir='ltr'>doctrinam</span> <span class='ocrx_word' id='word_1_335' title='bbox 1180 2509 1232 2548; x_wconf 89' lang='lat' dir='ltr'>ad</span> <span class='ocrx_word' id='word_1_336' title='bbox 1272 2509 1432 2547; x_wconf 87' lang='lat' dir='ltr'>bellum</span> <span class='ocrx_word' id='word_1_337' title='bbox 1470 2509 1725 2559; x_wconf 87' lang='lat' dir='ltr'>quibuslibet</span> 
     </span>
     <span class='ocr_line' id='line_1_37' title="bbox 130 2574 1725 2624; baseline -0.003 -9"><span class='ocrx_word' id='word_1_338' title='bbox 130 2578 180 2615; x_wconf 91' lang='lat' dir='ltr'>de</span> <span class='ocrx_word' id='word_1_339' title='bbox 218 2575 353 2614; x_wconf 85' lang='lat' dir='ltr'>causis</span> <span class='ocrx_word' id='word_1_340' title='bbox 383 2575 693 2624; x_wconf 86' lang='lat' dir='ltr'>suscipiendum</span> <span class='ocrx_word' id='word_1_341' title='bbox 730 2575 945 2614; x_wconf 90' lang='lat' dir='ltr'>classicum</span> <span class='ocrx_word' id='word_1_342' title='bbox 983 2575 1105 2613; x_wconf 89' lang='lat' dir='ltr'>canit.</span> <span class='ocrx_word' id='word_1_343' title='bbox 1168 2574 1213 2613; x_wconf 82' lang='lat' dir='ltr'>Si</span> <span class='ocrx_word' id='word_1_344' title='bbox 1253 2574 1346 2624; x_wconf 90' lang='lat' dir='ltr'>quis</span> <span class='ocrx_word' id='word_1_345' title='bbox 1381 2574 1600 2612; x_wconf 89' lang='lat' dir='ltr'>admoneat</span> <span class='ocrx_word' id='word_1_346' title='bbox 1628 2587 1725 2614; x_wconf 89' lang='lat' dir='ltr'>vere</span> 
     </span>
     <span class='ocr_line' id='line_1_38' title="bbox 131 2639 1803 2691; baseline -0.002 -10"><span class='ocrx_word' id='word_1_347' title='bbox 131 2640 421 2691; x_wconf 85' lang='lat' dir='ltr'>Apostolicum</span> <span class='ocrx_word' id='word_1_348' title='bbox 448 2653 536 2679; x_wconf 88' lang='lat' dir='ltr'>esse</span> <span class='ocrx_word' id='word_1_349' title='bbox 554 2641 709 2679; x_wconf 83' lang='lat' dir='ltr'>Turcas</span> <span class='ocrx_word' id='word_1_350' title='bbox 735 2640 893 2680; x_wconf 87' lang='lat' dir='ltr'>Christi</span> <span class='ocrx_word' id='word_1_351' title='bbox 910 2640 1125 2690; x_wconf 88' lang='lat' dir='ltr'>praesidiis</span> <span class='ocrx_word' id='word_1_352' title='bbox 1147 2640 1198 2679; x_wconf 88' lang='lat' dir='ltr'>ad</span> <span class='ocrx_word' id='word_1_353' title='bbox 1220 2639 1464 2689; x_wconf 88' lang='lat' dir='ltr'>religionem</span> <span class='ocrx_word' id='word_1_354' title='bbox 1486 2639 1726 2689; x_wconf 89' lang='lat' dir='ltr'>pertrahere</span> <span class='ocrx_word' id='word_1_355' title='bbox 1744 2647 1803 2687; x_wconf 78' lang='lat'>385</span> 
     </span>
     <span class='ocr_line' id='line_1_39' title="bbox 130 2703 1728 2756; baseline -0.001 -12"><span class='ocrx_word' id='word_1_356' title='bbox 130 2706 267 2756; x_wconf 87' lang='lat' dir='ltr'>potius</span> <span class='ocrx_word' id='word_1_357' title='bbox 299 2717 425 2754; x_wconf 89' lang='lat' dir='ltr'>quam</span> <span class='ocrx_word' id='word_1_358' title='bbox 456 2704 593 2754; x_wconf 83' lang='lat' dir='ltr'>armis,</span> <span class='ocrx_word' id='word_1_359' title='bbox 616 2705 814 2744; x_wconf 85' lang='lat' dir='ltr'>continuo</span> <span class='ocrx_word' id='word_1_360' title='bbox 838 2707 1008 2743; x_wconf 85' lang='lat' dir='ltr'>vocatur</span> <span class='ocrx_word' id='word_1_361' title='bbox 1044 2705 1088 2743; x_wconf 93' lang='lat' dir='ltr'>in</span> <span class='ocrx_word' id='word_1_362' title='bbox 1130 2704 1407 2754; x_wconf 90' lang='lat' dir='ltr'>suspicionem</span> <span class='ocrx_word' id='word_1_363' title='bbox 1439 2705 1556 2754; x_wconf 83' lang='lat' dir='ltr'>quasi</span> <span class='ocrx_word' id='word_1_364' title='bbox 1585 2703 1728 2742; x_wconf 89' lang='lat' dir='ltr'>doceat</span> 
     </span>
     <span class='ocr_line' id='line_1_40' title="bbox 131 2769 1725 2819; baseline -0.001 -10"><span class='ocrx_word' id='word_1_365' title='bbox 131 2771 295 2818; x_wconf 86' lang='lat' dir='ltr'>Turcas,</span> <span class='ocrx_word' id='word_1_366' title='bbox 318 2770 355 2808; x_wconf 89' lang='lat' dir='ltr'>si</span> <span class='ocrx_word' id='word_1_367' title='bbox 382 2770 587 2818; x_wconf 83' lang='lat' dir='ltr'>impetant</span> <span class='ocrx_word' id='word_1_368' title='bbox 616 2770 884 2815; x_wconf 89' lang='lat' dir='ltr'>Christianos,</span> <span class='ocrx_word' id='word_1_369' title='bbox 912 2770 1030 2809; x_wconf 91' lang='lat' dir='ltr'>nullo</span> <span class='ocrx_word' id='word_1_370' title='bbox 1059 2770 1182 2808; x_wconf 91' lang='lat' dir='ltr'>modo</span> <span class='ocrx_word' id='word_1_371' title='bbox 1211 2769 1499 2808; x_wconf 84' lang='lat' dir='ltr'>cohercendos.</span> <span class='ocrx_word' id='word_1_372' title='bbox 1559 2769 1602 2807; x_wconf 81' lang='lat' dir='ltr'>Si</span> <span class='ocrx_word' id='word_1_373' title='bbox 1630 2769 1725 2819; x_wconf 87' lang='lat' dir='ltr'>quis</span> 
     </span>
     <span class='ocr_line' id='line_1_41' title="bbox 132 2834 1725 2886; baseline -0.001 -12"><span class='ocrx_word' id='word_1_374' title='bbox 132 2835 335 2886; x_wconf 85' lang='lat' dir='ltr'>praedicet</span> <span class='ocrx_word' id='word_1_375' title='bbox 360 2835 659 2885; x_wconf 89' lang='lat' dir='ltr'>Apostolorum</span> <span class='ocrx_word' id='word_1_376' title='bbox 684 2835 968 2885; x_wconf 85' lang='lat' dir='ltr'>frugalitatem</span> <span class='ocrx_word' id='word_1_377' title='bbox 993 2838 1034 2873; x_wconf 90' lang='lat' dir='ltr'>et</span> <span class='ocrx_word' id='word_1_378' title='bbox 1059 2835 1104 2873; x_wconf 91' lang='lat' dir='ltr'>in</span> <span class='ocrx_word' id='word_1_379' title='bbox 1133 2835 1285 2874; x_wconf 89' lang='lat' dir='ltr'>horum</span> <span class='ocrx_word' id='word_1_380' title='bbox 1311 2836 1547 2884; x_wconf 89' lang='lat' dir='ltr'>temporum</span> <span class='ocrx_word' id='word_1_381' title='bbox 1578 2834 1725 2873; x_wconf 81' lang='lat' dir='ltr'>luxum</span> 
     </span>
    </p>
   </div>
   <div class='ocr_carea' id='block_1_3' title="bbox 133 2926 1727 3001">
    <p class='ocr_par' dir='ltr' id='par_1_5' title="bbox 133 2926 1727 3001">
     <span class='ocr_line' id='line_1_42' title="bbox 160 2926 1727 3001; baseline -0.001 -44"><span class='ocrx_word' id='word_1_382' title='bbox 160 2972 166 2977; x_wconf 93' lang='lat'>.</span> <span class='ocrx_word' id='word_1_383' title='bbox 172 2936 267 3001; x_wconf 44' lang='lat' dir='ltr'>13:352.t</span> <span class='ocrx_word' id='word_1_384' title='bbox 276 2936 436 3000; x_wconf 41' lang='lat' dir='ltr'>pra-lozcezes</span> <span class='ocrx_word' id='word_1_385' title='bbox 452 2929 516 2958; x_wconf 87' lang='grc' dir='ltr'>αΗ</span> <span class='ocrx_word' id='word_1_386' title='bbox 530 2937 538 2958; x_wconf 90' lang='lat'>:</span> <span class='ocrx_word' id='word_1_387' title='bbox 560 2936 749 2966; x_wconf 86' lang='lat' dir='ltr'>praecones</span> <span class='ocrx_word' id='word_1_388' title='bbox 762 2938 796 2967; x_wconf 80' lang='grc' dir='ltr'>γ.</span> <span class='ocrx_word' id='word_1_389' title='bbox 926 2927 1001 2966; x_wconf 83' lang='grc'><strong>358.</strong></span> <span class='ocrx_word' id='word_1_390' title='bbox 1028 2938 1072 2966; x_wconf 81' lang='grc' dir='ltr'>αγ</span> <span class='ocrx_word' id='word_1_391' title='bbox 1089 2938 1096 2956; x_wconf 92' lang='lat'>:</span> <span class='ocrx_word' id='word_1_392' title='bbox 1120 2926 1282 2965; x_wconf 82' lang='lat' dir='ltr'>derogari</span> <span class='ocrx_word' id='word_1_393' title='bbox 1299 2927 1333 2960; x_wconf 87' lang='grc' dir='ltr'>β.</span> <span class='ocrx_word' id='word_1_394' title='bbox 1481 2927 1555 2965; x_wconf 85' lang='lat'><strong>369.</strong></span> <span class='ocrx_word' id='word_1_395' title='bbox 1580 2928 1640 2956; x_wconf 79' lang='lat' dir='ltr'>aut</span> <span class='ocrx_word' id='word_1_396' title='bbox 1656 2930 1727 2956; x_wconf 70' lang='lat' dir='ltr'>ame</span> 
     </span>
     <span class='ocr_line' id='line_1_43' title="bbox 133 2980 414 3001; baseline -0.004 0"><span class='ocrx_word' id='word_1_397' title='bbox 133 2981 169 3001; x_wconf 87' lang='lat' dir='ltr'>Vl</span> <span class='ocrx_word' id='word_1_398' title='bbox 190 2980 248 3001; x_wconf 80' lang='lat' dir='ltr'>len</span> <span class='ocrx_word' id='word_1_399' title='bbox 282 2981 303 3000; x_wconf 85' lang='grc' dir='ltr'><em>α</em></span> <span class='ocrx_word' id='word_1_400' title='bbox 348 2992 356 3000; x_wconf 82' lang='grc'><strong>.</strong></span> <span class='ocrx_word' id='word_1_401' title='bbox 374 2987 384 3000; x_wconf 66' lang='lat' dir='ltr'><em>A</em></span> <span class='ocrx_word' id='word_1_402' title='bbox 406 2993 414 3000; x_wconf 90' lang='lat'><strong>.</strong></span> 
     </span>
    </p>
   </div>
   <div class='ocr_carea' id='block_1_4' title="bbox 652 3046 1180 3140">
    <p class='ocr_par' dir='ltr' id='par_1_6' title="bbox 652 3046 1180 3140">
     <span class='ocr_line' id='line_1_44' title="bbox 652 3046 1180 3087; baseline -0.006 -8"><span class='ocrx_word' id='word_1_403' title='bbox 652 3056 726 3086; x_wconf 86' lang='lat'>355.</span> <span class='ocrx_word' id='word_1_404' title='bbox 753 3046 910 3087; x_wconf 82' lang='lat' dir='ltr'>gregem]</span> <span class='ocrx_word' id='word_1_405' title='bbox 939 3056 952 3076; x_wconf 95' lang='lat'>1</span> <span class='ocrx_word' id='word_1_406' title='bbox 973 3046 1046 3078; x_wconf 83' lang='lat' dir='ltr'>Pet.</span> <span class='ocrx_word' id='word_1_407' title='bbox 1065 3056 1095 3086; x_wconf 86' lang='lat'>5.</span> <span class='ocrx_word' id='word_1_408' title='bbox 1115 3055 1180 3086; x_wconf 85' lang='lat'>2,3.</span> 
     </span>
     <span class='ocr_line' id='line_1_45' title="bbox 873 3102 990 3140; baseline 0.009 -1"><span class='ocrx_word' id='word_1_409' title='bbox 873 3115 898 3139; x_wconf 86' lang='lat' dir='ltr'>B</span> <span class='ocrx_word' id='word_1_410' title='bbox 918 3102 944 3140; x_wconf 89' lang='lat' dir='ltr'>b</span> <span class='ocrx_word' id='word_1_411' title='bbox 964 3113 990 3140; x_wconf 91' lang='lat'><strong>2</strong></span> 
     </span>
    </p>
   </div>
  </div>
 </body>
</html>
