<?xml version="1.0" encoding="UTF-8"?>
<!DOCTYPE html PUBLIC "-//W3C//DTD XHTML 1.0 Transitional//EN"
    "http://www.w3.org/TR/xhtml1/DTD/xhtml1-transitional.dtd">
<html xmlns="http://www.w3.org/1999/xhtml" xml:lang="en" lang="en">
 <head>
  <title>
</title>
<meta http-equiv="Content-Type" content="text/html;charset=utf-8" />
  <meta name='ocr-system' content='tesseract 3.04.00' />
  <meta name='ocr-capabilities' content='ocr_page ocr_carea ocr_par ocr_line ocrx_word'/>
</head>
<body>
  <div class='ocr_page' id='page_1' title='image "./opusepistolarumd03erasuoft_0293.png"; bbox 0 0 2034 3433; ppageno 0'>
   <div class='ocr_carea' id='block_1_1' title="bbox 169 130 1752 186">
    <p class='ocr_par' dir='ltr' id='par_1_1' title="bbox 169 130 1752 186">
     <span class='ocr_line' id='line_1_1' title="bbox 169 130 1752 186; baseline 0.004 -18"><span class='ocrx_word' id='word_1_1' title='bbox 169 130 262 186; x_wconf 89' lang='lat'>795]</span> <span class='ocrx_word' id='word_1_2' title='bbox 697 134 767 173; x_wconf 85' lang='grc' dir='ltr'>ΤΟ</span> <span class='ocrx_word' id='word_1_3' title='bbox 807 135 956 174; x_wconf 79' lang='lat' dir='ltr'><strong>JOHN</strong></span> <span class='ocrx_word' id='word_1_4' title='bbox 993 135 1216 174; x_wconf 87' lang='lat' dir='ltr'>FROBEN</span> <span class='ocrx_word' id='word_1_5' title='bbox 1676 137 1752 175; x_wconf 77' lang='lat'>251</span> 
     </span>
    </p>
   </div>
   <div class='ocr_carea' id='block_1_2' title="bbox 165 237 1752 419">
    <p class='ocr_par' dir='ltr' id='par_1_2' title="bbox 165 237 1752 419">
     <span class='ocr_line' id='line_1_2' title="bbox 165 237 1752 290; baseline 0.003 -14"><span class='ocrx_word' id='word_1_6' title='bbox 165 237 266 285; x_wconf 87' lang='lat' dir='ltr'>vale,</span> <span class='ocrx_word' id='word_1_7' title='bbox 288 237 531 277; x_wconf 84' lang='lat' dir='ltr'><strong>charissime</strong></span> <span class='ocrx_word' id='word_1_8' title='bbox 550 239 739 286; x_wconf 88' lang='lat' dir='ltr'>Frobeni,</span> <span class='ocrx_word' id='word_1_9' title='bbox 763 240 886 289; x_wconf 88' lang='lat' dir='ltr'>atque</span> <span class='ocrx_word' id='word_1_10' title='bbox 905 239 1008 278; x_wconf 86' lang='lat' dir='ltr'>illud</span> <span class='ocrx_word' id='word_1_11' title='bbox 1032 240 1109 278; x_wconf 87' lang='lat' dir='ltr'>tibi</span> <span class='ocrx_word' id='word_1_12' title='bbox 1129 240 1337 290; x_wconf 83' lang='lat' dir='ltr'>persuade,</span> <span class='ocrx_word' id='word_1_13' title='bbox 1361 240 1596 285; x_wconf 75' lang='lat' dir='ltr'>Erasmum,</span> <span class='ocrx_word' id='word_1_14' title='bbox 1622 242 1752 290; x_wconf 89' lang='lat' dir='ltr'>quoad</span> 
     </span>
     <span class='ocr_line' id='line_1_3' title="bbox 165 303 1050 354; baseline 0.003 -14"><span class='ocrx_word' id='word_1_15' title='bbox 165 303 289 351; x_wconf 86' lang='lat' dir='ltr'>viuet,</span> <span class='ocrx_word' id='word_1_16' title='bbox 312 303 391 342; x_wconf 88' lang='lat' dir='ltr'>tibi</span> <span class='ocrx_word' id='word_1_17' title='bbox 411 317 555 343; x_wconf 85' lang='lat' dir='ltr'>verum</span> <span class='ocrx_word' id='word_1_18' title='bbox 576 306 830 354; x_wconf 85' lang='lat' dir='ltr'>compatrem</span> <span class='ocrx_word' id='word_1_19' title='bbox 849 305 1050 343; x_wconf 85' lang='lat' dir='ltr'>futurum.</span> 
     </span>
     <span class='ocr_line' id='line_1_4' title="bbox 216 368 1104 419; baseline 0.001 -12"><span class='ocrx_word' id='word_1_20' title='bbox 216 368 392 407; x_wconf 90' lang='lat' dir='ltr'>Louanii</span> <span class='ocrx_word' id='word_1_21' title='bbox 412 369 554 409; x_wconf 83' lang='lat' dir='ltr'>Natali</span> <span class='ocrx_word' id='word_1_22' title='bbox 572 369 770 419; x_wconf 81' lang='lat' dir='ltr'>Gregorii.</span> <span class='ocrx_word' id='word_1_23' title='bbox 793 371 874 408; x_wconf 88' lang='lat' dir='ltr'>An.</span> <span class='ocrx_word' id='word_1_24' title='bbox 897 370 1104 408; x_wconf 78' lang='lat' dir='ltr'>M.D.xviii.</span> 
     </span>
    </p>
   </div>
   <div class='ocr_carea' id='block_1_3' title="bbox 586 478 1318 521">
    <p class='ocr_par' dir='ltr' id='par_1_3' title="bbox 586 478 1318 521">
     <span class='ocr_line' id='line_1_5' title="bbox 586 478 1318 521; baseline 0.003 -2"><span class='ocrx_word' id='word_1_25' title='bbox 586 479 680 519; x_wconf 85' lang='lat'>796.</span> <span class='ocrx_word' id='word_1_26' title='bbox 742 478 806 519; x_wconf 91' lang='lat' dir='ltr'>To</span> <span class='ocrx_word' id='word_1_27' title='bbox 837 478 1019 519; x_wconf 63' lang='lat' dir='ltr'>BEATUS</span> <span class='ocrx_word' id='word_1_28' title='bbox 1051 478 1318 521; x_wconf 69' lang='lat' dir='ltr'>RHENANL&#39;S.</span> 
     </span>
    </p>
   </div>
   <div class='ocr_carea' id='block_1_4' title="bbox 209 565 1701 673">
    <p class='ocr_par' dir='ltr' id='par_1_4' title="bbox 209 565 1701 673">
     <span class='ocr_line' id='line_1_6' title="bbox 209 565 1608 612; baseline 0.002 -12"><span class='ocrx_word' id='word_1_29' title='bbox 209 565 395 602; x_wconf 79' lang='lat' dir='ltr'>Deventer</span> <span class='ocrx_word' id='word_1_30' title='bbox 412 565 488 602; x_wconf 82' lang='lat' dir='ltr'>MS.</span> <span class='ocrx_word' id='word_1_31' title='bbox 508 577 565 612; x_wconf 90' lang='lat'>91,</span> <span class='ocrx_word' id='word_1_32' title='bbox 583 567 607 602; x_wconf 91' lang='lat' dir='ltr'>f.</span> <span class='ocrx_word' id='word_1_33' title='bbox 628 578 682 611; x_wconf 86' lang='lat'>90.</span> <span class='ocrx_word' id='word_1_34' title='bbox 1433 568 1608 603; x_wconf 82' lang='lat' dir='ltr'>Louvain.</span> 
     </span>
     <span class='ocr_line' id='line_1_7' title="bbox 209 623 1701 673; baseline 0.003 -15"><span class='ocrx_word' id='word_1_35' title='bbox 209 623 282 659; x_wconf 93' lang='lat' dir='ltr'>LB.</span> <span class='ocrx_word' id='word_1_36' title='bbox 299 624 394 670; x_wconf 90' lang='lat' dir='ltr'><strong>App.</strong></span> <span class='ocrx_word' id='word_1_37' title='bbox 414 634 493 668; x_wconf 82' lang='lat'>274.</span> <span class='ocrx_word' id='word_1_38' title='bbox 1336 636 1376 671; x_wconf 88' lang='lat'>13</span> <span class='ocrx_word' id='word_1_39' title='bbox 1397 625 1527 661; x_wconf 85' lang='lat' dir='ltr'><strong>March</strong></span> <span class='ocrx_word' id='word_1_40' title='bbox 1549 626 1701 673; x_wconf 79' lang='lat'>(1518).</span> 
     </span>
    </p>
   </div>
   <div class='ocr_carea' id='block_1_5' title="bbox 645 711 1268 742">
    <p class='ocr_par' dir='ltr' id='par_1_5' title="bbox 645 711 1268 742">
     <span class='ocr_line' id='line_1_8' title="bbox 645 711 1268 742; baseline 0.002 -1"><span class='ocrx_word' id='word_1_41' title='bbox 645 711 850 741; x_wconf 74' lang='lat' dir='ltr'><strong>ERASMVS</strong></span> <span class='ocrx_word' id='word_1_42' title='bbox 880 711 1024 741; x_wconf 84' lang='lat' dir='ltr'>BEATO</span> <span class='ocrx_word' id='word_1_43' title='bbox 1055 711 1137 741; x_wconf 74' lang='lat' dir='ltr'>SVO</span> <span class='ocrx_word' id='word_1_44' title='bbox 1169 712 1202 741; x_wconf 82' lang='lat' dir='ltr'>S.</span> <span class='ocrx_word' id='word_1_45' title='bbox 1225 711 1268 742; x_wconf 87' lang='grc' dir='ltr'>Ι).</span> 
     </span>
    </p>
   </div>
   <div class='ocr_carea' id='block_1_6' title="bbox 147 790 1803 2664">
    <p class='ocr_par' dir='ltr' id='par_1_6' title="bbox 158 790 1781 1166">
     <span class='ocr_line' id='line_1_9' title="bbox 214 790 1747 843; baseline 0.002 -15"><span class='ocrx_word' id='word_1_46' title='bbox 214 790 279 828; x_wconf 79' lang='grc' dir='ltr'>ΒΕ</span> <span class='ocrx_word' id='word_1_47' title='bbox 304 791 452 830; x_wconf 86' lang='lat' dir='ltr'>Pacaei</span> <span class='ocrx_word' id='word_1_48' title='bbox 478 792 749 842; x_wconf 89' lang='lat' dir='ltr'>frigidissimo</span> <span class='ocrx_word' id='word_1_49' title='bbox 778 791 920 830; x_wconf 90' lang='lat' dir='ltr'>libello</span> <span class='ocrx_word' id='word_1_50' title='bbox 948 792 1029 830; x_wconf 88' lang='lat' dir='ltr'>dici</span> <span class='ocrx_word' id='word_1_51' title='bbox 1057 793 1128 830; x_wconf 84' lang='lat' dir='ltr'>vix</span> <span class='ocrx_word' id='word_1_52' title='bbox 1155 793 1298 842; x_wconf 82' lang='lat' dir='ltr'>possit,</span> <span class='ocrx_word' id='word_1_53' title='bbox 1325 792 1384 830; x_wconf 90' lang='lat' dir='ltr'>mi</span> <span class='ocrx_word' id='word_1_54' title='bbox 1415 792 1550 840; x_wconf 85' lang='lat' dir='ltr'>Beate,</span> <span class='ocrx_word' id='word_1_55' title='bbox 1581 795 1747 843; x_wconf 87' lang='lat' dir='ltr'>quanto-</span> 
     </span>
     <span class='ocr_line' id='line_1_10' title="bbox 159 856 1747 907; baseline 0.003 -14"><span class='ocrx_word' id='word_1_56' title='bbox 159 869 254 904; x_wconf 87' lang='lat' dir='ltr'>pere</span> <span class='ocrx_word' id='word_1_57' title='bbox 268 869 336 895; x_wconf 90' lang='lat' dir='ltr'>me</span> <span class='ocrx_word' id='word_1_58' title='bbox 350 858 502 906; x_wconf 89' lang='lat' dir='ltr'>pudeat</span> <span class='ocrx_word' id='word_1_59' title='bbox 519 857 611 907; x_wconf 81' lang='lat' dir='ltr'>(et)</span> <span class='ocrx_word' id='word_1_60' title='bbox 629 858 776 907; x_wconf 79' lang='lat' dir='ltr'>pigeat.</span> <span class='ocrx_word' id='word_1_61' title='bbox 829 857 920 895; x_wconf 94' lang='lat' dir='ltr'>Hoc</span> <span class='ocrx_word' id='word_1_62' title='bbox 935 858 996 895; x_wconf 85' lang='lat' dir='ltr'>est</span> <span class='ocrx_word' id='word_1_63' title='bbox 1011 869 1177 906; x_wconf 90' lang='lat' dir='ltr'>prorsus</span> <span class='ocrx_word' id='word_1_64' title='bbox 1189 858 1231 895; x_wconf 87' lang='grc' dir='ltr'>τὸ</span> <span class='ocrx_word' id='word_1_65' title='bbox 1244 859 1311 906; x_wconf 86' lang='grc' dir='ltr'>τῆς</span> <span class='ocrx_word' id='word_1_66' title='bbox 1325 858 1533 906; x_wconf 71' lang='grc' dir='ltr'>παροιμίας,</span> <span class='ocrx_word' id='word_1_67' title='bbox 1545 856 1747 907; x_wconf 78' lang='grc' dir='ltr'>Ἀνθρακες</span> 
     </span>
     <span class='ocr_line' id='line_1_11' title="bbox 160 920 1747 970; baseline 0.003 -13"><span class='ocrx_word' id='word_1_68' title='bbox 160 920 355 970; x_wconf 79' lang='grc' dir='ltr'>θησαυρός.</span> <span class='ocrx_word' id='word_1_69' title='bbox 415 921 507 960; x_wconf 85' lang='lat' dir='ltr'>Scio</span> <span class='ocrx_word' id='word_1_70' title='bbox 534 923 674 961; x_wconf 86' lang='lat' dir='ltr'>doctos</span> <span class='ocrx_word' id='word_1_71' title='bbox 702 922 862 960; x_wconf 84' lang='lat' dir='ltr'>omneis</span> <span class='ocrx_word' id='word_1_72' title='bbox 890 920 1005 959; x_wconf 89' lang='lat' dir='ltr'>illius</span> <span class='ocrx_word' id='word_1_73' title='bbox 1033 921 1186 960; x_wconf 85' lang='lat' dir='ltr'>amicos</span> <span class='ocrx_word' id='word_1_74' title='bbox 1214 934 1381 960; x_wconf 90' lang='lat' dir='ltr'>mecum</span> <span class='ocrx_word' id='word_1_75' title='bbox 1410 935 1459 959; x_wconf 92' lang='lat' dir='ltr'>ex</span> <span class='ocrx_word' id='word_1_76' title='bbox 1484 923 1624 961; x_wconf 89' lang='lat' dir='ltr'>animo</span> <span class='ocrx_word' id='word_1_77' title='bbox 1648 923 1747 961; x_wconf 91' lang='lat' dir='ltr'>doli-</span> 
     </span>
     <span class='ocr_line' id='line_1_12' title="bbox 159 985 1747 1037; baseline 0.003 -15"><span class='ocrx_word' id='word_1_78' title='bbox 159 986 274 1024; x_wconf 90' lang='lat' dir='ltr'>turos</span> <span class='ocrx_word' id='word_1_79' title='bbox 292 1000 301 1034; x_wconf 93' lang='lat'>;</span> <span class='ocrx_word' id='word_1_80' title='bbox 329 986 401 1025; x_wconf 91' lang='lat' dir='ltr'>sed</span> <span class='ocrx_word' id='word_1_81' title='bbox 420 987 490 1025; x_wconf 91' lang='lat' dir='ltr'>ille</span> <span class='ocrx_word' id='word_1_82' title='bbox 509 986 680 1025; x_wconf 83' lang='lat' dir='ltr'>interim</span> <span class='ocrx_word' id='word_1_83' title='bbox 699 986 852 1024; x_wconf 85' lang='lat' dir='ltr'>fruitur</span> <span class='ocrx_word' id='word_1_84' title='bbox 871 999 943 1024; x_wconf 91' lang='lat' dir='ltr'>sua</span> <span class='ocrx_word' id='word_1_85' title='bbox 962 985 1157 1024; x_wconf 85' lang='lat' dir='ltr'>felicitate</span> <span class='ocrx_word' id='word_1_86' title='bbox 1176 986 1304 1034; x_wconf 90' lang='lat' dir='ltr'>diues,</span> <span class='ocrx_word' id='word_1_87' title='bbox 1330 987 1435 1036; x_wconf 84' lang='lat' dir='ltr'>Regi</span> <span class='ocrx_word' id='word_1_88' title='bbox 1454 986 1747 1037; x_wconf 85' lang='lat' dir='ltr'>Cardinalique</span> 
     </span>
     <span class='ocr_line' id='line_1_13' title="bbox 158 1050 1781 1101; baseline 0.003 -14"><span class='ocrx_word' id='word_1_89' title='bbox 158 1050 430 1099; x_wconf 80' lang='lat' dir='ltr'>gratissimus.</span> <span class='ocrx_word' id='word_1_90' title='bbox 489 1051 606 1090; x_wconf 90' lang='lat' dir='ltr'>Moro</span> <span class='ocrx_word' id='word_1_91' title='bbox 631 1054 773 1090; x_wconf 91' lang='lat' dir='ltr'>tamen</span> <span class='ocrx_word' id='word_1_92' title='bbox 796 1051 943 1101; x_wconf 81' lang='lat' dir='ltr'>scripsi</span> <span class='ocrx_word' id='word_1_93' title='bbox 965 1053 1010 1089; x_wconf 83' lang='lat' dir='ltr'>vt</span> <span class='ocrx_word' id='word_1_94' title='bbox 1030 1050 1153 1089; x_wconf 80' lang='lat' dir='ltr'>illum</span> <span class='ocrx_word' id='word_1_95' title='bbox 1176 1051 1438 1090; x_wconf 77' lang='lat' dir='ltr'>familiariter</span> <span class='ocrx_word' id='word_1_96' title='bbox 1455 1052 1673 1091; x_wconf 89' lang='lat' dir='ltr'>admoneat</span> <span class='ocrx_word' id='word_1_97' title='bbox 1694 1066 1744 1091; x_wconf 84' lang='lat' dir='ltr'>ne</span> <span class='ocrx_word' id='word_1_98' title='bbox 1765 1062 1781 1092; x_wconf 78' lang='lat'><strong><em>5</em></strong></span> 
     </span>
     <span class='ocr_line' id='line_1_14' title="bbox 158 1116 915 1166; baseline 0.003 -14"><span class='ocrx_word' id='word_1_99' title='bbox 158 1118 300 1165; x_wconf 82' lang='lat' dir='ltr'>pergat</span> <span class='ocrx_word' id='word_1_100' title='bbox 320 1116 371 1154; x_wconf 88' lang='lat' dir='ltr'>ad</span> <span class='ocrx_word' id='word_1_101' title='bbox 389 1117 519 1155; x_wconf 89' lang='lat' dir='ltr'>istum</span> <span class='ocrx_word' id='word_1_102' title='bbox 539 1117 713 1166; x_wconf 85' lang='lat' dir='ltr'>ineptire</span> <span class='ocrx_word' id='word_1_103' title='bbox 732 1117 915 1155; x_wconf 87' lang='lat' dir='ltr'>modum.</span> 
     </span>
    </p>

    <p class='ocr_par' dir='ltr' id='par_1_7' title="bbox 154 1179 1803 1491">
     <span class='ocr_line' id='line_1_15' title="bbox 211 1179 1741 1231; baseline 0.002 -13"><span class='ocrx_word' id='word_1_104' title='bbox 211 1179 405 1219; x_wconf 88' lang='lat' dir='ltr'>Frobenii</span> <span class='ocrx_word' id='word_1_105' title='bbox 432 1183 566 1220; x_wconf 85' lang='lat' dir='ltr'>vicem</span> <span class='ocrx_word' id='word_1_106' title='bbox 595 1182 723 1230; x_wconf 88' lang='lat' dir='ltr'>doleo,</span> <span class='ocrx_word' id='word_1_107' title='bbox 746 1182 813 1220; x_wconf 89' lang='lat' dir='ltr'>cui</span> <span class='ocrx_word' id='word_1_108' title='bbox 839 1193 1052 1231; x_wconf 89' lang='lat' dir='ltr'>nunquam</span> <span class='ocrx_word' id='word_1_109' title='bbox 1081 1181 1213 1231; x_wconf 88' lang='lat' dir='ltr'>quoad</span> <span class='ocrx_word' id='word_1_110' title='bbox 1238 1181 1378 1219; x_wconf 81' lang='lat' dir='ltr'>viuam</span> <span class='ocrx_word' id='word_1_111' title='bbox 1401 1194 1494 1220; x_wconf 89' lang='lat' dir='ltr'>sum</span> <span class='ocrx_word' id='word_1_112' title='bbox 1514 1182 1741 1221; x_wconf 89' lang='lat' dir='ltr'>defuturus.</span> 
     </span>
     <span class='ocr_line' id='line_1_16' title="bbox 156 1245 1743 1296; baseline 0.002 -13"><span class='ocrx_word' id='word_1_113' title='bbox 156 1245 297 1295; x_wconf 81' lang='lat' dir='ltr'>Atque</span> <span class='ocrx_word' id='word_1_114' title='bbox 323 1259 588 1285; x_wconf 89' lang='lat' dir='ltr'>communem</span> <span class='ocrx_word' id='word_1_115' title='bbox 617 1249 871 1296; x_wconf 86' lang='lat' dir='ltr'>compatrem</span> <span class='ocrx_word' id='word_1_116' title='bbox 899 1245 978 1284; x_wconf 84' lang='lat' dir='ltr'>tibi</span> <span class='ocrx_word' id='word_1_117' title='bbox 1007 1245 1191 1284; x_wconf 80' lang='lat' dir='ltr'>vicissim</span> <span class='ocrx_word' id='word_1_118' title='bbox 1218 1246 1492 1294; x_wconf 90' lang='lat' dir='ltr'>commendo;</span> <span class='ocrx_word' id='word_1_119' title='bbox 1523 1248 1589 1285; x_wconf 87' lang='lat' dir='ltr'>cui</span> <span class='ocrx_word' id='word_1_120' title='bbox 1612 1250 1659 1286; x_wconf 90' lang='lat' dir='ltr'>tu</span> <span class='ocrx_word' id='word_1_121' title='bbox 1678 1248 1743 1286; x_wconf 83' lang='lat' dir='ltr'>vel</span> 
     </span>
     <span class='ocr_line' id='line_1_17' title="bbox 156 1310 1743 1361; baseline 0.002 -13"><span class='ocrx_word' id='word_1_122' title='bbox 156 1310 337 1349; x_wconf 79' lang='lat' dir='ltr'>maxime</span> <span class='ocrx_word' id='word_1_123' title='bbox 360 1314 477 1361; x_wconf 91' lang='lat' dir='ltr'>potes</span> <span class='ocrx_word' id='word_1_124' title='bbox 502 1325 589 1350; x_wconf 89' lang='lat' dir='ltr'>esse</span> <span class='ocrx_word' id='word_1_125' title='bbox 617 1312 832 1361; x_wconf 91' lang='lat' dir='ltr'>praesidio.</span> <span class='ocrx_word' id='word_1_126' title='bbox 893 1311 1000 1350; x_wconf 89' lang='lat' dir='ltr'>Nam</span> <span class='ocrx_word' id='word_1_127' title='bbox 1029 1324 1122 1350; x_wconf 90' lang='lat' dir='ltr'>mea</span> <span class='ocrx_word' id='word_1_128' title='bbox 1151 1311 1320 1361; x_wconf 88' lang='lat' dir='ltr'>quidem</span> <span class='ocrx_word' id='word_1_129' title='bbox 1350 1314 1459 1350; x_wconf 86' lang='lat' dir='ltr'>aetas</span> <span class='ocrx_word' id='word_1_130' title='bbox 1482 1325 1528 1350; x_wconf 86' lang='lat' dir='ltr'>ac</span> <span class='ocrx_word' id='word_1_131' title='bbox 1550 1313 1743 1351; x_wconf 87' lang='lat' dir='ltr'>valetudo</span> 
     </span>
     <span class='ocr_line' id='line_1_18' title="bbox 154 1375 1803 1427; baseline 0.002 -15"><span class='ocrx_word' id='word_1_132' title='bbox 154 1375 401 1414; x_wconf 89' lang='lat' dir='ltr'>iamdudum</span> <span class='ocrx_word' id='word_1_133' title='bbox 419 1377 470 1415; x_wconf 88' lang='lat' dir='ltr'>ab</span> <span class='ocrx_word' id='word_1_134' title='bbox 490 1377 566 1415; x_wconf 89' lang='lat' dir='ltr'>hoc</span> <span class='ocrx_word' id='word_1_135' title='bbox 587 1377 775 1416; x_wconf 89' lang='lat' dir='ltr'>laborum</span> <span class='ocrx_word' id='word_1_136' title='bbox 792 1389 938 1427; x_wconf 87' lang='lat' dir='ltr'>genere</span> <span class='ocrx_word' id='word_1_137' title='bbox 953 1376 1195 1414; x_wconf 85' lang='lat' dir='ltr'>missionem</span> <span class='ocrx_word' id='word_1_138' title='bbox 1215 1376 1386 1425; x_wconf 85' lang='lat' dir='ltr'>flagitat.</span> <span class='ocrx_word' id='word_1_139' title='bbox 1445 1376 1573 1415; x_wconf 91' lang='lat' dir='ltr'>Vobis</span> <span class='ocrx_word' id='word_1_140' title='bbox 1589 1377 1744 1416; x_wconf 88' lang='lat' dir='ltr'>iuueni·</span> <span class='ocrx_word' id='word_1_141' title='bbox 1766 1394 1803 1415; x_wconf 87' lang='lat'>10</span> 
     </span>
     <span class='ocr_line' id='line_1_19' title="bbox 155 1439 1146 1491; baseline 0.001 -13"><span class='ocrx_word' id='word_1_142' title='bbox 155 1439 232 1479; x_wconf 92' lang='lat' dir='ltr'>bus</span> <span class='ocrx_word' id='word_1_143' title='bbox 251 1442 375 1491; x_wconf 88' lang='lat' dir='ltr'>atque</span> <span class='ocrx_word' id='word_1_144' title='bbox 394 1442 520 1480; x_wconf 85' lang='lat' dir='ltr'>etiam</span> <span class='ocrx_word' id='word_1_145' title='bbox 540 1442 794 1480; x_wconf 84' lang='lat' dir='ltr'>felicioribus</span> <span class='ocrx_word' id='word_1_146' title='bbox 812 1441 927 1480; x_wconf 89' lang='lat' dir='ltr'>trado</span> <span class='ocrx_word' id='word_1_147' title='bbox 945 1441 1146 1491; x_wconf 86' lang='lat' dir='ltr'>lampada.</span> 
     </span>
    </p>

    <p class='ocr_par' dir='ltr' id='par_1_8' title="bbox 150 1505 1798 2080">
     <span class='ocr_line' id='line_1_20' title="bbox 205 1505 1742 1558; baseline 0.001 -15"><span class='ocrx_word' id='word_1_148' title='bbox 205 1505 396 1544; x_wconf 88' lang='lat' dir='ltr'>Brunoni</span> <span class='ocrx_word' id='word_1_149' title='bbox 410 1507 537 1546; x_wconf 85' lang='lat' dir='ltr'>dicito</span> <span class='ocrx_word' id='word_1_150' title='bbox 550 1510 597 1547; x_wconf 82' lang='lat' dir='ltr'>vt</span> <span class='ocrx_word' id='word_1_151' title='bbox 613 1521 781 1546; x_wconf 91' lang='lat' dir='ltr'>omnem</span> <span class='ocrx_word' id='word_1_152' title='bbox 797 1507 1037 1557; x_wconf 88' lang='lat' dir='ltr'>scrupulum</span> <span class='ocrx_word' id='word_1_153' title='bbox 1053 1506 1185 1545; x_wconf 86' lang='lat' dir='ltr'>eiiciat</span> <span class='ocrx_word' id='word_1_154' title='bbox 1200 1520 1249 1544; x_wconf 85' lang='lat' dir='ltr'>ex</span> <span class='ocrx_word' id='word_1_155' title='bbox 1263 1507 1402 1545; x_wconf 89' lang='lat' dir='ltr'>animo</span> <span class='ocrx_word' id='word_1_156' title='bbox 1419 1507 1468 1545; x_wconf 91' lang='lat' dir='ltr'>de</span> <span class='ocrx_word' id='word_1_157' title='bbox 1483 1507 1742 1558; x_wconf 85' lang='lat' dir='ltr'>Hieronymo</span> 
     </span>
     <span class='ocr_line' id='line_1_21' title="bbox 153 1571 1743 1623; baseline 0.001 -15"><span class='ocrx_word' id='word_1_158' title='bbox 153 1583 296 1609; x_wconf 89' lang='lat' dir='ltr'>rursus</span> <span class='ocrx_word' id='word_1_159' title='bbox 320 1572 513 1611; x_wconf 87' lang='lat' dir='ltr'>aedendo.</span> <span class='ocrx_word' id='word_1_160' title='bbox 574 1573 702 1612; x_wconf 88' lang='lat' dir='ltr'>Crede</span> <span class='ocrx_word' id='word_1_161' title='bbox 723 1572 839 1619; x_wconf 89' lang='lat' dir='ltr'>mihi,</span> <span class='ocrx_word' id='word_1_162' title='bbox 862 1571 1075 1610; x_wconf 88' lang='lat' dir='ltr'>somnium</span> <span class='ocrx_word' id='word_1_163' title='bbox 1098 1573 1160 1609; x_wconf 89' lang='lat' dir='ltr'>est</span> <span class='ocrx_word' id='word_1_164' title='bbox 1183 1571 1291 1621; x_wconf 89' lang='lat' dir='ltr'>quod</span> <span class='ocrx_word' id='word_1_165' title='bbox 1316 1572 1388 1610; x_wconf 92' lang='lat' dir='ltr'>ille</span> <span class='ocrx_word' id='word_1_166' title='bbox 1412 1573 1590 1620; x_wconf 87' lang='lat' dir='ltr'>metuit;</span> <span class='ocrx_word' id='word_1_167' title='bbox 1619 1585 1743 1623; x_wconf 87' lang='lat' dir='ltr'>quan-</span> 
     </span>
     <span class='ocr_line' id='line_1_22' title="bbox 151 1636 1741 1688; baseline 0.001 -13"><span class='ocrx_word' id='word_1_168' title='bbox 151 1649 276 1686; x_wconf 85' lang='lat' dir='ltr'>quam</span> <span class='ocrx_word' id='word_1_169' title='bbox 294 1637 369 1676; x_wconf 88' lang='lat' dir='ltr'>hac</span> <span class='ocrx_word' id='word_1_170' title='bbox 390 1638 440 1676; x_wconf 92' lang='lat' dir='ltr'>de</span> <span class='ocrx_word' id='word_1_171' title='bbox 459 1651 503 1676; x_wconf 90' lang='lat' dir='ltr'>re</span> <span class='ocrx_word' id='word_1_172' title='bbox 523 1638 767 1688; x_wconf 86' lang='lat' dir='ltr'>scripsimus</span> <span class='ocrx_word' id='word_1_173' title='bbox 787 1640 827 1675; x_wconf 84' lang='lat' dir='ltr'>et</span> <span class='ocrx_word' id='word_1_174' title='bbox 847 1637 921 1675; x_wconf 89' lang='lat' dir='ltr'>illi.</span> <span class='ocrx_word' id='word_1_175' title='bbox 979 1636 1118 1675; x_wconf 89' lang='lat' dir='ltr'>Adero</span> <span class='ocrx_word' id='word_1_176' title='bbox 1132 1636 1208 1674; x_wconf 85' lang='lat' dir='ltr'>hac</span> <span class='ocrx_word' id='word_1_177' title='bbox 1227 1639 1357 1675; x_wconf 85' lang='lat' dir='ltr'>estate</span> <span class='ocrx_word' id='word_1_178' title='bbox 1370 1637 1558 1676; x_wconf 88' lang='lat' dir='ltr'>editurus</span> <span class='ocrx_word' id='word_1_179' title='bbox 1573 1637 1741 1676; x_wconf 87' lang='lat' dir='ltr'>Nouum</span> 
     </span>
     <span class='ocr_line' id='line_1_23' title="bbox 152 1700 1798 1751; baseline -0.001 -12"><span class='ocrx_word' id='word_1_180' title='bbox 152 1700 481 1751; x_wconf 79' lang='lat' dir='ltr'>Testamentum,</span> <span class='ocrx_word' id='word_1_181' title='bbox 496 1703 533 1742; x_wconf 91' lang='lat' dir='ltr'>si</span> <span class='ocrx_word' id='word_1_182' title='bbox 551 1704 673 1742; x_wconf 91' lang='lat' dir='ltr'>modo</span> <span class='ocrx_word' id='word_1_183' title='bbox 692 1703 833 1742; x_wconf 84' lang='lat' dir='ltr'>licebit</span> <span class='ocrx_word' id='word_1_184' title='bbox 854 1704 943 1741; x_wconf 86' lang='lat' dir='ltr'>tuto</span> <span class='ocrx_word' id='word_1_185' title='bbox 962 1702 1124 1751; x_wconf 85' lang='lat' dir='ltr'>ingredi</span> <span class='ocrx_word' id='word_1_186' title='bbox 1145 1702 1411 1741; x_wconf 82' lang='lat' dir='ltr'>Germaniam</span> <span class='ocrx_word' id='word_1_187' title='bbox 1432 1717 1442 1750; x_wconf 90' lang='lat'>;</span> <span class='ocrx_word' id='word_1_188' title='bbox 1470 1703 1587 1741; x_wconf 83' lang='lat' dir='ltr'>cuius</span> <span class='ocrx_word' id='word_1_189' title='bbox 1607 1703 1741 1741; x_wconf 88' lang='lat' dir='ltr'>condi·</span> <span class='ocrx_word' id='word_1_190' title='bbox 1763 1718 1798 1747; x_wconf 77' lang='lat'>15</span> 
     </span>
     <span class='ocr_line' id='line_1_24' title="bbox 150 1765 1740 1819; baseline 0.002 -15"><span class='ocrx_word' id='word_1_191' title='bbox 150 1765 306 1806; x_wconf 92' lang='lat' dir='ltr'>tionem</span> <span class='ocrx_word' id='word_1_192' title='bbox 335 1768 415 1808; x_wconf 89' lang='lat' dir='ltr'>ista</span> <span class='ocrx_word' id='word_1_193' title='bbox 441 1769 657 1808; x_wconf 86' lang='lat' dir='ltr'>latrocinia</span> <span class='ocrx_word' id='word_1_194' title='bbox 682 1769 864 1819; x_wconf 88' lang='lat' dir='ltr'>peiorem</span> <span class='ocrx_word' id='word_1_195' title='bbox 884 1767 1063 1806; x_wconf 90' lang='lat' dir='ltr'>reddunt</span> <span class='ocrx_word' id='word_1_196' title='bbox 1083 1768 1184 1817; x_wconf 90' lang='lat' dir='ltr'>ipsis</span> <span class='ocrx_word' id='word_1_197' title='bbox 1202 1768 1328 1806; x_wconf 86' lang='lat' dir='ltr'>etiam</span> <span class='ocrx_word' id='word_1_198' title='bbox 1352 1767 1509 1815; x_wconf 87' lang='lat' dir='ltr'>inferis,</span> <span class='ocrx_word' id='word_1_199' title='bbox 1529 1768 1646 1807; x_wconf 88' lang='lat' dir='ltr'>cuius</span> <span class='ocrx_word' id='word_1_200' title='bbox 1665 1782 1740 1807; x_wconf 86' lang='lat' dir='ltr'>nec·</span> 
     </span>
     <span class='ocr_line' id='line_1_25' title="bbox 150 1831 1739 1884; baseline 0.001 -15"><span class='ocrx_word' id='word_1_201' title='bbox 150 1831 286 1871; x_wconf 83' lang='lat' dir='ltr'>aditus</span> <span class='ocrx_word' id='word_1_202' title='bbox 305 1833 361 1871; x_wconf 92' lang='lat' dir='ltr'>sit</span> <span class='ocrx_word' id='word_1_203' title='bbox 379 1833 514 1872; x_wconf 89' lang='lat' dir='ltr'>facilis</span> <span class='ocrx_word' id='word_1_204' title='bbox 533 1848 608 1873; x_wconf 90' lang='lat' dir='ltr'>nec</span> <span class='ocrx_word' id='word_1_205' title='bbox 627 1835 773 1873; x_wconf 82' lang='lat' dir='ltr'>exitus.</span> <span class='ocrx_word' id='word_1_206' title='bbox 833 1834 969 1872; x_wconf 89' lang='lat' dir='ltr'>Deum</span> <span class='ocrx_word' id='word_1_207' title='bbox 992 1834 1286 1877; x_wconf 74' lang='lat' dir='ltr'>immortalem,</span> <span class='ocrx_word' id='word_1_208' title='bbox 1305 1846 1408 1883; x_wconf 86' lang='lat' dir='ltr'>quae</span> <span class='ocrx_word' id='word_1_209' title='bbox 1428 1833 1596 1883; x_wconf 83' lang='grc' dir='ltr'>δράματα</span> <span class='ocrx_word' id='word_1_210' title='bbox 1611 1836 1739 1884; x_wconf 90' lang='lat' dir='ltr'>agunt</span> 
     </span>
     <span class='ocr_line' id='line_1_26' title="bbox 150 1897 1738 1948; baseline 0.002 -14"><span class='ocrx_word' id='word_1_211' title='bbox 150 1897 383 1948; x_wconf 80' lang='lat' dir='ltr'>principes!</span> <span class='ocrx_word' id='word_1_212' title='bbox 440 1899 617 1938; x_wconf 91' lang='lat' dir='ltr'>Prorsus</span> <span class='ocrx_word' id='word_1_213' title='bbox 643 1900 831 1939; x_wconf 85' lang='lat' dir='ltr'>sublatus</span> <span class='ocrx_word' id='word_1_214' title='bbox 851 1901 911 1938; x_wconf 88' lang='lat' dir='ltr'>est</span> <span class='ocrx_word' id='word_1_215' title='bbox 931 1912 952 1937; x_wconf 90' lang='lat' dir='ltr'>e</span> <span class='ocrx_word' id='word_1_216' title='bbox 971 1898 1094 1936; x_wconf 89' lang='lat' dir='ltr'>rebus</span> <span class='ocrx_word' id='word_1_217' title='bbox 1114 1898 1310 1936; x_wconf 79' lang='lat' dir='ltr'>humanis</span> <span class='ocrx_word' id='word_1_218' title='bbox 1332 1898 1473 1947; x_wconf 89' lang='lat' dir='ltr'>pudor.</span> <span class='ocrx_word' id='word_1_219' title='bbox 1532 1898 1600 1936; x_wconf 90' lang='lat' dir='ltr'>Ad</span> <span class='ocrx_word' id='word_1_220' title='bbox 1628 1912 1738 1937; x_wconf 89' lang='lat' dir='ltr'>sum-</span> 
     </span>
     <span class='ocr_line' id='line_1_27' title="bbox 150 1963 1738 2015; baseline 0.001 -15"><span class='ocrx_word' id='word_1_221' title='bbox 150 1975 268 2001; x_wconf 86' lang='lat' dir='ltr'>mum</span> <span class='ocrx_word' id='word_1_222' title='bbox 298 1965 469 2002; x_wconf 86' lang='lat' dir='ltr'>ventum</span> <span class='ocrx_word' id='word_1_223' title='bbox 494 1978 582 2003; x_wconf 90' lang='lat' dir='ltr'>esse</span> <span class='ocrx_word' id='word_1_224' title='bbox 611 1966 731 2004; x_wconf 88' lang='lat' dir='ltr'>video</span> <span class='ocrx_word' id='word_1_225' title='bbox 759 1963 1004 2015; x_wconf 85' lang='lat' dir='ltr'>tyrannidis.</span> <span class='ocrx_word' id='word_1_226' title='bbox 1073 1963 1268 2001; x_wconf 76' lang='lat' dir='ltr'>Pontifex</span> <span class='ocrx_word' id='word_1_227' title='bbox 1296 1976 1342 2002; x_wconf 85' lang='lat' dir='ltr'>ac</span> <span class='ocrx_word' id='word_1_228' title='bbox 1376 1963 1506 2013; x_wconf 81' lang='lat' dir='ltr'>Reges</span> <span class='ocrx_word' id='word_1_229' title='bbox 1538 1964 1738 2013; x_wconf 89' lang='lat' dir='ltr'>populum</span> 
     </span>
     <span class='ocr_line' id='line_1_28' title="bbox 151 2028 1797 2080; baseline 0.001 -16"><span class='ocrx_word' id='word_1_230' title='bbox 151 2039 235 2065; x_wconf 90' lang='lat' dir='ltr'>non</span> <span class='ocrx_word' id='word_1_231' title='bbox 253 2041 326 2077; x_wconf 91' lang='lat' dir='ltr'>pro</span> <span class='ocrx_word' id='word_1_232' title='bbox 346 2028 589 2068; x_wconf 89' lang='lat' dir='ltr'>hominibus</span> <span class='ocrx_word' id='word_1_233' title='bbox 609 2030 679 2068; x_wconf 90' lang='lat' dir='ltr'>sed</span> <span class='ocrx_word' id='word_1_234' title='bbox 699 2043 773 2080; x_wconf 91' lang='lat' dir='ltr'>pro</span> <span class='ocrx_word' id='word_1_235' title='bbox 792 2028 1018 2079; x_wconf 88' lang='lat' dir='ltr'>pecudibus</span> <span class='ocrx_word' id='word_1_236' title='bbox 1036 2028 1242 2077; x_wconf 87' lang='lat' dir='ltr'>empticiis</span> <span class='ocrx_word' id='word_1_237' title='bbox 1261 2028 1429 2067; x_wconf 80' lang='lat' dir='ltr'>habent..</span> <span class='ocrx_word' id='word_1_238' title='bbox 1759 2043 1797 2066; x_wconf 75' lang='lat'>22</span> 
     </span>
    </p>

    <p class='ocr_par' dir='ltr' id='par_1_9' title="bbox 147 2092 1793 2600">
     <span class='ocr_line' id='line_1_29' title="bbox 205 2092 1732 2133; baseline 0.001 -3"><span class='ocrx_word' id='word_1_239' title='bbox 205 2092 336 2130; x_wconf 85' lang='lat' dir='ltr'>Faber</span> <span class='ocrx_word' id='word_1_240' title='bbox 371 2093 479 2132; x_wconf 88' lang='lat' dir='ltr'>nihil</span> <span class='ocrx_word' id='word_1_241' title='bbox 517 2096 689 2133; x_wconf 89' lang='lat' dir='ltr'>omnino</span> <span class='ocrx_word' id='word_1_242' title='bbox 724 2094 878 2133; x_wconf 87' lang='lat' dir='ltr'>scribit.</span> <span class='ocrx_word' id='word_1_243' title='bbox 948 2093 1017 2131; x_wconf 90' lang='lat' dir='ltr'>Ab</span> <span class='ocrx_word' id='word_1_244' title='bbox 1055 2106 1102 2131; x_wconf 91' lang='lat' dir='ltr'>eo</span> <span class='ocrx_word' id='word_1_245' title='bbox 1140 2093 1302 2131; x_wconf 87' lang='lat' dir='ltr'>diuersa</span> <span class='ocrx_word' id='word_1_246' title='bbox 1338 2094 1446 2132; x_wconf 85' lang='lat' dir='ltr'>mihi</span> <span class='ocrx_word' id='word_1_247' title='bbox 1486 2094 1732 2132; x_wconf 87' lang='lat' dir='ltr'>referuntur.</span> 
     </span>
     <span class='ocr_line' id='line_1_30' title="bbox 151 2157 1735 2208; baseline 0.001 -12"><span class='ocrx_word' id='word_1_248' title='bbox 151 2157 330 2206; x_wconf 81' lang='lat' dir='ltr'>Quidam</span> <span class='ocrx_word' id='word_1_249' title='bbox 358 2158 478 2196; x_wconf 89' lang='lat' dir='ltr'>aiunt</span> <span class='ocrx_word' id='word_1_250' title='bbox 505 2159 646 2197; x_wconf 91' lang='lat' dir='ltr'>moliri</span> <span class='ocrx_word' id='word_1_251' title='bbox 674 2159 968 2206; x_wconf 87' lang='lat' dir='ltr'>defensionem,</span> <span class='ocrx_word' id='word_1_252' title='bbox 1006 2158 1174 2208; x_wconf 88' lang='lat' dir='ltr'>quidam</span> <span class='ocrx_word' id='word_1_253' title='bbox 1207 2160 1370 2208; x_wconf 85' lang='lat' dir='ltr'>negant.</span> <span class='ocrx_word' id='word_1_254' title='bbox 1430 2159 1476 2197; x_wconf 90' lang='lat' dir='ltr'>Is</span> <span class='ocrx_word' id='word_1_255' title='bbox 1508 2172 1582 2208; x_wconf 89' lang='lat' dir='ltr'>per</span> <span class='ocrx_word' id='word_1_256' title='bbox 1614 2172 1735 2208; x_wconf 90' lang='lat' dir='ltr'>quem</span> 
     </span>
     <span class='ocr_line' id='line_1_31' title="bbox 150 2221 1736 2274; baseline 0.001 -14"><span class='ocrx_word' id='word_1_257' title='bbox 150 2221 346 2270; x_wconf 86' lang='lat' dir='ltr'>miseram</span> <span class='ocrx_word' id='word_1_258' title='bbox 379 2223 628 2274; x_wconf 88' lang='lat' dir='ltr'>Apologiam</span> <span class='ocrx_word' id='word_1_259' title='bbox 661 2237 757 2262; x_wconf 88' lang='lat' dir='ltr'>cum</span> <span class='ocrx_word' id='word_1_260' title='bbox 790 2222 942 2261; x_wconf 89' lang='lat' dir='ltr'>litteris</span> <span class='ocrx_word' id='word_1_261' title='bbox 971 2223 1085 2270; x_wconf 87' lang='lat' dir='ltr'>meis,</span> <span class='ocrx_word' id='word_1_262' title='bbox 1119 2223 1177 2261; x_wconf 90' lang='lat' dir='ltr'>ita</span> <span class='ocrx_word' id='word_1_263' title='bbox 1209 2223 1373 2272; x_wconf 88' lang='lat' dir='ltr'>scripsit</span> <span class='ocrx_word' id='word_1_264' title='bbox 1408 2223 1571 2261; x_wconf 89' lang='lat' dir='ltr'>cuidam</span> <span class='ocrx_word' id='word_1_265' title='bbox 1604 2224 1736 2262; x_wconf 89' lang='lat' dir='ltr'>amico</span> 
     </span>
     <span class='ocr_line' id='line_1_32' title="bbox 148 2287 1733 2338; baseline 0.001 -13"><span class='ocrx_word' id='word_1_266' title='bbox 148 2300 234 2334; x_wconf 89' lang='lat' dir='ltr'>suo,</span> <span class='ocrx_word' id='word_1_267' title='bbox 266 2288 338 2338; x_wconf 86' lang='lat' dir='ltr'>qui</span> <span class='ocrx_word' id='word_1_268' title='bbox 366 2288 474 2326; x_wconf 88' lang='lat' dir='ltr'>mihi</span> <span class='ocrx_word' id='word_1_269' title='bbox 501 2288 720 2338; x_wconf 88' lang='lat' dir='ltr'>legendam</span> <span class='ocrx_word' id='word_1_270' title='bbox 753 2288 971 2338; x_wconf 86' lang='lat' dir='ltr'>epistolam</span> <span class='ocrx_word' id='word_1_271' title='bbox 1000 2287 1210 2326; x_wconf 83' lang='lat' dir='ltr'>exhibuit:</span> <span class='ocrx_word' id='word_1_272' title='bbox 1254 2290 1262 2306; x_wconf 67' lang='lat'><strong>⁶</strong></span> <span class='ocrx_word' id='word_1_273' title='bbox 1279 2288 1459 2326; x_wconf 88' lang='lat' dir='ltr'>Reddidi</span> <span class='ocrx_word' id='word_1_274' title='bbox 1488 2289 1733 2338; x_wconf 88' lang='lat' dir='ltr'>Apologiam</span> 
     </span>
     <span class='ocr_line' id='line_1_33' title="bbox 150 2351 1793 2404; baseline 0.002 -14"><span class='ocrx_word' id='word_1_275' title='bbox 150 2351 281 2391; x_wconf 87' lang='lat' dir='ltr'>Fabro</span> <span class='ocrx_word' id='word_1_276' title='bbox 314 2366 395 2392; x_wconf 85' lang='lat' dir='ltr'>vna</span> <span class='ocrx_word' id='word_1_277' title='bbox 427 2367 524 2392; x_wconf 89' lang='lat' dir='ltr'>cum</span> <span class='ocrx_word' id='word_1_278' title='bbox 557 2354 720 2393; x_wconf 89' lang='lat' dir='ltr'>litteris.</span> <span class='ocrx_word' id='word_1_279' title='bbox 790 2353 871 2392; x_wconf 90' lang='lat' dir='ltr'>Ille</span> <span class='ocrx_word' id='word_1_280' title='bbox 903 2353 1011 2403; x_wconf 90' lang='lat' dir='ltr'>apud</span> <span class='ocrx_word' id='word_1_281' title='bbox 1042 2366 1179 2392; x_wconf 89' lang='lat' dir='ltr'>meam</span> <span class='ocrx_word' id='word_1_282' title='bbox 1212 2366 1432 2403; x_wconf 89' lang='lat' dir='ltr'>personam</span> <span class='ocrx_word' id='word_1_283' title='bbox 1466 2355 1566 2392; x_wconf 91' lang='lat' dir='ltr'>satis</span> <span class='ocrx_word' id='word_1_284' title='bbox 1600 2355 1734 2404; x_wconf 89' lang='lat' dir='ltr'>arguit</span> <span class='ocrx_word' id='word_1_285' title='bbox 1755 2369 1793 2403; x_wconf 83' lang='lat'>25</span> 
     </span>
     <span class='ocr_line' id='line_1_34' title="bbox 147 2417 1735 2469; baseline 0.002 -14"><span class='ocrx_word' id='word_1_286' title='bbox 147 2417 312 2456; x_wconf 87' lang='lat' dir='ltr'>Erasmi</span> <span class='ocrx_word' id='word_1_287' title='bbox 325 2418 541 2457; x_wconf 88' lang='lat' dir='ltr'>leuitatem</span> <span class='ocrx_word' id='word_1_288' title='bbox 551 2434 562 2467; x_wconf 86' lang='lat'>;</span> <span class='ocrx_word' id='word_1_289' title='bbox 591 2420 660 2458; x_wconf 89' lang='lat' dir='ltr'>sed</span> <span class='ocrx_word' id='word_1_290' title='bbox 680 2432 765 2457; x_wconf 92' lang='lat' dir='ltr'>non</span> <span class='ocrx_word' id='word_1_291' title='bbox 785 2419 970 2468; x_wconf 79' lang='lat' dir='ltr'>expectet</span> <span class='ocrx_word' id='word_1_292' title='bbox 986 2418 1394 2456; x_wconf 57' lang='lat' dir='ltr'>reeriminationemss</span> <span class='ocrx_word' id='word_1_293' title='bbox 1455 2418 1492 2456; x_wconf 91' lang='lat' dir='ltr'>N</span> <span class='ocrx_word' id='word_1_294' title='bbox 1495 2432 1549 2457; x_wconf 91' lang='lat' dir='ltr'>on</span> <span class='ocrx_word' id='word_1_295' title='bbox 1563 2432 1735 2469; x_wconf 88' lang='lat' dir='ltr'>possum</span> 
     </span>
     <span class='ocr_line' id='line_1_35' title="bbox 147 2482 1733 2533; baseline 0.003 -13"><span class='ocrx_word' id='word_1_296' title='bbox 147 2482 246 2521; x_wconf 88' lang='lat' dir='ltr'>satis</span> <span class='ocrx_word' id='word_1_297' title='bbox 269 2482 465 2522; x_wconf 84' lang='lat' dir='ltr'>admirari</span> <span class='ocrx_word' id='word_1_298' title='bbox 489 2484 588 2533; x_wconf 89' lang='lat' dir='ltr'>quid</span> <span class='ocrx_word' id='word_1_299' title='bbox 612 2484 806 2523; x_wconf 88' lang='lat' dir='ltr'>acciderit</span> <span class='ocrx_word' id='word_1_300' title='bbox 832 2483 1007 2530; x_wconf 85' lang='lat' dir='ltr'>homini,</span> <span class='ocrx_word' id='word_1_301' title='bbox 1036 2484 1119 2522; x_wconf 90' lang='lat' dir='ltr'>nisi</span> <span class='ocrx_word' id='word_1_302' title='bbox 1144 2484 1222 2522; x_wconf 90' lang='lat' dir='ltr'>sub</span> <span class='ocrx_word' id='word_1_303' title='bbox 1251 2483 1322 2521; x_wconf 90' lang='lat' dir='ltr'>illa</span> <span class='ocrx_word' id='word_1_304' title='bbox 1350 2483 1485 2533; x_wconf 87' lang='lat' dir='ltr'>specie</span> <span class='ocrx_word' id='word_1_305' title='bbox 1510 2484 1733 2524; x_wconf 85' lang='lat' dir='ltr'>modestiae</span> 
     </span>
     <span class='ocr_line' id='line_1_36' title="bbox 150 2546 1357 2600; baseline -0.001 -15"><span class='ocrx_word' id='word_1_306' title='bbox 150 2546 243 2596; x_wconf 83' lang='lat' dir='ltr'>(et)</span> <span class='ocrx_word' id='word_1_307' title='bbox 265 2547 452 2586; x_wconf 88' lang='lat' dir='ltr'>lenitatis</span> <span class='ocrx_word' id='word_1_308' title='bbox 470 2548 573 2587; x_wconf 87' lang='lat' dir='ltr'>latet</span> <span class='ocrx_word' id='word_1_309' title='bbox 592 2549 757 2600; x_wconf 81' lang='lat' dir='ltr'>aliquod</span> <span class='ocrx_word' id='word_1_310' title='bbox 777 2551 947 2587; x_wconf 88' lang='lat' dir='ltr'>naturae</span> <span class='ocrx_word' id='word_1_311' title='bbox 966 2562 1184 2587; x_wconf 83' lang='lat' dir='ltr'>venenum.</span> <span class='ocrx_word' id='word_1_312' title='bbox 1243 2547 1357 2587; x_wconf 85' lang='lat' dir='ltr'>Vale.</span> 
     </span>
    </p>

    <p class='ocr_par' dir='ltr' id='par_1_10' title="bbox 200 2612 816 2664">
     <span class='ocr_line' id='line_1_37' title="bbox 200 2612 816 2664; baseline 0.003 -14"><span class='ocrx_word' id='word_1_313' title='bbox 200 2612 376 2651; x_wconf 82' lang='lat' dir='ltr'>Louam‘i</span> <span class='ocrx_word' id='word_1_314' title='bbox 395 2613 592 2662; x_wconf 88' lang='lat' dir='ltr'>postridie</span> <span class='ocrx_word' id='word_1_315' title='bbox 620 2614 816 2664; x_wconf 86' lang='lat' dir='ltr'>Gregorii.</span> 
     </span>
    </p>
   </div>
   <div class='ocr_carea' id='block_1_7' title="bbox 146 2722 1729 2981">
    <p class='ocr_par' dir='ltr' id='par_1_11' title="bbox 191 2722 1729 2763">
     <span class='ocr_line' id='line_1_38' title="bbox 191 2722 1729 2763; baseline 0.003 -12"><span class='ocrx_word' id='word_1_316' title='bbox 191 2722 266 2752; x_wconf 84' lang='lat'>796.</span> <span class='ocrx_word' id='word_1_317' title='bbox 290 2731 321 2752; x_wconf 88' lang='lat'>2.</span> <span class='ocrx_word' id='word_1_318' title='bbox 345 2731 428 2760; x_wconf 87' lang='lat' dir='ltr'>-que</span> <span class='ocrx_word' id='word_1_319' title='bbox 439 2726 509 2759; x_wconf 76' lang='lat' dir='ltr'>post</span> <span class='ocrx_word' id='word_1_320' title='bbox 523 2723 641 2762; x_wconf 86' lang='lat' dir='ltr'>pigeat</span> <span class='ocrx_word' id='word_1_321' title='bbox 657 2725 721 2754; x_wconf 89' lang='lat' dir='ltr'>LB.</span> <span class='ocrx_word' id='word_1_322' title='bbox 810 2725 861 2755; x_wconf 83' lang='lat'>26.</span> <span class='ocrx_word' id='word_1_323' title='bbox 887 2724 1068 2763; x_wconf 80' lang='lat' dir='ltr'>exspectat</span> <span class='ocrx_word' id='word_1_324' title='bbox 1085 2725 1149 2761; x_wconf 87' lang='lat' dir='ltr'>LB,</span> <span class='ocrx_word' id='word_1_325' title='bbox 1168 2732 1336 2760; x_wconf 67' lang='lat' dir='ltr'>perperam.</span> <span class='ocrx_word' id='word_1_326' title='bbox 1445 2724 1497 2754; x_wconf 87' lang='grc'>28,</span> <span class='ocrx_word' id='word_1_327' title='bbox 1523 2726 1557 2754; x_wconf 85' lang='lat' dir='ltr'>et</span> <span class='ocrx_word' id='word_1_328' title='bbox 1574 2726 1647 2754; x_wconf 68' lang='lat' dir='ltr'>add.</span> <span class='ocrx_word' id='word_1_329' title='bbox 1667 2727 1729 2756; x_wconf 68' lang='grc' dir='ltr'>ΕΒ.</span> 
     </span>
    </p>

    <p class='ocr_par' dir='ltr' id='par_1_12' title="bbox 176 2809 1356 2851">
     <span class='ocr_line' id='line_1_39' title="bbox 176 2809 1356 2851; baseline 0.003 -12"><span class='ocrx_word' id='word_1_330' title='bbox 176 2810 249 2840; x_wconf 80' lang='grc'><strong>795.</strong></span> <span class='ocrx_word' id='word_1_331' title='bbox 272 2811 320 2841; x_wconf 90' lang='lat'>18.</span> <span class='ocrx_word' id='word_1_332' title='bbox 341 2809 572 2851; x_wconf 84' lang='lat' dir='ltr'>compatrem]</span> <span class='ocrx_word' id='word_1_333' title='bbox 585 2809 636 2841; x_wconf 86' lang='lat' dir='ltr'>cf.</span> <span class='ocrx_word' id='word_1_334' title='bbox 648 2810 710 2850; x_wconf 87' lang='lat' dir='ltr'>Ep.</span> <span class='ocrx_word' id='word_1_335' title='bbox 722 2820 795 2850; x_wconf 87' lang='lat'>419.</span> <span class='ocrx_word' id='word_1_336' title='bbox 812 2820 851 2849; x_wconf 88' lang='lat'>19</span> <span class='ocrx_word' id='word_1_337' title='bbox 864 2821 901 2842; x_wconf 91' lang='lat' dir='ltr'>n.</span> <span class='ocrx_word' id='word_1_338' title='bbox 1013 2820 1044 2850; x_wconf 88' lang='lat'>5.</span> <span class='ocrx_word' id='word_1_339' title='bbox 1070 2809 1182 2850; x_wconf 84' lang='lat' dir='ltr'>Moro]</span> <span class='ocrx_word' id='word_1_340' title='bbox 1201 2811 1264 2850; x_wconf 87' lang='lat' dir='ltr'>Ep.</span> <span class='ocrx_word' id='word_1_341' title='bbox 1284 2811 1356 2848; x_wconf 91' lang='lat'>776.</span> 
     </span>
    </p>

    <p class='ocr_par' dir='ltr' id='par_1_13' title="bbox 184 2852 1596 2894">
     <span class='ocr_line' id='line_1_40' title="bbox 184 2852 1596 2894; baseline 0 -10"><span class='ocrx_word' id='word_1_342' title='bbox 184 2853 257 2884; x_wconf 80' lang='lat'>796.</span> <span class='ocrx_word' id='word_1_343' title='bbox 285 2863 314 2884; x_wconf 91' lang='lat'>1.</span> <span class='ocrx_word' id='word_1_344' title='bbox 338 2852 481 2893; x_wconf 86' lang='lat' dir='ltr'>Pacaei]</span> <span class='ocrx_word' id='word_1_345' title='bbox 499 2852 550 2884; x_wconf 85' lang='lat' dir='ltr'>Cf.</span> <span class='ocrx_word' id='word_1_346' title='bbox 567 2853 629 2892; x_wconf 91' lang='lat' dir='ltr'>Ep.</span> <span class='ocrx_word' id='word_1_347' title='bbox 648 2863 722 2893; x_wconf 86' lang='lat'>732.</span> <span class='ocrx_word' id='word_1_348' title='bbox 739 2864 782 2893; x_wconf 87' lang='lat'>53</span> <span class='ocrx_word' id='word_1_349' title='bbox 800 2864 836 2885; x_wconf 91' lang='lat' dir='ltr'>n.</span> <span class='ocrx_word' id='word_1_350' title='bbox 1015 2864 1045 2892; x_wconf 87' lang='lat'>7.</span> <span class='ocrx_word' id='word_1_351' title='bbox 1069 2853 1254 2893; x_wconf 85' lang='lat' dir='ltr'>Frobenii]</span> <span class='ocrx_word' id='word_1_352' title='bbox 1271 2854 1336 2885; x_wconf 85' lang='lat' dir='ltr'>See</span> <span class='ocrx_word' id='word_1_353' title='bbox 1354 2854 1416 2894; x_wconf 91' lang='lat' dir='ltr'>Ep.</span> <span class='ocrx_word' id='word_1_354' title='bbox 1437 2864 1510 2893; x_wconf 83' lang='lat'>795.</span> <span class='ocrx_word' id='word_1_355' title='bbox 1531 2865 1544 2885; x_wconf 92' lang='lat'>1</span> <span class='ocrx_word' id='word_1_356' title='bbox 1561 2865 1596 2886; x_wconf 87' lang='lat' dir='ltr'>n.</span> 
     </span>
    </p>

    <p class='ocr_par' dir='ltr' id='par_1_14' title="bbox 146 2895 1728 2981">
     <span class='ocr_line' id='line_1_41' title="bbox 189 2895 1728 2938; baseline 0.001 -10"><span class='ocrx_word' id='word_1_357' title='bbox 189 2906 220 2928; x_wconf 87' lang='lat'>2.</span> <span class='ocrx_word' id='word_1_358' title='bbox 243 2895 431 2937; x_wconf 79' lang='grc' dir='ltr'>Ἀνθρακες]</span> <span class='ocrx_word' id='word_1_359' title='bbox 463 2899 568 2935; x_wconf 73' lang='lat' dir='ltr'>Aday.</span> <span class='ocrx_word' id='word_1_360' title='bbox 606 2897 682 2935; x_wconf 86' lang='lat'>830.</span> <span class='ocrx_word' id='word_1_361' title='bbox 751 2898 819 2928; x_wconf 74' lang='lat' dir='ltr'>‘In</span> <span class='ocrx_word' id='word_1_362' title='bbox 845 2907 904 2928; x_wconf 84' lang='lat' dir='ltr'>eos</span> <span class='ocrx_word' id='word_1_363' title='bbox 1017 2906 1066 2927; x_wconf 88' lang='lat'>12.</span> <span class='ocrx_word' id='word_1_364' title='bbox 1092 2897 1135 2927; x_wconf 91' lang='lat' dir='ltr'>de</span> <span class='ocrx_word' id='word_1_365' title='bbox 1152 2896 1390 2938; x_wconf 80' lang='lat' dir='ltr'>Hieronymo]</span> <span class='ocrx_word' id='word_1_366' title='bbox 1413 2898 1464 2928; x_wconf 87' lang='lat' dir='ltr'>Cf.</span> <span class='ocrx_word' id='word_1_367' title='bbox 1483 2898 1550 2937; x_wconf 92' lang='lat' dir='ltr'>Ep.</span> <span class='ocrx_word' id='word_1_368' title='bbox 1566 2899 1640 2930; x_wconf 89' lang='lat'>802.</span> <span class='ocrx_word' id='word_1_369' title='bbox 1660 2900 1680 2929; x_wconf 88' lang='lat'>8</span> <span class='ocrx_word' id='word_1_370' title='bbox 1695 2910 1728 2931; x_wconf 89' lang='lat' dir='ltr'>n.</span> 
     </span>
     <span class='ocr_line' id='line_1_42' title="bbox 146 2939 1728 2981; baseline 0.001 -10"><span class='ocrx_word' id='word_1_371' title='bbox 146 2941 315 2980; x_wconf 80' lang='lat' dir='ltr'>competit</span> <span class='ocrx_word' id='word_1_372' title='bbox 338 2940 400 2978; x_wconf 89' lang='lat' dir='ltr'>qui</span> <span class='ocrx_word' id='word_1_373' title='bbox 417 2964 424 2971; x_wconf 96' lang='lat'>.</span> <span class='ocrx_word' id='word_1_374' title='bbox 442 2964 448 2970; x_wconf 94' lang='lat'>.</span> <span class='ocrx_word' id='word_1_375' title='bbox 468 2963 474 2970; x_wconf 97' lang='lat'>.</span> <span class='ocrx_word' id='word_1_376' title='bbox 490 2939 689 2980; x_wconf 82' lang='lat' dir='ltr'>magnificis</span> <span class='ocrx_word' id='word_1_377' title='bbox 715 2941 819 2971; x_wconf 87' lang='lat' dir='ltr'>rebus</span> <span class='ocrx_word' id='word_1_378' title='bbox 847 2950 903 2971; x_wconf 83' lang='lat' dir='ltr'>ex·</span> <span class='ocrx_word' id='word_1_379' title='bbox 1015 2950 1067 2970; x_wconf 88' lang='grc'>22.</span> <span class='ocrx_word' id='word_1_380' title='bbox 1093 2941 1130 2971; x_wconf 84' lang='lat' dir='ltr'>Is</span> <span class='ocrx_word' id='word_1_381' title='bbox 1144 2949 1206 2980; x_wconf 89' lang='lat' dir='ltr'>per</span> <span class='ocrx_word' id='word_1_382' title='bbox 1220 2941 1346 2981; x_wconf 87' lang='lat' dir='ltr'>quem]</span> <span class='ocrx_word' id='word_1_383' title='bbox 1364 2940 1416 2972; x_wconf 85' lang='lat' dir='ltr'>Of.</span> <span class='ocrx_word' id='word_1_384' title='bbox 1432 2941 1495 2980; x_wconf 89' lang='lat' dir='ltr'>Ep.</span> <span class='ocrx_word' id='word_1_385' title='bbox 1514 2943 1578 2981; x_wconf 89' lang='lat'>659</span> <span class='ocrx_word' id='word_1_386' title='bbox 1594 2943 1728 2974; x_wconf 86' lang='lat' dir='ltr'>introd.</span> 
     </span>
    </p>
   </div>
   <div class='ocr_carea' id='block_1_8' title="bbox 146 2984 1518 3025">
    <p class='ocr_par' dir='ltr' id='par_1_15' title="bbox 146 2984 1518 3025">
     <span class='ocr_line' id='line_1_43' title="bbox 146 2984 1518 3025; baseline 0.001 -10"><span class='ocrx_word' id='word_1_387' title='bbox 146 2984 296 3024; x_wconf 84' lang='lat' dir='ltr'>pectatis</span> <span class='ocrx_word' id='word_1_388' title='bbox 311 2993 425 3014; x_wconf 86' lang='lat' dir='ltr'>meras</span> <span class='ocrx_word' id='word_1_389' title='bbox 441 2992 552 3023; x_wconf 82' lang='lat' dir='ltr'>nugas</span> <span class='ocrx_word' id='word_1_390' title='bbox 569 2984 777 3023; x_wconf 81' lang='lat' dir='ltr'>reperiunt.’</span> <span class='ocrx_word' id='word_1_391' title='bbox 1015 2985 1068 3015; x_wconf 90' lang='lat'>26.</span> <span class='ocrx_word' id='word_1_392' title='bbox 1092 2984 1268 3025; x_wconf 83' lang='lat' dir='ltr'>expectet]</span> <span class='ocrx_word' id='word_1_393' title='bbox 1285 2994 1324 3015; x_wconf 89' lang='lat' dir='ltr'>sc.</span> <span class='ocrx_word' id='word_1_394' title='bbox 1341 2985 1518 3016; x_wconf 81' lang='lat' dir='ltr'>Erasmus.</span> 
     </span>
    </p>
   </div>
  </div>
 </body>
</html>
