2034 3433
94 209 195 264 948]

92 329 187 366 spes
207 318 268 354 est
289 316 380 354 sita.
442 316 532 365 Qua
557 316 725 366 quidem
751 315 795 353 in
822 329 866 353 re
892 316 1048 365 primas
1074 317 1220 354 tenent
1240 314 1539 354 monachorum
1558 326 1702 363 greges

93 381 265 431 quidam
285 396 294 420 :
333 394 511 432 quorum
551 394 647 419 cum
685 383 830 419 tantus
868 381 924 419 sit
963 394 1162 419 numerus
1194 383 1240 419 vt
1279 381 1330 419 ab
1369 380 1435 418 his
1468 379 1535 418 vel
1569 379 1703 417 Turca

93 446 303 498 profligari
322 446 464 497 possit,
486 446 642 485 habent
665 445 903 485 emissarios
929 445 1165 495 complures
1188 446 1286 484 huic
1309 444 1517 495 praeclaro
1536 444 1703 494 negotio

94 513 336 562 destinatos,
368 515 413 551 vt
447 512 768 551 obambulantes
799 512 941 550 foedos
974 525 1164 549 rumores
1198 513 1396 561 spargant
1425 512 1498 550 aut
1530 511 1577 549 in
1611 523 1701 549 con·
1720 517 1762 550 60

95 577 284 616 cionibus
330 577 533 627 populum
573 577 624 616 ad
664 577 823 627 lapides
860 578 1100 626 prouocent.
1163 576 1224 615 Hi
1258 576 1422 626 quoties
1462 576 1703 615 extulerunt

95 643 347 682 Erasmum!
385 643 546 693 quoties
579 642 822 681 vanissimis
854 642 1094 681 rumoribus
1131 642 1456 691 impetiuerunt!
1516 642 1571 680 Et
1609 654 1705 680 cum

95 708 338 747 huiusmodi
365 708 487 747 factis
514 707 596 746 sibi
615 708 813 747 videntur
832 707 1094 747 Christianae
1112 707 1325 757 religionis
1344 707 1564 755 columina,
1588 707 1707 756 digni

97 772 304 812 nimirum
324 786 426 823 quos
446 773 600 812 otiosos
623 785 698 811 suo
726 774 900 822 sumptu
926 773 1111 811 mundus
1138 772 1234 811 alat.
1296 772 1541 822 Quanquam
1572 771 1706 810 nolim

97 839 175 878 hac
206 838 366 877 inuidia
393 838 556 888 grauari
584 838 886 877 monachorum
917 837 1094 885 ordines,
1118 837 1165 875 in
1194 837 1346 887 quibus
1375 838 1531 888 optimo
1560 837 1707 888 cuique
1725 840 1765 882 65

98 917 183 942 non
204 904 435 953 probantur
453 905 544 943 ista.
592 903 752 942 Verum
773 903 927 953 vbique
945 903 1248 953 improbissimi
1267 904 1419 954 quique
1440 903 1707 954 tyrannidem

100 969 183 1007 sibi
202 969 453 1008 vendicant:
480 982 554 1019 per
573 969 650 1007 hos
674 968 869 1007 videlicet
887 982 953 1007 res
979 969 1148 1019 geritur,
1170 968 1288 1007 velut
1312 969 1502 1007 omnium
1523 968 1704 1007 nomine.

99 1034 248 1084 Itaque
267 1034 315 1072 fit
333 1036 380 1073 vt
399 1033 450 1072 ob
472 1047 698 1083 paucorum
717 1034 931 1073 maliciam
954 1034 1064 1073 male
1082 1034 1257 1073 audiant
1276 1034 1474 1073 vniuersi.

155 1101 297 1150 Atque
326 1099 392 1137 hic
421 1113 507 1137 non
536 1099 675 1138 solum
705 1099 904 1149 desydero
943 1099 1225 1138 Christianam
1255 1102 1439 1138 mentem
1468 1099 1511 1137 in
1542 1099 1608 1137 his
1637 1099 1709 1148 qui

100 1164 365 1215 peculiariter
392 1164 473 1203 sibi
501 1165 725 1203 vendicant
753 1164 971 1215 religionis
993 1164 1178 1215 gloriam,
1203 1178 1351 1204 verum
1376 1165 1503 1203 etiam
1528 1165 1709 1202 frontem
1729 1177 1768 1210 70

99 1243 147 1269 ac
185 1230 450 1279 prudentiam
489 1230 699 1279 desydero.
759 1229 930 1268 Etenim
979 1243 1074 1268 cum
1122 1232 1324 1280 spargunt
1367 1229 1712 1268 manifestissima

101 1295 327 1343 mendacia,
344 1295 462 1334 facile
479 1295 670 1334 diuinare
689 1297 863 1345 possunt
884 1295 972 1334 fore
986 1298 1033 1334 vt
1051 1296 1244 1345 protinus
1260 1295 1349 1345 ipsa
1363 1309 1406 1333 re
1420 1297 1708 1345 coarguantur.

103 1361 213 1410 Quid
234 1360 349 1399 enim
368 1360 659 1410 impudentius
678 1361 758 1399 isto
777 1360 982 1399 monacho
1003 1361 1052 1399 de
1073 1374 1154 1411 quo
1174 1361 1322 1399 scribis
1338 1361 1383 1398 in
1403 1359 1588 1399 oratione
1607 1361 1712 1398 tua‘?

103 1425 177 1475 qui
197 1438 248 1463 ex
268 1438 315 1463 eo
336 1426 444 1475 quod
465 1428 712 1465 annotaram
732 1428 1013 1466 συλλαλοῦντες
1033 1426 1186 1464 rectius
1205 1426 1312 1465 verti
1336 1426 1346 1445 ‘
1363 1425 1675 1464 confabulantes
1689 1424 1710 1471 ',

104 1505 190 1530 non
205 1491 365 1530 veritus
384 1491 439 1529 sit
459 1492 567 1542 apud
587 1491 790 1542 populum
808 1492 1012 1530 affirmare
1032 1490 1139 1529 mihi
1159 1491 1300 1529 literas
1316 1490 1588 1540 Euangelicas
1603 1489 1711 1528 nihil
1731 1499 1770 1532 75

103 1556 218 1596 aliud
241 1569 329 1594 esse
355 1570 480 1606 quam
511 1556 672 1595 fabulas
700 1557 853 1596 aniles:
883 1570 979 1595 cum
998 1556 1154 1607 vbique
1176 1557 1342 1594 tantum
1365 1555 1551 1594 tribuam
1579 1555 1712 1593 Euan-

104 1621 248 1671 gelicis
265 1621 411 1669 literis,
428 1623 473 1659 vt
493 1621 665 1671 quidam
685 1621 728 1659 id
749 1635 834 1660 non
854 1621 956 1660 satis
975 1635 1104 1672 aequo
1123 1621 1266 1659 animo
1285 1621 1430 1659 ferant.
1490 1621 1524 1659 Ο
1546 1620 1714 1658 diuinae

105 1686 317 1725 doctrinae
336 1688 607 1735 praeconem!
638 1700 661 1724 0
690 1687 880 1737 linguam
905 1687 1202 1737 praedicandae
1227 1687 1383 1736 gloriae
1405 1686 1561 1725 Christi
1581 1698 1716 1724 conse-

106 1753 287 1791 cratam!
345 1752 461 1790 Haec
490 1765 586 1790 cum
615 1752 695 1791 sibi
723 1752 984 1802 permittant,
1013 1752 1290 1802 indignantur
1318 1765 1365 1790 ac
1398 1751 1560 1789 coelum
1594 1750 1718 1789 terris

106 1817 296 1865 miscent,
329 1816 365 1855 si
404 1817 496 1867 quis
528 1817 655 1856 verbo
688 1817 942 1868 perstringat
979 1818 1241 1868 quorundam
1273 1817 1575 1856 monachorum
1613 1829 1717 1854 cere·
1735 1820 1776 1850 80

107 1882 270 1922 monias
297 1882 423 1920 etiam
443 1883 546 1921 citra
571 1883 757 1921 nominis
784 1883 1013 1929 iniuriam;
1043 1896 1204 1933 cunque
1230 1885 1317 1921 tani
1344 1883 1553 1932 impotens
1573 1881 1716 1919 odium

108 1960 205 1998 prae
222 1961 267 1986 se
286 1947 420 1985 ferant
439 1950 486 1986 vt
509 1947 718 1997 lymphati
744 1947 881 1987 videri
906 1948 1078 1998 possint,
1102 1961 1146 1986 se
1170 1949 1311 1986 tamen
1336 1947 1522 1985 iudicant
1547 1946 1718 1985 idoneos

111 2025 287 2063 quorum
317 2012 490 2050 calculis
521 2012 752 2051 Christiani
786 2013 918 2052 simus
948 2014 1020 2051 aut
1051 2026 1178 2051 secus.
1239 2012 1337 2050 Fuit
1370 2013 1412 2050 et
1444 2011 1513 2050 hic
1546 2011 1717 2061 quidam

109 2077 297 2116 eiusdem
312 2076 470 2115 farinae
489 2077 719 2126 theologus,
735 2078 908 2116 antehac
927 2078 1097 2117 habitus
1117 2077 1278 2116 sobrius
1294 2092 1304 2125 ;
1325 2077 1396 2127 qui
1412 2089 1507 2115 cum
1524 2075 1718 2114 Lutherii

113 2155 278 2181 causam
298 2142 407 2191 apud
434 2141 636 2191 populum
664 2142 827 2180 fecisset
853 2156 979 2192 quam
1005 2144 1167 2192 poterat
1188 2141 1505 2188 odiosissimam,
1528 2141 1718 2179 haereses
1735 2144 1775 2185 85

111 2210 154 2246 et
182 2206 468 2246 Antichristos
500 2208 542 2244 et
575 2206 808 2256 periculum
842 2207 941 2246 fidei
974 2207 1231 2246 Christianae
1263 2207 1441 2245 subinde
1474 2206 1714 2253 vociferans,

114 2272 329 2322 negotium
349 2270 592 2320 linguarum
613 2285 659 2310 ac
679 2271 886 2320 politioris
911 2272 1147 2311 literaturae
1168 2285 1263 2310 cum
1287 2272 1404 2310 illius
1422 2271 1590 2321 negotio
1609 2284 1718 2309 com-

114 2337 296 2383 miscuit,
329 2336 526 2375 dictitans
555 2350 604 2374 ex
633 2337 700 2375 his
728 2337 915 2377 fontibus
943 2338 1134 2376 haereses
1167 2337 1306 2376 nasci:
1336 2336 1453 2386 quasi
1485 2336 1722 2386 eloquentia

114 2402 263 2442 fuisset
285 2401 387 2440 olim
413 2401 717 2455 haereticorum
743 2402 876 2453 magis
896 2416 1023 2453 quam
1043 2402 1378 2449 orthodoxorum,
1402 2401 1469 2440 vel
1496 2414 1628 2451 nuper
1647 2400 1720 2451 qui

116 2468 288 2507 fuerunt
316 2467 532 2506 haereseos
563 2469 739 2514 autores,
770 2467 900 2506 iidem
929 2481 1015 2507 non
1043 2467 1200 2507 fuerint
1228 2467 1413 2506 infantes
1443 2468 1486 2504 et
1520 2466 1718 2516 elingues,
1739 2481 1781 2512 90

539 213 609 252 ΤΟ
648 213 837 251 PETER
875 211 1256 252 MOSELLANUS
1617 211 1698 249 543

163 2587 214 2617 59.
249 2579 301 2607 E:
331 2577 517 2608 missarios
539 2589 572 2608 a.
736 2579 788 2608 62.
822 2577 1061 2617 impetierunt
1084 2579 1127 2607 Ε.
1293 2584 1344 2613 77.
1377 2575 1501 2612 aequis
1524 2574 1657 2605 animis
1682 2576 1720 2605 Ε.

121 2630 171 2660 79.
196 2622 313 2650 terrae
329 2621 369 2651 E.
503 2621 556 2660 84.
583 2620 735 2651 Lutheri
751 2623 794 2651 Ε.
943 2621 995 2652 88.
1023 2620 1231 2659 eloquentia
1247 2618 1374 2650 fuisset
1390 2618 1477 2648 olim
1493 2629 1512 2647 α
1527 2630 1534 2649 :
1558 2617 1614 2648 vel
1633 2617 1719 2647 olim

120 2664 327 2702 eloquentia
344 2663 471 2694 fuisset
487 2665 525 2695 Ε.
661 2674 715 2703 9ο.
741 2663 890 2694 fuerunt
905 2667 934 2694 E
948 2676 956 2695 ι
979 2664 1118 2695 fuerint
1133 2675 1165 2694 α.

167 2772 218 2802 73.
243 2761 435 2803 monacho]
470 2761 688 2793 Mosellanus
713 2761 892 2793 describes

121 2806 202 2836 him
217 2815 256 2836 as
273 2815 292 2835 a
308 2805 525 2836 Dominican
541 2806 580 2836 of
592 2806 754 2846 Leipzig3
778 2806 816 2836 in
829 2806 891 2836 the

122 2849 264 2888 margin
277 2848 362 2880 off0.
374 2848 465 2879 B4v⁰
479 2849 517 2880 in
525 2849 588 2879 the
598 2849 740 2889 Leipzig
752 2849 892 2880 edition

954 2762 1069 2792 words
1092 2760 1142 2801 (p.
1167 2761 1235 2800 383
1258 2760 1300 2791 cf.
1327 2770 1360 2800 p.
1388 2759 1443 2800 22)
1463 2770 1470 2789 :
1496 2759 1722 2799 ‘Ogssenfar-

954 2806 1056 2836 (lium
1067 2804 1279 2835 Paulensem
1290 2801 1485 2842 intelligit.'
1514 2803 1588 2833 The
1599 2812 1724 2834 names

955 2850 993 2880 of
1027 2858 1138 2888 many
1176 2847 1344 2878 students
1379 2847 1471 2877 from
1506 2846 1724 2877 ochsenfurt

124 2893 164 2932 (l.
183 2892 230 2933 7).
277 2892 446 2923 Erasmus
459 2892 497 2931 (1.
519 2901 558 2930 74
571 2892 626 2930 n.)
644 2892 733 2923 adds
747 2892 829 2924 that
846 2893 893 2923 he

122 2945 196 2966 was
210 2945 231 2966 a
242 2935 418 2966 Baclielor
430 2936 468 2966 of
476 2935 666 2975 Theology.
713 2936 759 2966 In
770 2945 791 2967 a
803 2945 894 2976 copy

123 2979 162 3010 of
174 2978 344 3010 Froben's
362 2979 516 3018 reprint,
533 2979 616 3019 May
636 2989 731 3020 1519,
755 2989 838 3010 now
852 2980 894 3011 in

124 3023 187 3054 the
197 3021 373 3053 Bodleian
387 3022 468 3059 (TL.
476 3033 507 3061 4.
516 3022 574 3062 5ο)
581 3046 588 3059 ,
595 3032 615 3054 a
625 3024 895 3063 contemporary

124 3066 226 3097 hand
254 3066 319 3097 has
349 3065 467 3097 added
493 3067 642 3106 against?
665 3067 893 3101 Mosellanus'

955 2901 1060 2923 occur
1097 2892 1136 2922 in
1178 2891 1240 2921 the
1279 2888 1548 2920 matriculation
1579 2889 1656 2921 lists
1685 2892 1722 2921 at

956 2935 1101 2975 Leipzig
1114 2945 1122 2972 ;
1145 2935 1210 2965 but
1223 2934 1241 2964 Ι
1258 2934 1389 2964 cannot
1404 2933 1571 2972 identify.

1003 2989 1057 3018 74.
1082 2976 1310 3017 annotaram]
1327 2977 1382 3007 On
1400 2976 1502 3008 Matt.
1525 2985 1573 3016 17.
1593 2987 1624 3016 3.
1677 2977 1723 3007 In

957 3022 1020 3053 the
1035 3021 1173 3053 edition
1187 3021 1224 3052 of
1241 3029 1325 3059 1522
1342 3020 1510 3050 Erasmus
1523 3019 1612 3051 adds
1628 3028 1724 3051 some

959 3069 1157 3097 comments
1167 3074 1212 3095 on
1230 3064 1288 3094 his
1304 3063 1472 3094 monkish
1488 3063 1602 3096 critic.
