2034 3433
264 858 280 888 5

306 121 384 160 186
769 121 1017 161 LETTERS
1056 121 1126 159 OF
1165 120 1428 160 ERASMUS
1770 120 1810 175 [1
1821 133 1841 170 5
1852 134 1865 159 1
1875 125 1894 159 8

303 227 349 257 In
371 226 446 258 Oct.
470 236 552 265 1543
573 227 617 257 he
638 226 759 256 writes
776 226 869 255 from
891 224 1051 254 Louvain
1071 224 1114 264 (I.
1131 226 1221 261 Lipsi
1234 227 1335 261 Epist.
1353 235 1385 264 p.
1409 225 1499 263 100).
1547 226 1593 255 In
1610 225 1734 256 March
1752 228 1834 266 1546
1851 228 1895 258 he

304 270 405 301 dates
435 270 498 301 the
529 270 665 309 preface
697 271 733 299 to
764 268 991 299 Chromatius
1017 267 1110 298 from
1135 267 1238 299 Lens.
1285 268 1331 299 In
1356 269 1452 307 Sept.
1481 277 1562 307 1547
1587 269 1632 299 he
1659 269 1783 301 writes
1805 271 1897 302 from

303 313 490 353 Antwerp,
516 314 581 343 but
605 313 644 342 in
666 313 756 352 Aug.
786 320 867 351 1551
894 311 939 340 he
962 320 1034 341 was
1058 312 1094 340 at
1118 311 1280 342 Louvain
1307 314 1350 349 (l.
1376 314 1467 348 Lipsi
1489 313 1589 349 Epzst.
1616 322 1673 352 pp.
1706 322 1778 352 101,
1808 316 1896 353 107).

304 357 360 388 He
377 357 460 388 died
475 358 512 387 at
529 356 632 387 Lens.
676 356 750 386 The
768 354 908 385 famous
923 355 945 384 J
947 356 1049 385 ustus
1066 353 1210 394 Lipsius
1226 364 1299 385 was
1313 355 1372 385 his
1390 357 1674 395 great-nephew.

346 401 410 432 See
429 401 610 431 Horawitz
628 410 658 430 v.
678 399 751 429 and
766 398 894 428 ADB.:
910 398 1017 435 Neve,
1033 400 1242 429 Renaissance
1256 409 1294 429 en
1310 401 1465 439 Belqz‘que,
1478 409 1534 439 pp.
1553 399 1789 438 205—212and
1805 399 1899 440 BN.]

755 494 961 525 ERASMVS
991 494 1198 525 MARTINO
1232 496 1313 525 SVO
1345 496 1377 525 S.
1405 496 1447 525 D.

355 579 542 617 DILECTE
563 578 697 624 frater,
723 578 770 614 vt
789 576 873 614 iam
894 588 1007 614 nunc
1027 589 1101 625 pro
1121 578 1194 614 tuo
1213 576 1258 614 in
1278 590 1345 615 me
1366 577 1504 615 studio
1524 577 1698 627 gratiam
1719 577 1901 627 aliquam

301 643 484 690 referam,
509 643 711 681 admoneo
741 655 792 680 ne
821 641 1060 680 istiusmodi
1088 641 1259 690 ineptiis
1279 642 1411 680 bonas
1431 642 1551 680 horas
1570 642 1677 681 male
1699 644 1898 681 conteras.

301 709 411 756 Quin
455 708 594 758 potius
636 708 713 746 hoc
754 720 900 757 operae
939 707 1049 756 quod
1092 707 1333 746 istiusmodi
1365 708 1500 746 neniis
1541 708 1825 747 describendis
1857 721 1901 746 ac

300 773 529 823 relegendis
548 773 768 823 impendis,
791 772 1034 811 euoluendis
1055 772 1306 822 Hieronymi
1324 773 1443 811 libris
1462 773 1641 822 imparti.
1700 773 1807 812 Mihi
1827 787 1902 812 nec

300 838 468 878 animus
496 840 560 877 est
588 852 664 877 1100
694 838 831 877 ocium
859 838 1055 877 omnibus
1080 838 1270 877 omnium
1289 839 1623 878 cauillationibus
1644 840 1901 889 respondere.

301 904 409 943 Satis
429 906 491 942 est
510 905 547 942 si
565 905 719 953 probor
738 917 761 942 a
781 904 1059 943 summatibus
1078 907 1201 954 atque
1216 904 1267 943 ab
1280 904 1370 954 ipso
1386 905 1485 943 adeo
1501 905 1706 943 Pontifice
1722 918 1900 951 summo,

300 969 373 1020 qui
393 970 501 1008 mihi
519 983 592 1020 pro
613 969 823 1008 laboribus
843 969 949 1008 meis
968 983 1041 1019 per
1060 970 1218 1008 litteras
1237 970 1392 1020 gratias
1412 971 1509 1020 egit.
1567 970 1663 1009 Non
1683 970 1768 1021 legi
1786 969 1903 1008 libel-

300 1037 390 1074 lum
418 1036 764 1086 sycophanticum
793 1050 918 1086 quem
947 1036 999 1074 ad
1027 1049 1094 1074 me
1124 1035 1289 1084 misisti,
1312 1037 1383 1075 sed
1413 1037 1517 1075 alios
1547 1037 1733 1075 eruditos
1761 1036 1903 1075 audiui

300 1102 494 1151 legentes.
554 1101 761 1141 Omnibus
780 1101 884 1140 risui
903 1101 995 1149 fuit,
1019 1104 1060 1139 et
1090 1101 1197 1139 mihi
1217 1115 1379 1151 quoque
1409 1101 1453 1139 in
1484 1116 1608 1152 quem
1629 1102 1807 1152 scriptus
1827 1103 1901 1140 est.

244 1178 283 1200 10
300 1167 344 1205 Si
363 1167 480 1206 faues
497 1167 634 1206 autori
652 1167 719 1205 vel
738 1167 878 1217 potius
897 1167 1189 1216 sycophantae,
1213 1180 1358 1217 sparge
1378 1181 1510 1218 nugas
1530 1167 1645 1206 illius
1664 1167 1710 1205 in
1723 1166 1876 1217 vulgus
1893 1181 1902 1204 :

244 1506 282 1538 Ι5

301 1233 497 1271 namhoc
516 1233 661 1275 ambit.
684 1236 730 1272 vt
759 1246 922 1272 mecum
951 1245 1194 1283 congressus
1222 1233 1477 1271 nobilitetur.
1537 1234 1611 1272 Sin
1640 1233 1746 1271 mihi
1773 1233 1899 1280 faues,

299 1312 440 1348 preme
460 1299 758 1350 nugacissimas
778 1300 922 1338 nenias
939 1314 947 1337 :
976 1300 1062 1337 imo
1081 1298 1117 1337 si
1137 1299 1208 1336 isti
1227 1312 1322 1337 vere
1344 1299 1461 1337 faues
1478 1314 1486 1347 ;
1517 1312 1617 1337 nam
1642 1300 1730 1348 ipse
1750 1297 1904 1348 gloriae

302 1365 458 1404 ieiunio
477 1378 601 1403 suum
621 1365 752 1414 ipsius
772 1367 885 1414 optat
906 1364 1076 1403 malum.
1135 1364 1259 1402 Multi
1278 1366 1376 1402 sunt
1396 1365 1546 1414 quibus
1565 1365 1698 1414 magis
1719 1377 1822 1414 opus
1841 1366 1903 1402 est

303 1429 556 1480 Hippocrate
577 1444 702 1480 quam
722 1431 997 1480 redargutore.

358 1496 576 1535 Caeterum
597 1496 705 1545 quod
725 1510 809 1535 vno
835 1496 880 1534 in
909 1496 999 1534 1000
1023 1496 1143 1534 heres
1168 1498 1209 1534 et
1236 1496 1324 1545 ipse
1345 1496 1394 1534 de
1414 1495 1687 1542 traductione,
1712 1495 1904 1545 quamuis

302 1561 429 1599 variis
442 1561 578 1599 modis
590 1575 656 1599 me
669 1563 856 1611 poteram
869 1561 985 1608 tueri,
1000 1563 1152 1609 tamen,
1162 1564 1208 1599 vt
1221 1562 1347 1600 verbo
1361 1575 1449 1600 rem
1462 1561 1689 1611 expediam,
1700 1561 1905 1598 donemus

303 1627 381 1665 hoc
416 1626 503 1664 loco
539 1626 900 1664 ‘coniunctionem
934 1629 969 1666 et
1006 1639 1092 1664 non
1126 1639 1214 1664 esse
1253 1626 1566 1676 interpretantis
1583 1626 1615 1664 ⁹:
1656 1639 1741 1663 non
1772 1625 1903 1674 prosit

304 1692 420 1741 mihi,
452 1692 585 1742 ‘quod
615 1693 658 1730 in
687 1692 764 1730 hoc
793 1693 965 1731 domum
993 1692 1220 1730 ducebatur
1237 1705 1350 1740 vxor,
1373 1695 1420 1730 vt
1448 1692 1669 1730 concubitu
1698 1690 1902 1740 copulare-

303 1760 372 1795 tur
386 1758 421 1805 ';
450 1758 545 1796 vide
564 1770 688 1807 quam
709 1758 814 1795 belle
833 1757 901 1795 hic
920 1760 1086 1796 excusat
1105 1758 1269 1807 lapsum
1290 1759 1296 1793 1
1355 1758 1460 1797 Cum
1479 1757 1694 1795 traducere
1722 1756 1777 1794 sit
1808 1768 1903 1793 cum

245 1835 259 1855 2
303 1823 478 1861 infamia
498 1823 720 1869 dimittere,
742 1823 885 1870 euasit,
905 1824 939 1861 si
961 1823 1189 1861 ‘traductio
1209 1822 1415 1871 significat
1441 1835 1689 1860 consensum
1709 1821 1904 1859 domesti-

303 1902 371 1927 cae
399 1888 712 1926 consuetudinis
730 1888 758 1924 Ἰ
788 1888 920 1926 veluti
947 1889 982 1926 si
1012 1888 1105 1938 quis
1135 1888 1391 1927 cucurbitam
1418 1889 1657 1938 vsurpasset
1685 1900 1759 1936 pro
1787 1889 1903 1936 tergo

301 1954 420 2001 asini,
441 1954 634 1992 videatur
653 1953 846 2001 euasisse,
870 1954 906 1992 si
925 1954 1033 1992 alius
1050 1955 1350 2004 interpretetur
1368 1953 1435 1991 illi
1453 1953 1711 1991 cucurbitam
1730 1965 1816 1990 non
1828 1965 1902 2002 pro

301 2023 418 2068 tergo
438 2018 543 2057 asini
563 2019 743 2068 positam
772 2019 842 2057 sed
872 2033 947 2068 pro
975 2019 1141 2058 clitellis
1169 2023 1284 2069 tergo
1313 2019 1534 2069 impositis.
1593 2018 1711 2067 Quod
1741 2017 1778 2056 si
1807 2016 1900 2066 quis

301 2084 598 2134 tergiuersetur
641 2084 802 2123 traduci
839 2084 906 2122 hic
948 2085 1111 2134 vulgari
1150 2084 1385 2135 significatu
1427 2083 1586 2122 dictum
1628 2097 1702 2133 pro
1742 2082 1899 2126 deduci,

265 2163 280 2194 ,-
303 2150 508 2199 quomodo
528 2149 732 2188 traductio
752 2150 955 2200 significat
980 2163 1229 2188 consensum
1251 2152 1321 2188 aut
1342 2150 1516 2188 deducta
1538 2148 1868 2187 consentientem
1882 2146 1903 2184 ⁴?

302 2216 373 2253 An
403 2215 515 2253 idem
549 2217 611 2252 est
647 2215 793 2253 deduci
825 2217 867 2253 et
899 2215 1091 2253 assentiri
1117 2217 1161 2253 vt
1191 2215 1442 2253 abducaris?
1476 2215 1548 2252 aut
1578 2213 1679 2263 quid
1709 2210 1902 2251 abductio

345 2327 408 2348 TIT.
428 2329 469 2349 a:
496 2327 569 2348 DES.
586 2327 744 2348 ERASMVS
765 2327 1019 2349 ROTERODAMVS
1035 2328 1070 2349 M.
1089 2328 1121 2350 B.
1139 2328 1248 2348 AMICO
1264 2327 1331 2348 NON
1350 2326 1506 2348 VVLGARI
1522 2327 1548 2348 S.
1569 2326 1602 2347 D.
1621 2319 1660 2346 D.
1787 2325 1815 2347 Ι.
1839 2315 1901 2346 Di-

303 2361 392 2392 lecte
410 2362 521 2392 frater
537 2373 557 2391 α
575 2372 582 2391 :
605 2362 730 2392 Amice
748 2371 821 2392 non
837 2361 996 2401 vulgaris
1012 2364 1051 2393 D.

301 2415 333 2444 9.
360 2406 414 2436 est
430 2415 489 2437 om.
506 2408 545 2436 D.
736 2415 785 2436 12.
810 2406 884 2435 imo
901 2429 908 2436 .
929 2429 936 2436 .

304 2458 354 2480 22.
381 2449 492 2479 illia:
519 2449 594 2479 illic
611 2452 647 2479 D.

347 2548 376 2575 4.
404 2536 639 2577 Hieronymi]
658 2536 812 2577 Lypsius
825 2547 896 2567 was
912 2537 1067 2577 perhaps

302 2580 458 2620 engaged
475 2582 514 2611 in
531 2580 703 2620 studying
716 2580 896 2611 Erasmus'
915 2580 1063 2612 edition.

348 2634 376 2662 7.
402 2634 466 2664 per
482 2623 638 2664 litteras]
659 2624 745 2663 Epp.
763 2624 827 2663 338
843 2624 915 2654 and
931 2633 1006 2663 519.

350 2677 398 2706 15.
424 2666 670 2707 traductione]
710 2667 755 2698 In
791 2668 849 2698 his
891 2669 974 2698 note
1020 2676 1067 2698 on

303 2711 404 2743 Matt.
435 2722 460 2742 l.
491 2721 539 2751 19,
569 2712 577 2727 ‘
594 2711 709 2741 nollet
744 2721 822 2742 eam
854 2711 1064 2750 traducere,⁷

303 2754 441 2794 (which
465 2755 618 2794 Lypsius
641 2755 760 2794 copies
790 2757 827 2785 at
850 2755 912 2786 the
936 2754 1007 2785 end
1032 2753 1071 2784 of

302 2798 360 2828 his
386 2798 600 2839 argument),
626 2798 795 2829 Erasmus
816 2798 889 2828 had
915 2797 1067 2837 charged

304 2840 407 2871 Peter
418 2841 594 2872 Lombard
606 2841 695 2872 with
710 2841 1068 2880 misunderstanding

302 2885 378 2915 this
390 2885 488 2915 word
505 2886 647 2924 (Sentent.
662 2896 692 2923 4,
709 2885 791 2917 dist.
808 2895 859 2924 27.
876 2895 950 2925 cap.
962 2895 993 2924 3,
1012 2886 1064 2926 §13

306 2927 480 2967 ‘Quidam
509 2930 631 2959 tamen
655 2931 819 2959 asserunt
842 2939 965 2960 verum
988 2938 1068 2959 con-

303 2971 440 3010 iugium
453 2982 524 3002 non
536 2972 698 3002 contrahi
710 2975 796 3003 ante
805 2973 1066 3003 traductionem

957 2428 964 2435 .
985 2415 1035 2444 13.
1055 2406 1191 2436 malum
1213 2409 1286 2436 add.
1303 2408 1345 2436 D.

783 2458 835 2488 25.
861 2448 1014 2479 deducta
1030 2461 1049 2479 α
1067 2460 1074 2479 :
1098 2449 1262 2480 traducta
1279 2451 1318 2480 D.

1164 2363 1194 2393 8.
1220 2362 1516 2401 sycophanticum
1535 2384 1541 2390 .
1561 2383 1569 2391 .
1589 2385 1596 2392 .
1616 2359 1748 2391 misisti
1765 2361 1842 2390 add.
1859 2361 1899 2389 D.

1524 2414 1575 2435 20.
1601 2415 1643 2434 a:
1668 2402 1846 2443 significet
1862 2405 1899 2433 D.

1134 2541 1161 2566 et
1177 2536 1357 2566 carnalem
1372 2535 1537 2575 copulam
1551 2535 1559 2547 '
1574 2545 1582 2572 3
1606 2534 1649 2565 cf.
1668 2544 1742 2574 cap.
1762 2544 1793 2574 5,
1814 2536 1830 2571 ξ
1848 2534 1900 2575 k).

1134 2578 1231 2611 Lee‘s
1255 2579 1402 2610 defence
1429 2579 1467 2609 of
1491 2578 1668 2609 Lombard
1693 2587 1840 2618 appears
1863 2580 1901 2609 to

1134 2623 1225 2654 have
1247 2624 1335 2653 been
1353 2624 1402 2660 (1)
1422 2622 1501 2653 that
1523 2627 1637 2653 etwas
1654 2625 1717 2652 not
1733 2622 1900 2661 explana-

1134 2668 1223 2706 tory,
1246 2680 1273 2690 Ξ
1294 2669 1327 2696 iel
1349 2670 1409 2706 est;
1442 2667 1492 2706 (2)
1519 2666 1601 2697 that
1626 2665 1803 2696 Lombard
1828 2665 1900 2696 had
1944 2706 1947 2708 -

1134 2710 1221 2740 used
1231 2712 1380 2740 traductio
1391 2720 1428 2740 ns
1447 2725 1473 2734 =
1488 2712 1627 2740 deductio
1637 2709 1707 2739 and
1720 2708 1901 2749 implying

1133 2763 1306 2784 consensus.

1177 2797 1593 2837 Erasmusconcedesffil.
1613 2796 1683 2826 His
1693 2797 1900 2836 arguments

1134 2841 1220 2871 here
1242 2840 1281 2871 111
1298 2841 1401 2880 reply
1417 2842 1453 2871 to
1472 2842 1520 2881 (2)
1538 2850 1597 2870 are
1620 2839 1839 2879 reproduced
1859 2840 1898 2869 in

1135 2884 1198 2914 the
1214 2884 1345 2914 second
1363 2884 1503 2915 edition
1521 2884 1560 2914 of
1578 2884 1640 2914 the
1659 2886 1760 2914 notes
1777 2892 1823 2913 on
1836 2882 1898 2913 the

1136 2928 1221 2958 New
1231 2927 1454 2966 Testament;
1475 2928 1537 2958 the
1555 2927 1719 2967 printing
1730 2927 1768 2957 of
1776 2926 1897 2956 which

1135 2981 1207 3002 was
1223 2972 1424 3010 completed
1440 2981 1486 3002 on
1503 2981 1545 3009 23
1562 2971 1651 3010 Aug.
1672 2971 1766 3009 1518.
