2034 3433
326 168 404 204 524
789 165 1041 206 LETTERS
1081 167 1151 205 oF
1188 167 1455 206 ERASMUS
1797 164 1922 218 [1519

325 270 468 319 habeo,
492 272 575 320 qui,
602 274 647 308 vt
675 283 892 319 corporum
923 270 1089 309 morbos
1118 271 1268 320 quibus
1296 270 1450 320 passim
1482 282 1593 307 nunc
1622 269 1842 315 laboratur,
1871 270 1924 308 ad

325 336 523 385 syderum
553 336 723 372 effectus
753 334 948 383 referunt,
972 336 1030 373 ita
1058 336 1209 385 putant
1231 335 1281 374 ab
1312 335 1460 373 iisdem
1487 336 1529 372 et
1558 334 1766 372 mentium
1790 336 1925 384 pestes

267 415 305 448 55
326 402 524 450 quasdam
560 400 745 438 existere.
807 399 886 438 Sed
921 414 945 438 o
976 400 1253 438 dementiam!
1296 401 1397 438 dum
1428 399 1670 438 huiusmodi
1703 399 1925 438 calumniis

324 468 366 503 et
399 467 589 503 nostrum
619 465 837 514 negocium
865 467 907 503 et
936 465 1119 504 alienum
1150 464 1285 503 ocium
1315 464 1540 515 perdimus,
1570 465 1764 503 videmur
1792 463 1926 503 nobis·

325 531 426 580 ipsis
445 530 588 579 sancti,
610 530 801 568 videmur
828 530 1021 581 theologi,
1042 531 1236 570 videmur
1262 530 1500 569 Christiani.
1562 530 1640 568 Sed
1667 529 1739 568 vbi
1757 529 1925 568 interim

323 595 608 644 tranquillitas
642 595 888 642 Christiana,
922 596 993 634 vbi
1022 595 1280 646 simplicitas,
1311 595 1383 634 vbi
1412 595 1528 634 lusus
1557 595 1629 634 ille
1662 593 1927 633 felicissimus

324 660 367 698 in
389 673 532 711 campo
556 661 863 711 Scripturarum
877 662 898 699 ’ἓ

266 732 307 762 60
379 725 485 774 Quid
498 727 638 764 autem
653 726 826 775 dignum
834 726 1035 776 imprecer
1047 726 1139 765 istis
1155 727 1439 778 κακογλώσσοις
1453 726 1526 777 qui
1541 729 1580 765 te
1596 726 1927 765 submonuerunt

325 792 547 829 Erasmum
567 791 644 829 tibi
666 804 750 829 non
769 791 908 830 fauere
923 793 944 830 ⁶?
990 792 1079 841 Ego
1099 805 1196 830 vero
1216 795 1257 830 te
1274 805 1359 831 non
1375 792 1482 830 inter
1499 804 1569 830 eos
1583 804 1758 830 numero
1778 789 1929 841 quibus

324 856 460 895 fauere
490 857 673 905 debeam,
707 870 854 895 verum
883 870 987 907 quos
1016 857 1152 896 modis
1182 857 1379 896 omnibus
1407 858 1613 907 suspicere
1640 870 1686 895 ac
1714 854 1903 894 venerari
1919 868 1928 902 3

324 923 446 972 atque
480 923 522 960 in
557 922 624 960 his
656 922 875 972 praecipue
906 924 958 968 te,
995 936 1120 972 quem
1151 936 1312 973 semper
1344 923 1516 962 vnicum
1546 923 1852 972 praeceptorem
1882 932 1929 958 ac

324 989 547 1036 patronum
575 987 959 1026 constantissimum
982 988 1121 1026 habui.
1182 988 1288 1026 Nam
1320 988 1427 1038 quod
1449 988 1581 1027 rarius
1600 988 1663 1026 tui
1697 985 1854 1025 mentio
1880 984 1929 1023 fit

265 1060 305 1101 65
324 1053 367 1090 in
389 1052 521 1091 literis
540 1052 654 1100 meis,
679 1052 785 1091 nihil
807 1052 921 1091 aliud
942 1053 986 1091 in
1006 1066 1127 1092 causa
1145 1054 1227 1092 fuit
1248 1067 1373 1104 quam
1395 1053 1626 1092 reuerentia
1644 1055 1740 1091 tuae
1766 1050 1929 1090 celsitu-

325 1118 461 1157 dinis:
506 1119 672 1167 quando
706 1120 768 1156 tot
799 1118 934 1156 modis
964 1118 1071 1156 mihi
1105 1118 1316 1158 maximus
1349 1119 1538 1168 occurris,
1574 1118 1672 1157 hinc
1709 1115 1929 1168 episcopali

324 1183 539 1233 dignitate,
562 1183 660 1222 hinc
680 1183 913 1222 eruditione
934 1184 1112 1233 quadam
1133 1184 1378 1233 admirabili,
1403 1198 1527 1234 super
1547 1184 1687 1222 omnia
1705 1195 1800 1221 vero
1819 1181 1929 1220 vitae

324 1248 614 1297 sanctimonia,
646 1262 726 1299 qua
757 1262 852 1287 cum
886 1249 1026 1298 paucis
1057 1252 1199 1288 nostro
1231 1251 1368 1289 seculo
1399 1253 1560 1289 veteres
1590 1248 1686 1288 illos
1717 1247 1930 1297 episcopos

326 1315 464 1353 refers.
525 1315 578 1352 In
611 1314 713 1353 alios
746 1314 841 1364 plus
871 1315 1014 1353 audeo.
1085 1316 1148 1353 Tu
1179 1315 1286 1354 mihi
1320 1329 1483 1365 semper
1516 1316 1632 1354 visus
1662 1327 1706 1352 es
1733 1326 1818 1352 non
1847 1312 1929 1351 nisi

270 1396 309 1429 50
326 1380 517 1428 religiose
543 1379 836 1427 nominandus,
868 1381 1114 1430 praesertim
1143 1380 1188 1418 in
1217 1381 1336 1419 libris
1365 1381 1535 1420 aeditis:
1564 1382 1606 1419 et
1635 1381 1776 1418 tamen
1805 1390 1930 1416 ausus

328 1458 420 1483 sum
451 1445 693 1484 meminisse
718 1445 792 1494 tui,
827 1459 921 1483 cum
948 1446 1043 1484 aliis
1071 1446 1228 1496 aliquot
1254 1447 1364 1495 locis,
1396 1449 1488 1485 tum
1520 1446 1563 1484 in
1598 1443 1834 1484 Enohiridii
1862 1455 1930 1492 po·

329 1513 483 1548 strema
502 1510 717 1559 aeditione,
742 1511 784 1548 in
806 1524 886 1560 qua
907 1511 1113 1550 adiectum
1133 1514 1196 1550 est
1219 1512 1366 1550 Basilii
1386 1513 1670 1562 fragmentum
1697 1509 1799 1549 olim
1819 1521 1843 1546 a
1861 1521 1929 1546 me

328 1589 505 1614 versum.
565 1576 643 1614 Sed
665 1576 835 1614 interim
857 1589 960 1625 opus
979 1577 1144 1626 aliquod
1166 1578 1475 1627 circumspecto,
1497 1577 1567 1616 sed
1589 1575 1697 1626 quod
1719 1575 1929 1614 victurum

327 1641 520 1691 augurari
533 1640 700 1691 possim,
721 1641 912 1691 quodque
925 1643 996 1680 tua
1009 1642 1297 1692 magnitudine
1312 1644 1594 1693 grauitateque
1606 1655 1692 1680 non
1704 1640 1928 1690 indignum

270 1718 308 1752 75
327 1706 541 1754 videatur3
570 1706 613 1744 id
639 1709 712 1744 tuo
740 1706 903 1745 nomini
928 1708 1093 1757 proprie
1120 1707 1335 1757 dicabitur,
1360 1709 1436 1747 hoc
1459 1710 1520 1747 est
1543 1721 1615 1758 per
1643 1709 1684 1746 te
1710 1705 1799 1744 orbi
1823 1717 1928 1742 com·

328 1773 602 1811 mendabitur.

383 1838 500 1886 Quod
526 1837 651 1875 isthic
679 1837 817 1887 agitur
844 1838 893 1876 de
918 1838 1192 1887 reformando,
1217 1842 1263 1878 vt
1287 1841 1529 1890 loquuntur,
1560 1839 1679 1887 clero,
1705 1850 1850 1876 vereor
1875 1848 1927 1873 ne

328 1903 422 1951 plus
443 1903 543 1941 satis
562 1903 782 1941 imitentur
801 1903 871 1941 isti
891 1903 1145 1942 medicorum
1167 1905 1414 1956 exemplum,
1439 1905 1510 1955 qui
1530 1904 1715 1955 primum
1734 1901 1929 1941 inaniunt

328 1982 474 2018 corpus
494 1969 603 2018 quod
625 1968 856 2007 sanandum
872 1970 1139 2018 susceperint.
1199 1971 1370 2009 Vtinam
1392 1970 1583 2009 Christus
1603 1969 1772 2008 tandem
1792 1980 1929 2018 exper-

269 2043 309 2073 80
328 2036 464 2072 rectus
497 2034 641 2072 liberet
679 2034 880 2083 populum
915 2047 1038 2073 suum
1071 2038 1157 2074 tam
1191 2035 1416 2086 multiplici
1450 2035 1695 2086 tyrannide!
1735 2046 1849 2084 quae,
1884 2032 1928 2070 ni

326 2101 590 2149 prospectum
611 2099 747 2147 fuerit,
771 2113 818 2137 eo
838 2099 1005 2138 videtur
1028 2114 1200 2140 euasura
1224 2105 1270 2139 vt
1292 2101 1549 2140 tolerabilius
1569 2100 1624 2139 sit
1650 2100 1840 2138 futurum
1860 2097 1927 2137 vel

328 2166 553 2203 Turcarum
574 2165 661 2214 pati
681 2165 960 2214 tyrannidem.

383 2230 461 2269 Sed
482 2232 528 2268 vt
548 2229 597 2268 ad
618 2229 774 2268 librum
796 2232 918 2269 tuum
938 2231 1116 2281 redeam,
1139 2232 1332 2282 optabam
1357 2233 1534 2272 nitidius
1560 2244 1758 2271 excusum
1784 2229 1924 2285 fuisse.

327 2296 388 2334 Ea
407 2296 451 2333 in
473 2308 516 2333 re
536 2295 570 2333 si
589 2295 688 2345 quid
709 2308 879 2344 possum
903 2299 1124 2346 praestare,
1145 2311 1230 2336 non
1256 2298 1470 2347 grauabor.
1533 2297 1723 2347 Optarim
1742 2297 1782 2334 et
1801 2295 1925 2334 istam

270 2370 307 2409 85
328 2374 493 2410 operam
526 2360 571 2398 in
609 2360 722 2398 aliud
759 2363 1054 2410 argumentum
1092 2363 1352 2413 insumptam
1386 2363 1535 2402 fuisse:
1576 2374 1815 2412 quanquam
1848 2360 1926 2398 hoc

328 2439 487 2476 quoque
515 2427 607 2464 tum
636 2426 755 2475 pium
784 2426 852 2473 sit,
878 2429 970 2464 tum
1000 2427 1175 2478 elegans.
1234 2429 1391 2468 Verum
1417 2426 1751 2467 commentarioli
1775 2425 1927 2476 quibus

330 2491 651 2541 Euangeliorum
672 2491 821 2529 seriem
841 2505 885 2529 ac
907 2505 1076 2531 sensum
1098 2494 1319 2542 connectis,
1338 2506 1516 2544 quorum
1536 2495 1683 2544 gustus
1698 2491 1799 2530 olim
1818 2490 1925 2529 mihi

327 2556 565 2607 perplacuit,
588 2570 681 2595 meo
700 2555 853 2594 iudicio
872 2557 968 2607 plus
988 2558 1205 2608 dignitatis
1223 2559 1461 2598 attulissent
1480 2561 1552 2598 tuo
1572 2557 1745 2597 nomini.

383 2623 489 2661 Cum
503 2622 577 2660 has
589 2635 722 2660 essem
738 2621 1042 2672 obsignaturus,
1061 2624 1097 2663 is
1113 2624 1162 2662 de
1178 2638 1258 2674 quo
1274 2625 1396 2674 paulo
1410 2627 1506 2664 ante
1521 2623 1707 2671 memini,
1726 2624 1922 2669 mutatus,

270 2705 311 2736 90
327 2690 373 2727 vt
392 2687 577 2734 coniicio,
602 2687 734 2725 literis
753 2687 838 2725 tuis
858 2688 1213 2737 incantatricibus,
1232 2690 1416 2739 legatum
1435 2690 1485 2729 ad
1507 2702 1574 2728 me
1594 2688 1726 2727 mittit
1745 2689 1924 2727 Antuer-

352 2809 400 2837 72.
429 2802 482 2830 est
498 2801 574 2829 add.
593 2801 628 2829 F.
746 2800 796 2837 78.
821 2799 907 2829 satis
924 2801 999 2830 add.
1022 2802 1050 2830 F
1066 2802 1177 2838 Corrz'y.
1291 2802 1344 2840 85.
1371 2810 1578 2840 quanquam
1596 2804 1623 2831 E
1639 2812 1646 2831 :
1672 2801 1841 2840 quamuis
1857 2802 1898 2832 H.

373 2908 421 2935 72.
447 2898 590 2939 Basilii]
609 2899 673 2928 See
691 2899 778 2938 Epp.
797 2907 874 2937 229,
891 2899 965 2937 858.
1157 2908 1267 2937 mony
1279 2899 1286 2910 ¹
1304 2899 1341 2930 of
1354 2900 1416 2930 the
1433 2900 1580 2940 Gospels
1597 2910 1605 2938 ;
1628 2899 1670 2932 cf.
1685 2899 1750 2939 Ep.
1763 2900 1839 2939 667.
1853 2910 1871 2938 4
1883 2909 1919 2930 n.

373 2951 422 2978 77.
449 2941 693 2982 reformando]
711 2941 764 2972 Cf.
781 2941 844 2981 Ep.
861 2943 934 2981 967.
952 2951 1004 2980 25.
1157 2942 1193 2972 It
1222 2943 1252 2973 is
1283 2945 1345 2973 not
1376 2943 1509 2974 known
1540 2953 1670 2983 among
1700 2943 1764 2974 the
1791 2944 1854 2974 list
1886 2943 1922 2972 of

370 2984 422 3021 83.
448 2984 596 3025 librum]
614 2985 679 3015 See
696 2984 719 3015 l.
739 2996 755 3024 7
774 2995 808 3016 n.
1156 2985 1311 3017 Fisher's
1327 2987 1444 3018 works
1459 2998 1468 3026 ;
1492 2997 1548 3018 see
1563 2987 1671 3018 DNB.

368 3027 419 3057 86.
445 3028 746 3068 commentarioli]
771 3030 803 3058 A
828 3030 901 3059 sort
923 3029 962 3059 of
985 3029 1086 3060 ‘har-
1200 3030 1252 3069 89.
1276 3030 1385 3069 paulo
1401 3030 1502 3071 ante]
1521 3031 1586 3061 See
1604 3031 1626 3061 l.
1645 3039 1684 3068 31
1705 3040 1741 3061 n.
