2034 3433
78 194 177 249 964]
641 199 709 238 To
747 198 949 238 HENRY
985 198 1097 239 vm
1581 202 1658 240 581

78 302 414 352 pulcherrimum,
437 303 496 341 ita
515 303 774 342 rarissimum
799 305 873 351 est,
890 306 1075 354 vtroque.
1136 303 1218 343 His
1243 305 1500 345 ornamentis
1524 306 1662 345 existi·
1680 309 1722 340 60

76 380 166 406 mas
199 367 320 417 longe
351 368 501 406 melius
531 367 711 407 decorari
740 381 912 418 regnum
942 371 1061 407 tuum
1091 383 1216 419 quam
1236 369 1337 410 vllis
1363 370 1570 421 trophaeis
1590 374 1662 411 aut

21 434 23 438 ’
76 432 313 472 fornicibus.

131 497 215 536 Nec
252 498 402 537 harum
440 511 576 536 rerum
615 500 734 537 autor
779 511 824 537 es
869 498 1003 537 solum
1049 501 1123 537 aut
1169 499 1356 539 hortator
1390 501 1662 541 verumetiam

74 562 339 612 exemplum3
382 576 466 602 non
495 565 609 601 enim
632 563 759 602 edicis
786 563 910 602 modo
938 564 1214 602 verumetiam
1243 565 1421 614 exhibes,
1455 566 1540 605 imo
1568 566 1663 617 plus

74 629 258 676 praestas
294 628 381 678 ipse
420 641 544 677 quam
581 628 674 666 aliis
712 627 968 677 praescribis.
1028 628 1178 668 Grauis
1214 631 1255 668 et
1288 630 1428 669 efficax
1460 633 1523 670 est
1553 631 1663 681 regis
1679 633 1720 676 65

73 692 272 731 autoritas
291 693 484 741 iubentis,
499 693 569 731 sed
590 693 703 731 dictu
722 693 878 732 mirum
897 695 1049 743 quanto
1069 693 1267 732 efficacior
1285 696 1534 744 praestantis
1552 696 1662 747 quod

73 756 197 806 iubet,
215 769 261 795 ac
275 757 415 807 legum
434 770 601 796 suarum
622 757 832 807 exemplar
850 759 936 796 tota
955 757 1043 796 vita
1061 759 1254 807 ponentis
1274 759 1324 798 ob
1344 759 1494 799 oculos.
1531 761 1662 811 Leges

72 820 151 860 tibi
171 834 256 860 non
275 823 500 871 minantur,
524 825 566 861 at
581 823 674 873 quis
692 823 758 861 vel
778 822 889 861 inter
906 822 1092 872 priuatos
1110 836 1194 862 vno
1219 825 1259 862 te
1284 824 1424 875 legum
1443 825 1661 865 obseruan-

72 885 185 925 tior?
213 887 305 936 quis
333 888 642 937 incorruptior?
674 888 767 938 quis
793 890 1004 938 pactorum
1031 888 1246 927 tenacior?
1278 889 1371 940 quis
1404 889 1449 928 in
1479 891 1661 930 amicitia

71 952 360 991 constantior?
400 954 495 1004 quis
523 952 643 1003 aequi
675 952 855 1002 iustique
879 952 1119 991 amantior?
1174 953 1286 1002 Quae
1319 955 1473 993 ciuium
1510 955 1660 995 domus
1679 968 1719 1002 70

71 1016 173 1054 casti
212 1017 506 1067 concordisque
544 1017 725 1066 coniugii
761 1018 848 1055 tam
885 1017 1054 1056 euidens
1098 1017 1221 1057 habet
1254 1020 1524 1070 exemplum?
1577 1020 1660 1061 Vbi

70 1080 249 1130 reperias
285 1082 433 1132 optimi
477 1082 618 1121 mariti
660 1082 794 1132 magis
836 1082 1042 1120 aemulam
1079 1083 1330 1134 coniugem?
1385 1085 1464 1133 Qui
1505 1085 1659 1136 priuati

69 1148 248 1195 penates,
276 1147 361 1186 imo
395 1147 505 1197 quod
535 1147 764 1197 collegium,
794 1160 895 1197 quae
922 1147 1131 1186 academia
1158 1148 1260 1187 viris
1284 1149 1525 1199 integritate
1548 1150 1660 1189 vitae

68 1210 340 1262 doctrinaque
359 1212 560 1263 singulari
580 1211 884 1262 praestantibus
899 1212 1083 1252 ornatior
1101 1214 1165 1252 est
1177 1226 1352 1263 vsquam
1373 1227 1498 1265 quam
1511 1216 1585 1254 tua
1603 1215 1659 1254 sit

69 1276 194 1316 aula?
247 1277 417 1316 Veteres
444 1277 508 1316 illi
537 1279 679 1328 poetae
708 1277 896 1316 seculum
922 1277 1060 1317 nescio
1084 1278 1193 1328 quod
1211 1291 1384 1318 aureum
1402 1279 1489 1318 suis
1507 1279 1658 1319 fabulis
1676 1293 1715 1327 75

71 1341 192 1381 nobis
220 1342 503 1392 prodiderunt.
561 1342 694 1392 Atqui
723 1343 823 1381 haec
853 1356 947 1381 cum
976 1343 1061 1393 agit
1089 1345 1162 1382 tua
1190 1343 1401 1393 celsitudo,
1424 1344 1524 1394 quid
1544 1344 1657 1384 aliud

67 1419 219 1455 quaeso
239 1420 363 1457 quam
389 1408 576 1446 seculum
595 1421 689 1447 vere
717 1421 886 1446 aureum
913 1408 1032 1446 nobis
1061 1408 1235 1456 reducit,
1254 1409 1290 1448 si
1315 1410 1455 1448 tamen
1474 1422 1658 1460 vnquam

68 1470 149 1509 fuit
166 1472 326 1511 vllum:
355 1486 402 1512 ac
420 1486 486 1511 res
505 1475 592 1512 tam
610 1473 739 1512 ardua
757 1473 857 1512 adeo
882 1473 1065 1512 succedit
1090 1473 1176 1512 tuis
1201 1473 1396 1524 auspiciis
1415 1476 1462 1513 vt
1481 1475 1656 1514 dubium

67 1549 151 1575 non
170 1537 226 1576 sit
246 1538 348 1587 quin
369 1538 607 1577 fauentibus
633 1538 793 1588 superis
818 1539 991 1588 geratur.
1053 1537 1165 1586 Quae
1189 1539 1302 1588 regio
1320 1541 1526 1578 terrarum
1544 1552 1656 1579 nunc

67 1614 152 1640 non
171 1603 403 1652 gratulatur
422 1603 675 1652 Britanniae,
698 1603 733 1641 si
752 1603 872 1651 fauet,
888 1616 974 1642 non
993 1603 1165 1651 inuidet,
1184 1604 1221 1642 si
1239 1616 1389 1653 parum
1408 1604 1514 1643 bene
1530 1605 1656 1643 vult?
1674 1612 1715 1643 80

66 1667 185 1716 Quod
205 1668 328 1707 hodie
347 1681 523 1718 regnum
541 1670 630 1707 toto
649 1671 855 1707 terrarum
873 1668 970 1707 orbe
991 1667 1171 1707 nobilius
1190 1670 1264 1707 aut
1283 1668 1516 1708 celebrius?

121 1732 333 1772 Nimirum
370 1733 479 1784 regis
514 1733 681 1772 animus
713 1735 775 1772 est
816 1733 886 1784 qui
931 1746 1056 1783 regna
1102 1732 1297 1772 nobilitat
1343 1733 1409 1772 vel
1452 1733 1651 1773 obscurat.

67 1797 227 1845 Quibus
258 1798 388 1847 libris,
411 1798 564 1848 quibus
597 1798 754 1849 linguis
793 1798 895 1837 olim
932 1799 996 1837 est
1033 1797 1287 1837 celebratura
1317 1798 1551 1848 posteritas,
1577 1799 1654 1839 sub

64 1861 246 1902 Henrico
279 1866 434 1912 octauo,
457 1866 656 1913 tanquam
680 1863 724 1902 in
753 1864 830 1902 hoc
856 1864 1030 1902 coelitus
1057 1864 1210 1902 emisso
1233 1863 1428 1913 principe,
1452 1863 1510 1903 sic
1536 1864 1652 1903 omni

63 1941 211 1978 genere
228 1928 435 1967 virtutum
454 1928 676 1967 effloruisse
696 1928 958 1968 Britanniam
974 1930 1020 1967 vt
1034 1928 1166 1967 videri
1185 1928 1315 1977 possit
1335 1930 1498 1967 renata:
1528 1942 1653 1979 quam
1671 1938 1711 1978 85

64 1992 123 2031 sic
160 1993 346 2031 moribus
383 1993 664 2043 incorruptam
702 1993 925 2032 reddiderit
960 1995 1005 2031 vt
1040 1992 1091 2031 ab
1129 1992 1206 2031 hac
1244 1992 1311 2031 vel
1346 1992 1434 2043 ipsa
1470 1992 1654 2033 Massilia

67 2056 309 2106 disciplinae
338 2057 472 2096 ciuilis
499 2058 736 2108 exemplum
763 2060 901 2108 petere
926 2058 1069 2108 possit,
1091 2058 1150 2096 sic
1183 2058 1335 2107 pietate
1359 2057 1587 2108 pollentem
1605 2061 1652 2098 vt

63 2122 129 2160 vel
150 2123 231 2172 ipsi
251 2122 404 2161 Romae
425 2125 549 2172 queat
567 2136 655 2161 esse
678 2122 844 2173 pietatis
869 2123 1078 2173 magistra,
1101 2122 1160 2161 sic
1178 2122 1460 2161 abundantem
1478 2123 1652 2162 eruditis

65 2187 168 2225 viris
201 2188 244 2225 in
280 2188 397 2226 omni
425 2187 635 2226 doctrinae
663 2201 812 2238 genere
839 2189 885 2226 vt
914 2187 1011 2226 huic
1040 2187 1228 2226 inuidere
1255 2187 1383 2237 possit
1412 2187 1544 2236 Italia,
1568 2187 1650 2227 nisi

63 2253 296 2291 studiorum
324 2252 545 2291 aemulatio
579 2253 757 2291 nesciret
789 2252 1018 2300 inuidiam;
1061 2253 1268 2302 postremo
1296 2252 1363 2291 cui
1395 2252 1492 2291 talis
1523 2252 1649 2292 fuerit
1665 2269 1708 2301 90

65 2317 266 2366 Princeps
284 2319 330 2356 vt
349 2316 544 2356 omnibus
567 2318 612 2355 in
638 2319 851 2368 posterum
871 2316 1130 2366 principibus
1148 2317 1314 2367 imperii
1333 2317 1501 2367 gerendi
1519 2318 1650 2367 possit

62 2395 151 2420 esse
179 2381 328 2431 regula.
388 2382 523 2420 Deum
552 2381 843 2428 immortalem,
866 2381 944 2420 hoc
972 2381 1141 2419 demum
1166 2384 1229 2420 est
1254 2395 1429 2432 regnum
1447 2395 1548 2431 esse,
1569 2382 1647 2422 hoc

63 2448 232 2486 demum
258 2448 320 2484 est
350 2459 486 2496 regem
515 2459 645 2496 agere,
664 2446 740 2484 hoc
770 2449 831 2484 est
860 2446 998 2484 aulam
1026 2446 1297 2496 principalem
1314 2446 1475 2486 habere.
1535 2446 1648 2486 Olim

62 2512 250 2562 impenso
283 2511 460 2560 quodam
493 2525 630 2550 amore
668 2511 887 2549 literarum
926 2513 1048 2560 atque
1086 2511 1163 2550 ocii
1200 2511 1414 2550 dulcedine
1451 2512 1647 2551 nonnihil

61 2576 331 2616 abhorrebam
352 2589 376 2615 a
395 2589 539 2626 regum
559 2576 674 2615 aulis.
726 2576 846 2614 Nunc
858 2589 955 2614 vero
974 2588 1071 2614 cum
1088 2576 1230 2614 animo
1248 2576 1505 2626 contemplor
1523 2589 1645 2626 quem
1664 2592 1705 2626 95

61 2641 299 2691 Principem
326 2654 370 2679 ac
399 2641 699 2680 moderatorem
721 2641 870 2680 habeat
897 2640 991 2679 aula
1010 2640 1263 2689 Britannica,
1286 2653 1410 2690 quam
1429 2641 1644 2691 Reginam,

60 2719 163 2757 quos
180 2719 376 2756 proceres
398 2719 497 2756 quos
521 2720 545 2745 a
570 2705 762 2754 consiliis,
788 2719 890 2756 quos
915 2705 966 2744 ab
994 2705 1146 2754 officiis,
1167 2705 1378 2755 impendio
1398 2706 1503 2744 mihi
1521 2706 1649 2756 gestit

58 2771 225 2810 animus
256 2771 301 2808 in
333 2771 460 2809 talem
488 2772 625 2810 aulam
659 2771 906 2820 immigrare.
966 2769 1051 2808 Nec
1075 2770 1247 2820 puderet
1280 2770 1531 2819 ambitionis,
1563 2770 1647 2810 nisi

59 2835 311 2875 valetudinis
348 2835 612 2874 imbecillitas
650 2836 734 2874 iam
770 2835 863 2885 plus
899 2835 1027 2874 etiam
1064 2847 1187 2885 quam
1223 2847 1295 2884 pro
1332 2835 1479 2874 aetatis
1521 2835 1646 2874 modo

58 2901 344 2950 ingrauescens
377 2900 659 2939 dissuaderet:
707 2900 869 2938 etiamsi
909 2899 1015 2937 nihil
1055 2901 1116 2938 est
1153 2899 1261 2949 quod
1297 2899 1366 2938 hic
1404 2899 1644 2940 ambitionis
1665 2914 1726 2937 100

101 2998 154 3028 86.
179 2995 355 3036 Massilia]
377 2997 428 3028 Cf.
451 2999 554 3035 Adaq.
583 2997 687 3036 1298;
711 2997 817 3027 refer·
927 2997 980 3036 96.
1004 2995 1084 3027 aula
1121 2996 1348 3038 Britannica]
1387 2996 1439 3028 Cf.
1471 2996 1534 3037 Ep.
1567 2998 1643 3037 855.

57 3042 138 3081 ring
152 3043 190 3071 to
203 3040 281 3072 Val.
300 3040 390 3072 Max.
409 3050 439 3072 2.
457 3041 486 3071 6.
508 3050 536 3079 7.
885 3039 926 3070 28
939 3049 974 3071 n.
1439 3056 1453 3081 χ
