2034 3433
164 166 242 204 886
248 163 264 217 J
1674 162 1754 200 423

566 218 663 258 886.
723 216 786 258 To
817 215 1069 258 CUTHBERT
1100 215 1352 257 TUNSTALL.

210 307 393 343 Deventer
410 306 489 342 MS.
509 318 563 353 91,
582 306 610 347 f.
628 317 682 351 23.
1449 304 1622 340 Louvain.

212 365 282 401 LB.
302 364 399 412 App.
417 375 496 410 294.
1369 374 1412 398 22
1431 363 1590 398 October
1612 364 1708 408 1518.

591 454 796 485 ERASMVS
827 454 1086 484 TVNSTALLO
1118 454 1200 485 SVO
1231 456 1264 484 S.
1288 455 1330 484 D.

219 537 313 576 Hoc
332 549 443 575 anno
461 535 681 585 insigniter
699 548 766 573 me
785 534 967 573 exercuit
986 535 1134 584 genius
1153 548 1271 573 meus
1295 535 1439 574 malus.
1499 534 1754 573 Difficillimo

164 602 315 642 itinere
342 601 548 641 Basileam
576 601 685 639 itum
712 602 789 647 est,
808 602 901 638 tum
921 599 973 638 ob
1001 600 1202 638 comitum
1231 600 1616 639 incommoditatem
1640 599 1754 649 (nam

166 667 301 707 nescio
326 680 415 717 ,quo
447 667 534 705 fato
563 666 608 705 in
641 665 858 704 Holandos
889 665 1087 714 quosdam
1120 665 1369 715 incideram),
1402 668 1494 704 tum
1532 665 1582 704 ob
1614 667 1750 704 estum

166 732 397 782 grauiorem
434 744 557 782 quam
597 743 672 780 pro
717 730 917 780 temporis
953 729 1124 769 ratione.
1200 729 1385 768 Basileae
1418 744 1521 780 pene
1558 731 1754 780 perpetuo

166 797 359 847 egrotaui,
389 796 575 847 primum
602 793 943 845 pestilentissima
968 793 1121 844 pituita
1152 807 1232 845 qua
1262 794 1387 833 multi
1417 796 1626 845 perierunt
1657 794 1753 842 illic,
1778 806 1796 838 5

167 875 265 901 mox
293 861 527 912 dysenteria
558 860 866 911 periculosoque
899 858 985 898 alui
1018 859 1232 910 profluuio.
1302 859 1452 910 Magno
1486 860 1681 899 emissem
1710 860 1752 898 id

167 927 366 977 temporis
395 927 561 965 firmam
596 925 891 973 valetudinem,
925 938 1006 974 quo
1043 925 1224 964 licuisset
1257 926 1371 976 operi
1404 926 1597 964 sufficere.
1655 925 1753 964 Sero

168 992 276 1031 mihi
300 992 458 1031 reddite
480 992 579 1030 sunt
602 990 841 1042 Latameriij
851 989 1151 1037 annotationes,
1175 990 1327 1040 alioqui
1345 991 1452 1029 mihi
1472 991 1593 1041 longe
1612 989 1756 1040 gratis-

167 1058 283 1106 sime,
314 1058 419 1096 meis
445 1055 785 1095 annotationibus
812 1055 896 1094 iam
924 1055 1125 1094 absolutis
1155 1057 1195 1093 et
1222 1055 1435 1105 aliquanta
1463 1055 1591 1093 Marci
1624 1056 1751 1105 parte.

168 1124 344 1163 Vtinam
358 1123 470 1161 idem
485 1120 706 1160 fecissetin
720 1120 930 1170 Epistolas
943 1120 1243 1170 Apostolorum
1261 1122 1269 1159 !
1311 1120 1472 1159 Basilea
1488 1120 1753 1159 discessimus
1783 1133 1822 1155 10

168 1189 400 1228 etiamnum
425 1186 674 1238 languiduli:
702 1187 773 1225 sed
802 1186 1003 1236 reliquam
1023 1187 1229 1225 malorum
1249 1188 1489 1225 nostrorum
1509 1186 1758 1237 tragoediam
1783 1196 1785 1200 ’

169 1269 219 1295 ex
240 1255 344 1294 meis
365 1254 415 1294 ad
434 1253 613 1291 Beatum
631 1251 785 1291 litteris
806 1264 1033 1302 cognosces,
1057 1265 1232 1303 quarum
1256 1252 1465 1303 exemplar
1487 1252 1625 1290 isthuc
1645 1251 1752 1290 misi.

171 1322 443 1360 Decreueram
462 1321 558 1357 ante
577 1318 772 1368 hyemem
790 1317 990 1367 Angliam
1015 1317 1209 1366 inuisere,
1229 1320 1351 1368 atque
1375 1318 1450 1356 hac
1473 1317 1606 1368 gratia
1627 1318 1760 1355 matu-

170 1387 261 1426 raui
298 1385 503 1425 Basileam
540 1384 795 1433 relinquere:
826 1383 895 1422 sed
929 1383 1025 1423 fatis
1062 1383 1182 1422 aliter
1218 1384 1358 1422 visum
1396 1385 1468 1422 est.
1527 1382 1678 1421 Adhuc
1715 1382 1761 1420 in

171 1453 458 1503 chirurgorum
496 1450 691 1490 manibus
730 1462 874 1488 sumus
908 1449 960 1487 ob
994 1449 1075 1488 duo
1113 1448 1280 1487 hulcera
1295 1463 1305 1496 ;
1343 1448 1518 1487 tercium
1555 1460 1659 1498 pene
1694 1446 1760 1485 ob·
1785 1459 1824 1492 15

170 1518 342 1557 ductum
361 1519 435 1556 est.

226 1581 366 1621 Hodie
396 1583 538 1620 nostro
568 1583 740 1631 sumptu
773 1581 966 1620 misimus
996 1580 1203 1631 quendam
1235 1578 1443 1618 Basileam
1476 1591 1571 1617 cum
1604 1577 1760 1628 reliquo

171 1647 397 1698 exemplari
425 1649 467 1686 et
494 1646 771 1697 Argumentis
798 1645 952 1686 nostris
983 1646 1028 1684 in
1055 1645 1265 1695 Epistolas
1286 1643 1559 1694 Apostolicas,
1586 1656 1688 1694 quae
1714 1655 1764 1681 ex

172 1717 245 1753 tuo
281 1712 455 1752 consilio
491 1712 744 1760 adiecimus;
790 1712 961 1751 missuri
997 1724 1095 1750 mox
1132 1710 1409 1760 praefationes
1451 1711 1492 1747 et
1534 1706 1765 1747 coronides.

173 1779 287 1830 Opus
314 1778 474 1817 excedit
501 1779 698 1816 centenos
724 1777 946 1825 terniones,
967 1790 1062 1815 cum
1089 1775 1251 1825 singule
1279 1774 1427 1826 pagine
1452 1774 1504 1813 ob
1528 1774 1763 1812 chartarum
1787 1785 1828 1807 20

172 1843 506 1894 magnitudinem
544 1843 684 1881 decem
722 1843 910 1882 versibus
947 1842 1160 1881 abundent
1197 1854 1293 1891 prae
1331 1839 1534 1890 superiori
1569 1838 1763 1877 editione.

173 1910 383 1949 Iusseram
408 1921 541 1947 vnum
567 1908 712 1947 excudi
738 1907 1003 1955 membranis,
1026 1907 1099 1945 ille
1120 1906 1199 1944 tria
1221 1905 1397 1944 excudit.
1456 1905 1598 1943 Vnum
1625 1916 1764 1954 quam-

174 1975 362 2027 primum
399 1974 450 2012 ad
488 1975 528 2012 te
564 1973 732 2020 veniet3
778 1985 876 2012 nam
913 1974 1052 2010 totum
1089 1971 1330 2010 absoluetur
1371 1972 1466 2009 ante
1504 1969 1761 2008 Ianuarium.

175 2039 344 2079 Volenti
371 2052 535 2077 mecum
563 2038 712 2088 pacisci
741 2037 944 2076 Frobenio
972 2036 1164 2086 respondi
1193 2038 1239 2074 vt
1268 2048 1359 2074 eam
1388 2035 1605 2085 pecuniam
1638 2046 1762 2084 quam

178 2105 286 2146 mihi
322 2105 419 2143 dare
456 2103 705 2142 destinasset
742 2103 788 2141 in
822 2104 958 2154 operis
993 2115 1134 2141 curam
1171 2101 1408 2140 insumeret.
1467 2098 1766 2139 Amerbachios
1789 2112 1827 2145 25

178 2171 304 2211 huius
330 2171 431 2210 artis
457 2169 731 2220 peritissimos
762 2168 1076 2207 instantissimis
1107 2167 1297 2217 precibus
1325 2165 1468 2213 deuici‚
1499 2168 1546 2203 vt
1574 2165 1764 2204 adessent

178 2239 224 2277 in
252 2235 513 2286 castigando:
552 2247 649 2273 nam
678 2234 722 2272 in
751 2233 899 2272 Iacobo
926 2233 1096 2281 famulo,
1128 2246 1251 2282 quem
1279 2232 1326 2270 in
1352 2231 1429 2269 hoc
1458 2230 1664 2269 Basileam
1697 2229 1765 2268 ad·

180 2305 388 2350 duxeram,
420 2300 531 2339 sensi
559 2313 644 2338 non
672 2298 856 2337 multum
886 2298 971 2336 fore
999 2297 1192 2348 presydii,
1223 2300 1265 2335 et
1294 2295 1496 2335 Frobenio
1525 2295 1633 2334 nihil
1660 2294 1765 2344 fingi

180 2370 317 2420 potest
336 2365 554 2416 stupidius.

235 2437 276 2474 A
319 2430 538 2471 mensariis
578 2442 651 2480 per
690 2431 807 2468 tuam
847 2428 1128 2479 syngrapham
1174 2427 1307 2476 recepi
1350 2426 1564 2476 sexaginta
1606 2425 1768 2464 francos
1790 2439 1832 2470 30

465 2537 515 2567 13.
539 2529 615 2558 LB:
636 2526 797 2566 Anglum
814 2528 881 2557 MS.
1040 2525 1088 2556 18.
1112 2535 1200 2565 quae
1215 2527 1345 2562 scripsi:
1370 2534 1458 2563 quas
1473 2526 1543 2554 MS.

226 2635 257 2665 5.
274 2622 447 2664 egrotaui]
465 2621 516 2653 cf.
536 2620 600 2660 Ep.
619 2608 693 2658 844.
714 2628 778 2658 293
789 2627 824 2649 n.
1055 2627 1108 2650 21.
1131 2617 1269 2658 decem]
1293 2616 1350 2648 He
1373 2626 1486 2647 seems
1510 2618 1547 2646 to
1571 2615 1661 2646 have
1682 2615 1771 2645 been

227 2671 260 2701 8.
299 2664 509 2705 Latamerii]
550 2663 601 2695 Cf.
632 2663 697 2702 Ep.
731 2663 804 2700 786.
836 2671 877 2701 55
907 2671 942 2692 11.
1012 2661 1270 2692 misinformed.
1310 2661 1384 2691 The
1397 2662 1499 2691 notes
1513 2661 1550 2690 to
1566 2659 1629 2690 the
1644 2657 1772 2689 second

186 2714 256 2745 His
286 2712 387 2742 notes
416 2718 513 2739 seem
542 2709 578 2738 to
608 2706 698 2737 have
736 2706 825 2737 been
857 2704 944 2745 only
1012 2705 1150 2736 edition
1180 2705 1270 2736 have
1301 2704 1383 2735 four
1412 2703 1505 2734 lines
1534 2705 1571 2733 to
1597 2702 1660 2732 the
1684 2710 1772 2742 page

186 2767 232 2788 on
249 2753 434 2787 Matthew.
1012 2757 1109 2779 more
1140 2749 1230 2779 than
1260 2748 1324 2778 the
1356 2748 1434 2778 first
1449 2758 1456 2777 z
1493 2746 1555 2777 the
1592 2746 1670 2776 text
1700 2746 1774 2775 two

232 2809 281 2831 12.
306 2797 351 2829 ad
368 2794 536 2835 Beatum]
553 2794 617 2833 Ep.
633 2794 708 2833 867.
1014 2801 1053 2822 or
1074 2792 1187 2823 three.

235 2853 284 2882 17.
310 2837 506 2881 quendam]
537 2836 686 2869 Menard
723 2836 762 2868 of
798 2836 920 2868 Hoorn
938 2846 946 2873 3
1058 2844 1110 2867 22.
1133 2833 1369 2874 membranis]
1387 2833 1438 2865 Of.
1455 2834 1518 2873 Ep.
1534 2832 1610 2870 848.
1627 2842 1657 2871 9.

186 2897 242 2919 see
259 2886 323 2925 Ep.
340 2884 415 2922 885.
434 2892 462 2914 1.
1057 2888 1110 2917 27.
1133 2877 1276 2918 Iacobo]
1319 2877 1435 2918 Nepos
1450 2889 1457 2916 3
1499 2885 1556 2907 see
1593 2875 1658 2915 Ep.
1697 2884 1771 2914 595.

234 2931 286 2963 18.
308 2924 559 2966 Argumentis]
576 2924 641 2955 See
653 2933 688 2963 p.
704 2932 778 2963 432.
1021 2932 1054 2953 11
1074 2933 1108 2953 n.

231 2983 284 3005 20.
307 2967 492 3009 centenos]
501 2969 576 2999 The
586 2968 688 2998 notes
700 2966 737 2998 of
745 2966 808 2998 the
820 2965 948 2998 second
1059 2966 1112 2997 28.
1137 2964 1327 3006 Frobenio]
1343 2964 1400 2996 He
1416 2964 1521 2995 knew
1533 2961 1628 2994 little
1642 2962 1749 2994 Latin

190 3017 329 3049 edition
352 3014 443 3045 have
459 3022 512 3052 49,
529 3012 591 3043 the
606 3011 684 3042 text
699 3020 740 3051 57
756 3010 886 3042 sheets.
1017 3009 1060 3040 cf.
1077 3009 1139 3050 Ep.
1155 3010 1229 3049 885.
1246 3009 1304 3040 tit.
