2034 3433
254 138 332 176 120
716 137 966 177 LETTERS
1002 135 1072 174 OF
1108 136 1372 176 ERASMUS
1715 133 1839 190 [1517

215 258 232 289 5
251 242 398 292 frigide
417 242 498 281 sim
517 255 627 281 vsus.
689 241 892 291 Legatum
914 240 963 278 de
982 239 1116 278 tribus
1135 238 1289 289 linguis
1307 240 1388 279 dici
1406 253 1492 278 non
1515 240 1651 289 potest
1674 242 1842 290 quanto-

250 321 344 358 pere
363 308 544 358 probem.
603 307 659 345 Et
679 306 762 344 iam
788 305 896 342 bona
925 302 1102 354 quadam
1128 304 1294 344 fortuna
1313 305 1429 343 adest
1449 304 1650 352 Hebreus‚
1673 316 1843 343 suarum

252 373 488 412 litterarum
513 373 635 421 longe
660 370 947 421 peritissimus,
970 382 1062 408 meo
1090 371 1131 407 et
1156 370 1346 408 omnium
1369 369 1531 408 iudicio.
1589 369 1705 408 Ficte
1716 366 1844 408 ‘obni-

251 440 400 476 tuntur
436 436 616 485 theologi
658 435 837 486 quidam,
879 446 1015 472 coram
1056 433 1167 472 aliud
1208 435 1462 484 pollicentes.
1539 434 1656 483 Quod
1694 433 1730 472 si
1766 433 1844 473 hoc

252 503 468 554 negocium
511 501 632 540 initio
675 499 973 550 magnificeque
1014 512 1167 549 perque
1210 499 1387 538 celebres
1429 500 1541 538 viros
1583 498 1841 547 instituatur,

196 589 234 611 10
252 569 406 607 mirum
427 567 540 606 dictu
560 567 765 616 quantum
784 564 937 614 gloriae
956 563 1010 602 sit
1030 566 1191 603 nostrae
1210 565 1370 615 regioni
1388 564 1626 604 allaturum.

306 633 512 671 Dominus
548 631 725 670 Marcius
764 629 871 667 mihi
903 629 1119 678 pecuniam
1152 642 1173 667 e
1204 629 1400 668 Zelandia
1432 629 1515 668 iam
1548 630 1717 668 miserat
1749 641 1844 668 cum

251 701 344 736 tuae
365 697 471 736 mihi
490 697 630 735 literae
658 695 941 734 redderentur.
999 694 1216 733 Praeterea
1244 695 1353 733 nihil
1377 695 1515 744 accepi
1534 707 1669 745 neque
1687 694 1843 733 littera-

252 776 347 801 rum
365 775 498 812 neque
518 760 728 812 pecuniae.
787 759 832 798 Si
850 759 960 797 nihil
979 760 1179 807 mittetur,
1202 762 1243 798 te
1263 759 1465 799 incolumi
1486 760 1619 798 feram
1637 761 1844 810 vtcunque

251 828 571 867 incommodum.
632 826 716 875 Sin,
754 824 862 875 quod
898 824 1145 875 prohibeant
1182 825 1332 875 superi,
1364 838 1482 864 casus
1519 824 1671 874 aliquis
1702 823 1845 863 Barbi-

195 916 231 946 15
252 893 360 932 rium
398 892 518 931 nobis
551 891 717 940 adimat,
753 904 839 930 non
876 892 1019 940 potero
1057 890 1159 929 ferre
1191 894 1278 930 tam
1316 890 1592 940 multiplicem
1629 890 1841 928 iacturam.

253 959 382 1008 Quare
401 960 442 997 te
461 958 588 997 etiam
608 959 731 1007 atque
750 956 878 995 etiam
899 969 979 1004 oro,
1002 956 1055 995 da
1075 969 1241 1006 operam
1261 958 1310 996 vt
1328 956 1476 995 valeas.

305 1024 529 1062 Versamur
557 1035 670 1061 nunc
693 1022 739 1060 in
766 1021 949 1072 collegio
976 1021 1138 1060 Liliano
1169 1035 1265 1060 cum
1294 1021 1456 1071 hospite
1487 1020 1679 1059 omnium
1701 1019 1844 1058 huma·

252 1088 425 1128 nissimo
464 1088 597 1127 Neuio
635 1087 949 1126 Hontiscotano.
1007 1086 1110 1125 Sum
1152 1087 1276 1137 plane
1313 1087 1513 1136 magister
1552 1087 1703 1134 noster,
1742 1097 1846 1134 pene

250 1155 440 1193 assiduus
459 1155 504 1192 in
523 1153 719 1192 omnibus
738 1152 896 1191 actibus
915 1152 960 1190 in
984 1152 1133 1202 quibus
1159 1155 1298 1191 actum
1321 1153 1462 1203 agunt.
1522 1151 1691 1190 Nouum
1710 1150 1846 1188 Testa-

193 1241 232 1262 20
252 1222 442 1258 mentum
470 1219 642 1269 pulchre
670 1218 878 1268 processit,
900 1217 1201 1267 absoluendum
1232 1218 1344 1257 intra
1366 1221 1452 1256 tres
1478 1229 1643 1256 menses
1662 1215 1845 1254 adiutore

252 1286 348 1324 Deo.
401 1285 534 1324 Fabro
560 1283 861 1334 respondimus,
885 1283 1017 1332 quoad
1044 1283 1172 1331 licuit,
1195 1283 1297 1322 citra
1322 1282 1596 1322 stomachum.
1648 1281 1847 1320 Nondum

250 1351 351 1389 satis
381 1350 581 1389 admirari
613 1362 783 1399 possum
816 1348 915 1399 quid
947 1348 1110 1387 homini
1141 1349 1300 1387 venerit
1330 1349 1374 1386 in
1404 1350 1601 1386 mentem.
1661 1346 1758 1385 Misi
1782 1346 1847 1385 illi

251 1415 467 1463 libellum3
507 1414 616 1453 nihil
641 1414 775 1453 adhuc
799 1427 1046 1464 responsum
1075 1417 1148 1453 est.
1210 1414 1420 1463 Imposuit
1445 1412 1561 1452 illius
1588 1411 1846 1462 simplicitati

249 1480 468 1531 instigator
483 1480 634 1530 aliquis
650 1493 658 1517 :
689 1481 811 1529 atque
830 1479 991 1517 vtinam
1011 1479 1118 1518 mihi
1137 1479 1322 1518 licuisset
1337 1478 1599 1517 dissimulare
1618 1478 1625 1516 1
1669 1478 1846 1516 Causam

193 1564 207 1584 2
213 1564 232 1595 5
251 1558 386 1584 meam
411 1545 588 1595 probant
612 1557 758 1583 omnes
786 1544 983 1593 theologi,
1002 1544 1243 1593 praesertim
1270 1544 1440 1582 Atensis
1463 1545 1586 1593 atque
1612 1542 1699 1592 ipse
1717 1542 1845 1581 etiam

251 1610 442 1660 Dorpius.
516 1610 745 1659 Episcopus
783 1608 1060 1648 Traiectensis
1104 1610 1155 1648 ad
1200 1623 1268 1648 me
1307 1609 1483 1660 scripsit,
1525 1607 1765 1658 significans
1803 1621 1845 1645 se

250 1676 478 1714 acciturum
498 1688 564 1713 me
585 1674 712 1713 simul
724 1676 847 1724 atque
866 1687 889 1712 a
909 1674 1247 1713 Transinsulanis
1263 1675 1438 1722 redierit,
1459 1674 1846 1722 declaraturumque

251 1741 398 1790 quanti
419 1753 488 1779 me
516 1740 665 1787 faciat;
693 1740 764 1778 sed
788 1739 940 1778 frustra
959 1742 1088 1779 canet.
1148 1741 1496 1791 Archiepiscopus
1515 1738 1846 1789 Maguntinensis

252 1808 397 1855 suapte
425 1818 551 1844 manu
581 1804 632 1843 ad
660 1817 727 1842 me
751 1804 924 1854 scripsit,
947 1808 988 1844 et
1008 1805 1177 1855 quidem
1197 1805 1511 1844 humanissime.
1573 1803 1846 1853 Paraphrasis

193 1887 235 1917 30
252 1870 296 1909 in
322 1870 553 1920 Epistolam
579 1871 629 1908 ad
656 1870 868 1908 Romanos
891 1870 1099 1920 eleganter
1126 1871 1356 1910 excuditur.
1417 1871 1498 1909 Par
1524 1871 1586 1908 est
1614 1871 1659 1907 vt
1688 1868 1846 1907 Paulus

254 1936 453 1974 Romanis
491 1936 613 1986 paulo
652 1934 785 1984 magis
826 1935 1013 1973 Romane
1056 1935 1258 1985 loquatur.
1333 1937 1447 1985 Opus
1484 1934 1589 1973 mire
1627 1934 1845 1984 probatum

251 2001 413 2040 Atensi.

309 2065 390 2105 Oro
419 2068 459 2104 te
485 2078 558 2115 per
584 2078 740 2104 sacram
766 2065 1033 2115 theologiam,
1056 2066 1117 2105 fac
1146 2067 1274 2105 sciam
1301 2067 1398 2116 quid
1419 2065 1554 2104 valeat
1574 2064 1757 2114 optimus
1776 2063 1847 2102 ille

252 2144 370 2169 meus
389 2131 626 2179 Moecenas3
656 2130 700 2168 in
721 2144 801 2180 quo
821 2144 904 2169 vno
925 2144 1089 2170 summa
1117 2132 1205 2182 spei
1233 2145 1348 2170 meae
1378 2131 1458 2169 sita
1484 2132 1559 2168 est.
1621 2129 1665 2168 Si
1683 2129 1720 2167 is
1738 2142 1847 2168 vnus

201 2210 240 2241 35
253 2196 385 2246 pergit
415 2195 481 2234 sui
511 2195 662 2234 similis
689 2209 789 2244 esse,
823 2196 963 2235 omnia
995 2210 1165 2246 pergam
1195 2210 1380 2241 recusare
1419 2209 1523 2246 quae
1553 2195 1723 2233 aliunde
1753 2194 1846 2233 offe-

252 2264 412 2301 runtur.
472 2261 623 2299 Adhuc
642 2274 736 2299 meo
756 2273 874 2300 succo
894 2261 1001 2311 viuo,
1022 2264 1180 2311 praeter
1209 2264 1414 2301 trecentos
1433 2263 1506 2300 aut
1523 2260 1648 2310 paulo
1668 2260 1849 2309 amplius

253 2326 440 2374 florenos,
482 2339 584 2376 quos
621 2339 670 2364 ex
708 2326 823 2365 illius
869 2340 914 2365 ac
958 2326 1167 2378 Principis
1207 2327 1465 2378 benignitate
1501 2325 1643 2375 recepi.
1705 2325 1847 2374 Neque

298 2454 328 2483 5.
353 2447 399 2476 D:
424 2444 530 2475 tribis
545 2447 615 2476 MS.
796 2455 824 2484 7.
850 2455 928 2476 meo
945 2447 979 2476 et
994 2448 1062 2478 MS.
1081 2457 1088 2477 z
1112 2455 1193 2476 cum
1209 2455 1287 2476 meo
1303 2447 1383 2476 tum
1398 2448 1435 2476 D.
1644 2443 1742 2474 Ficte
1765 2466 1773 2474 .
1800 2466 1808 2474 .
1835 2467 1843 2474 .

254 2488 283 2518 8.
312 2488 519 2527 pollicentes
536 2499 593 2520 om.
612 2491 651 2520 D.
739 2499 770 2528 9.
796 2489 984 2528 magnifiee
999 2492 1037 2520 D.
1146 2499 1195 2519 11.
1221 2489 1397 2520 Dominus
1415 2499 1474 2519 om.
1490 2490 1532 2518 H.
1623 2486 1792 2518 Selandia
1807 2488 1846 2518 D.

257 2541 305 2569 17.
331 2534 377 2562 D:
401 2531 544 2571 Colegio
560 2535 630 2563 MS.
766 2532 915 2562 Liliensi
930 2535 968 2564 D.
1114 2533 1163 2564 18.
1191 2533 1278 2563 Sum
1295 2555 1303 2563 .
1324 2557 1331 2563 .
1349 2556 1356 2562 .
1377 2541 1426 2571 19.
1444 2532 1556 2571 agunt
1571 2541 1629 2561 om.
1646 2533 1674 2561 D
1691 2530 1846 2570 (nosti-er

253 2574 339 2615 MS.)
472 2585 524 2606 21.
549 2575 665 2615 quoad
681 2577 767 2607 MS.:
793 2578 970 2615 quantum
987 2578 1028 2606 H.
1163 2586 1216 2615 24.
1245 2576 1395 2607 Causam
1412 2598 1420 2606 .
1439 2598 1447 2606 .
1469 2600 1476 2606 .
1495 2575 1547 2605 26.
1572 2574 1727 2614 Dorpius
1744 2583 1804 2604 om.
1820 2576 1848 2603 D

258 2628 324 2657 g25.
337 2618 408 2649 etia
419 2619 518 2660 ΜΞ.)
607 2620 661 2649 28.
680 2622 784 2649 canet
796 2622 865 2651 MS.
880 2632 886 2650 ε
906 2620 1004 2650 canit
1019 2622 1057 2649 D.
1140 2619 1439 2659 Archiepiscopus
1449 2641 1456 2649 .
1472 2641 1479 2649 .
1494 2641 1502 2650 .
1518 2627 1570 2657 29.
1583 2617 1846 2649 humanissime

254 2672 310 2692 om.
329 2664 367 2693 D.
523 2672 575 2700 32.
601 2663 727 2693 Atensi
743 2665 812 2694 MS.
830 2674 837 2694 :
861 2663 1012 2694 eruditis
1028 2666 1066 2693 D.
1224 2673 1277 2701 34.
1303 2663 1334 2692 is
1350 2672 1408 2693 om.
1426 2665 1464 2692 D.
1620 2670 1672 2701 37.
1698 2670 1737 2692 ac
1754 2663 1822 2692 MS.
1839 2673 1844 2691 z

255 2707 314 2735 aut
330 2708 367 2736 D.

301 2812 349 2832 11.
374 2802 539 2843 Marcius]
565 2804 617 2836 Cf.
636 2803 699 2843 Ep.
718 2805 793 2843 613.
806 2815 826 2844 3
843 2815 878 2836 n.
1128 2814 1179 2843 27.
1206 2803 1517 2844 Transinsulanis]
1533 2802 1729 2842 Overyssel.

342 2847 547 2887 pecuniam]
574 2848 624 2878 Cf.
643 2847 706 2887 Ep.
725 2857 799 2886 597.
818 2850 860 2879 26
876 2859 912 2880 n.
1129 2848 1181 2878 28.
1204 2846 1511 2888 Maguntinensis]
1534 2848 1598 2878 See
1615 2847 1679 2887 Ep.
1696 2847 1772 2877 661.

302 2889 350 2919 18.
378 2890 507 2931 Neuio]
531 2891 596 2921 See
612 2892 676 2930 Ep.
694 2892 758 2930 298
774 2892 906 2923 introd.
1129 2901 1181 2930 29.
1209 2891 1455 2932 Paraphrasis]
1480 2892 1543 2922 See
1560 2891 1623 2931 Ep.
1643 2900 1716 2929 710.

342 2933 525 2974 magister]
553 2934 605 2965 Cf.
625 2935 689 2974 Ep.
708 2936 783 2973 637.
806 2945 846 2965 10
860 2945 892 2966 n.
1129 2944 1182 2973 34.
1207 2934 1645 2975 Moecenas]LeSauvage;
1659 2932 1846 2972 cf.ll.45,6.

299 2977 352 3008 26.
375 2976 625 3019 Traiectensis]
650 2979 713 3008 See
729 2988 762 3017 p.
784 2988 832 3017 14.
1129 2980 1182 3016 36.
1208 2978 1401 3019 trecentos]
1427 2978 1478 3009 Cf.
1497 2978 1560 3018 Ep.
1576 2987 1650 3018 597.
1665 2978 1707 3008 26
1723 2986 1759 3009 n.
