2034 3433
256 458 296 479 10

254 1111 293 1132 20

254 2655 292 2678 10

314 145 395 183 412
774 143 1026 181 LETTERS
1063 142 1133 180 OF
1171 141 1435 182 ERASMUS
1777 141 1906 196 [1518

314 248 600 288 Christianum
621 247 820 286 Ouidium
839 247 1059 285 referunt?
1114 246 1191 285 Cui
1209 246 1276 285 vel
1295 246 1340 284 in
1370 245 1554 284 oratione
1579 245 1715 284 soluta
1733 246 1906 297 contigit

313 327 360 352 ea
378 314 552 352 facilitas
572 326 675 363 quae
695 311 771 349 tibi
791 313 835 349 in
855 311 972 349 omni
990 310 1186 349 carminis
1203 324 1351 361 genere
1364 311 1385 349 ἱ)
1441 310 1737 360 Eloquentiam
1760 314 1908 361 aequat

312 379 519 426 eruditi0;
557 381 598 416 et
626 380 835 426 vti-unque
864 376 1026 414 decorat
1055 375 1293 414 Christiana
1320 375 1460 425 pietas.
1521 375 1612 413 Iam
1646 375 1691 413 in
1725 376 1906 416 oratione

313 457 433 494 prosa
459 443 555 482 talis
582 456 624 481 es
650 444 698 480 vt
720 442 882 480 alienus
907 455 931 479 a
957 441 1139 479 carmine
1163 440 1298 479 videri
1323 440 1467 490 possis.
1527 440 1561 478 O
1580 453 1730 479 venam
1749 441 1907 490 ingenii

312 522 406 547 vere
426 509 616 547 auream!
674 507 758 545 Nec
778 520 801 545 a
824 506 922 545 stilo
946 519 1082 545 mores
1108 505 1344 553 abhorrent,
1367 505 1517 555 quibus
1540 505 1647 544 nihil
1676 506 1904 553 candidius,

313 573 420 611 nihil
439 572 683 623 simplicius,
701 571 809 611 nihil
827 573 964 622 potest
979 585 1067 610 esse
1086 571 1242 622 purius.
1305 571 1413 609 Rara
1431 571 1533 619 auis,
1551 570 1704 609 eximia
1724 570 1908 609 doctrina

312 639 401 676 sine
420 638 649 688 supercilio.
710 638 816 686 Quid
843 639 1030 687 superest
1050 637 1290 687 optandum,
1312 636 1372 673 mi
1393 636 1630 674 doctissime
1660 636 1802 683 Hesse,
1826 636 1907 675 nisi

311 705 357 741 vt
377 704 550 753 egregiis
569 703 653 741 tuis
673 703 851 750 dotibus,
875 715 978 752 quas
996 702 1149 751 partim
1169 702 1254 740 tuis
1273 701 1439 751 vigiliis,
1461 702 1614 751 partim
1639 702 1750 740 coelo
1771 701 1904 748 debes,

278 786 292 810 ς
312 769 477 807 fortuna
492 769 733 818 respondeat
745 770 765 807 ‘?
813 768 863 807 Id
879 769 951 806 fiet
965 768 1001 807 si
1019 768 1265 806 Germaniae
1284 767 1492 817 principes
1512 767 1692 817 ingeniis
1706 767 1907 805 honorem

312 834 461 872 habere
494 834 715 884 coeperint,
748 837 790 871 et
819 833 988 872 bellicae
1019 833 1171 883 gloriae
1202 833 1308 871 hanc
1337 846 1499 882 quoque
1526 832 1742 870 meliorem
1772 832 1909 870 laudis

311 900 545 949 portionem
573 899 850 937 adiunxerint.
920 899 983 937 Tu
1013 899 1119 936 mihi
1147 900 1258 936 terra
1288 898 1473 947 marique
1503 898 1702 936 visendus
1734 910 1833 945 eras,
1867 899 1910 935 et

313 964 422 1003 vltro
436 967 522 1003 tam
534 964 745 1002 immenso
754 965 924 1013 tamque
936 964 1165 1014 periculoso
1178 963 1326 1001 itinere
1341 963 1565 1001 Erasmum
1580 962 1686 1011 petit
1699 963 1910 1009 Eobanus,

311 1030 632 1069 homuntionem
655 1029 822 1068 visurus
850 1030 959 1068 fama
986 1029 1181 1079 maligna,
1207 1029 1277 1067 sed
1307 1030 1449 1066 tamen
1474 1028 1551 1066 hac
1574 1028 1662 1077 ipsa
1687 1028 1905 1066 minorem.

313 1095 417 1133 Mihi
442 1098 527 1134 tam
552 1095 716 1144 insigne
742 1095 905 1133 lucrum
934 1095 1129 1144 gratulor,
1153 1095 1223 1144 qui
1246 1107 1342 1132 cum
1363 1093 1496 1132 Hesso
1526 1106 1619 1131 meo
1643 1095 1706 1131 tot
1725 1092 1909 1143 egregios

312 1161 467 1199 amicos
494 1160 768 1199 lucrifecerim
787 1175 796 1208 ;
825 1163 943 1199 tuam
963 1160 1096 1199 vicem
1121 1160 1250 1207 doleo,
1273 1159 1344 1209 qui
1370 1161 1456 1197 tam
1482 1159 1566 1197 leui
1585 1159 1724 1197 fructu
1745 1160 1909 1197 tantum

312 1226 463 1265 laboris
491 1226 729 1275 susceperis,
787 1226 902 1264 Bene
928 1225 1030 1273 vale,
1065 1225 1311 1263 Germaniae
1344 1226 1508 1262 nostrae
1540 1224 1607 1262 vel
1641 1223 1909 1274 praecipuum

312 1293 444 1330 decus.
505 1291 693 1330 Louanii.
717 1290 818 1329 xiiii.
844 1291 925 1330 Cal.
951 1291 1175 1329 Nouembr.
1197 1303 1395 1329 M.D.X11x.

798 1432 847 1469 87
857 1433 892 1472 5.
955 1430 1020 1471 To
1050 1429 1078 1471 J
1081 1441 1177 1471 oHN
1210 1430 1419 1471 WERTER.

359 1496 519 1541 Farrago
538 1508 573 1540 p.
592 1505 650 1539 47.
1595 1496 1772 1532 Louvain.

359 1554 398 1588 F.
418 1566 454 1599 p.
473 1556 563 1590 218:
590 1553 681 1590 HN:
708 1554 824 1589 Lond.
842 1554 888 1588 iv.
908 1565 949 1599 3:
976 1554 1047 1589 LB.
1069 1565 1147 1599 340.
1518 1564 1559 1598 19
1577 1553 1741 1591 October
1762 1556 1860 1600 1518.

357 1634 383 1675 [⁶
397 1635 551 1665 Ioannes
572 1634 615 1665 de
628 1633 782 1673 Werter,
810 1634 943 1665 nobilis
956 1636 964 1652 ’
989 1634 1242 1665 matriculated
1263 1636 1300 1664 at
1320 1634 1444 1665 Erfurt
1467 1634 1700 1666 Michaelmas
1719 1644 1812 1674 1511,
1835 1635 1909 1666 and

314 1688 386 1709 was
413 1678 499 1709 B.A.
532 1687 626 1717 1513,
658 1678 751 1709 M.A.
782 1687 874 1717 1517.
924 1678 1063 1717 During
1089 1679 1164 1709 this
1191 1678 1317 1717 period
1341 1678 1386 1708 he
1415 1678 1641 1709 contributed
1669 1688 1765 1710 some
1790 1688 1910 1710 verses

313 1723 353 1752 in
369 1722 485 1761 praise
502 1722 540 1751 of
553 1721 611 1752 hie
624 1723 767 1760 master,
781 1721 803 1752 J
806 1722 934 1752 odocus
951 1722 1120 1761 Textoris‚
1136 1724 1173 1752 to
1188 1722 1251 1752 the
1264 1721 1400 1752 latter’s
1412 1722 1542 1752 second
1555 1722 1693 1753 edition
1706 1724 1744 1754 of
1753 1722 1910 1753 Cantali-

313 1765 398 1804 cius,
420 1766 554 1801 Erfurt,
574 1765 619 1796 M.
640 1765 761 1804 Maler,
785 1775 868 1804 1515
887 1766 958 1805 <see
973 1776 1005 1805 p.
1026 1766 1118 1805 410).
1168 1765 1224 1796 He
1241 1766 1493 1805 accompanied
1514 1766 1679 1797 Eobanus
1695 1767 1732 1797 to
1748 1766 1907 1797 Louvain

315 1809 374 1849 (cf.
390 1810 412 1840 J
416 1809 513 1839 oach.
534 1808 769 1839 Camerarius'
785 1811 937 1840 Narratio
952 1812 987 1840 sle
1004 1812 1139 1848 Εοὸαηο,
1161 1818 1253 1848 1553,
1274 1810 1314 1840 f0.
1333 1809 1405 1849 ΒΘ),
1423 1809 1495 1840 and
1515 1809 1700 1840 remained
1721 1810 1812 1840 with
1829 1810 1908 1840 him

313 1853 368 1882 for
393 1862 414 1883 a
440 1852 551 1883 while
572 1853 666 1883 after
691 1853 778 1892 they
802 1854 975 1883 returned
998 1855 1035 1883 to
1060 1852 1203 1891 Erfurt3
1230 1862 1288 1883 see
1314 1852 1422 1883 EHE.
1450 1863 1483 1892 p.
1512 1862 1585 1892 217,
1611 1854 1730 1884 where
1758 1854 1907 1894 Krause,

313 1898 354 1927 H.
374 1899 533 1935 Eobanus,
553 1896 575 1927 i.
593 1897 656 1935 296
670 1907 721 1936 n.,
737 1899 890 1927 corrects
906 1897 968 1927 the
986 1896 1170 1936 year-date
1187 1898 1223 1927 to
1243 1895 1354 1936 1518.]

644 1983 849 2013 ERASMVS
880 1984 1042 2014 IOANNI
1073 1983 1329 2014 VVERTERIO
1362 1984 1443 2014 SVO
1474 1984 1507 2013 S.
1533 1984 1575 2013 D.

367 2058 564 2104 EQVIDEM
584 2059 760 2097 antehac
779 2059 976 2109 putabam
999 2060 1227 2098 Germanos
1243 2058 1372 2097 armis
1388 2059 1591 2098 duntaxat
1605 2059 1786 2098 inuictos
1798 2071 1886 2098 esse
1900 2073 1908 2105 ;

315 2136 425 2162 nunc
446 2124 565 2162 video
586 2124 704 2162 nulla
723 2124 768 2162 in
791 2138 835 2163 re
855 2138 939 2163 non
960 2137 1050 2163 esse
1077 2124 1267 2172 inuictos,
1289 2126 1559 2174 posteaquam
1586 2126 1632 2162 tu
1659 2124 1710 2162 ab
1736 2124 1909 2163 Erasmo

313 2191 354 2226 et
374 2189 676 2228 valetudinario
698 2191 739 2227 et
759 2189 967 2228 scribendi
994 2189 1204 2228 laboribus
1229 2202 1334 2239 pene
1361 2190 1597 2228 exanimato
1624 2190 1763 2228 literas
1783 2190 1909 2228 etiam

316 2254 474 2293 ociosas
505 2257 746 2305 extorquere
779 2255 962 2305 potuisti.
1020 2255 1170 2294 Verbis
1204 2256 1396 2306 consequi
1425 2269 1628 2305 nequeam
1657 2269 1782 2306 quam
1802 2256 1910 2294 mihi

313 2322 456 2368 gratus
486 2319 541 2357 sit
568 2321 666 2358 tuus
694 2320 739 2358 in
767 2333 834 2358 me
863 2322 949 2360 tam
977 2333 1206 2370 propensus
1234 2320 1400 2359 animus
1416 2335 1425 2367 ;
1455 2323 1495 2359 et
1515 2321 1676 2359 vtinam
1695 2320 1910 2360 affectibus

311 2384 395 2422 tuis
442 2385 687 2434 respondere
735 2385 885 2424 liceret.
960 2386 1094 2434 Magis
1148 2388 1291 2424 tamen
1346 2385 1678 2436 philosophicum
1733 2385 1910 2425 arbitror

314 2450 661 2489 moderatioribus
699 2451 915 2489 affectibus
952 2451 1106 2490 amicos
1143 2452 1346 2502 prosequi,
1385 2454 1426 2489 et
1467 2451 1729 2501 tempestiuis
1766 2451 1909 2489 officiis

311 2515 450 2553 adesse
488 2516 754 2565 potiusquam
794 2516 1112 2565 superuacaneis
1145 2529 1325 2554 onerare.
1387 2516 1558 2565 Quoties
1591 2516 1750 2554 laborat
1787 2516 1909 2555 amici

312 2579 433 2626 fama,
455 2580 616 2629 quoties
637 2580 782 2618 morbo
801 2572 1011 2630 grauatur,
1036 2581 1196 2630 quoties
1215 2583 1306 2630 eget
1330 2580 1506 2630 pecunia
1531 2581 1603 2618 aut
1622 2580 1777 2630 alioqui
1796 2580 1908 2619 malo

314 2644 507 2693 quopiam
534 2645 749 2694 premitur,
773 2645 831 2683 ibi
858 2645 1055 2684 conuenit
1074 2645 1254 2684 amicum
1283 2657 1410 2694 agere,
1434 2644 1593 2682 mederi
1612 2645 1648 2683 si
1666 2644 1811 2682 liceat:
1842 2644 1908 2682 sin

311 2708 463 2756 minus,
487 2709 671 2748 oratione
705 2722 750 2747 ac
784 2709 918 2748 literis
954 2709 1086 2748 lenire
1122 2709 1371 2748 molestiam.
1429 2708 1603 2758 Alioqui
1640 2709 1748 2759 quod
1787 2708 1908 2747 officii

312 2786 444 2821 genus
464 2776 526 2812 est
546 2774 656 2823 quod
677 2776 717 2812 et
738 2776 1018 2824 praestantem
1037 2774 1164 2813 laedit
1189 2788 1263 2812 nec
1285 2775 1323 2812 ei
1343 2775 1408 2812 cui
1434 2775 1668 2823 praestatur
1687 2773 1908 2824 quicquam

317 2838 515 2886 prodest?
570 2840 659 2877 Aut
675 2839 794 2889 quale
816 2842 878 2878 est
897 2841 974 2878 hoc
993 2840 1200 2890 imputare
1218 2840 1350 2878 amico
1370 2839 1413 2877 in
1434 2839 1731 2877 beneficiorum
1750 2839 1908 2877 ratione

316 2903 426 2940 vnde
463 2904 534 2941 ille
572 2904 679 2942 nihil
714 2905 888 2943 senserit
923 2905 1164 2943 commodi?
1220 2903 1288 2942 Sic
1323 2904 1491 2954 quidam
1522 2904 1619 2942 diuo
1653 2904 1802 2942 Iacobo
1835 2903 1907 2941 im-

715 3002 789 3032 874.
816 3012 845 3040 7.
870 3003 1047 3041 contingit
1066 3005 1098 3034 Ο.
1234 3011 1286 3040 23.
1312 3010 1449 3033 M.D.X1x
1465 3002 1499 3035 β.
