2034 3433
143 167 244 221 853]
597 166 668 206 ΤΟ
706 165 858 206 JOHN
897 165 967 204 LE
1008 164 1281 205 SAUVAGE
1660 161 1738 199 351

142 286 282 314 comes
307 285 399 311 esse
427 272 627 320 recusaui,
649 284 735 310 non
765 270 918 309 saltem
949 269 1103 309 crebris
1131 268 1267 308 literis
1298 266 1594 307 celsitudinem
1624 267 1740 304 tuam

143 337 400 378 interuisam.
479 335 566 387 Ego
604 348 715 384 vero,
756 335 793 374 si
834 335 941 373 mihi
984 346 1228 384 persuasum
1264 333 1440 372 habeam
1477 329 1741 381 prudentiam

142 405 262 443 tuam
297 403 366 442 vel
393 401 634 452 desyderare
662 400 881 439 literarum
915 400 1097 438 officium
1125 397 1193 438 vel
1222 396 1463 436 huiusmodi
1500 394 1742 444 vulgaribus
1763 403 1780 435 5

143 468 288 508 officiis
318 467 535 507 aestimare
565 465 729 504 clientis
761 465 805 504 in
839 467 880 504 te
913 465 1116 512 animum,
1146 463 1278 502 nolim
1307 462 1416 501 mihi
1444 462 1521 500 hac
1550 460 1595 499 in
1621 472 1743 499 causa

143 533 273 573 vllam
303 531 575 583 quantumuis
604 530 760 569 iustam
790 530 1101 570 excusationem
1129 542 1218 568 esse
1246 527 1478 578 praesidi03
1512 525 1607 564 licet
1636 524 1742 563 illud

144 598 360 639 verissime
389 610 536 647 queam
565 595 709 644 dicere,
742 608 809 634 me
836 596 1039 634 hactenus
1070 607 1154 632 non
1182 594 1317 632 leuius
1348 591 1586 632 districtum
1614 590 1743 629 fuisse

143 663 380 704 studiorum
413 661 622 701 laboribus
657 674 782 711 quam
812 662 858 699 tu
892 660 1001 699 tanti
1033 659 1241 709 Principis
1275 661 1316 697 et
1349 671 1434 697 non
1468 657 1593 696 vnius
1628 656 1743 706 regni

145 729 328 779 negociis
366 726 651 777 distringaris:
697 726 864 765 etiamsi
897 739 983 764 non
1015 737 1163 775 negem
1192 726 1233 762 te
1271 724 1432 762 sarcina
1460 721 1743 772 splendidiore
1768 731 1805 753 10

145 793 289 845 premi,
324 793 511 842 grauiore
544 804 628 830 non
661 791 849 839 arbitror,
885 793 932 830 vt
971 790 1144 830 interim
1183 789 1358 828 culicem
1396 802 1492 827 cum
1525 787 1743 837 elephanto

144 872 401 910 componam.
461 857 583 896 Nunc
602 870 700 896 vero
720 870 816 896 cum
836 870 919 895 non
938 857 1128 906 ignorem
1153 857 1298 905 pectus
1318 854 1433 893 istud
1457 856 1589 901 tuum,
1613 851 1743 891 heroi-

146 937 242 964 cum
280 923 447 975 quidem
481 936 651 973 prorsus
690 925 731 961 et
768 922 939 961 homine
974 922 1110 960 maius
1148 920 1221 959 sed
1261 921 1403 958 tamen
1435 931 1578 965 vnum,
1615 917 1744 956 tantis

146 989 409 1041 negociorum
436 988 618 1027 molibus
645 988 828 1039 vndique
857 987 1027 1038 pulsari,
1054 1000 1140 1025 non
1170 985 1251 1024 alia
1280 985 1439 1023 ratione
1468 983 1575 1022 mihi
1602 982 1745 1021 videor

145 1057 190 1095 in
209 1058 252 1094 te
274 1054 490 1094 officiosior
514 1067 605 1093 esse
628 1067 749 1104 posse
774 1067 900 1104 quam
925 1053 961 1092 si
990 1051 1252 1092 salutationis
1284 1049 1415 1089 officio
1441 1049 1738 1098 supersedeam.
1767 1070 1803 1102 15

146 1121 257 1170 Quin
276 1119 414 1158 modis
440 1119 636 1158 omnibus
663 1119 773 1158 mihi
791 1119 934 1158 videar
965 1117 1296 1157 iniurius—tum
1321 1115 1367 1153 in
1391 1115 1546 1165 Regem
1566 1112 1745 1152 Catholi-

145 1199 253 1235 cum,
289 1185 356 1224 cui
387 1184 502 1223 velut
539 1184 708 1223 Atlanti
741 1186 789 1224 tu
824 1183 1020 1223 Herculis
1054 1196 1098 1222 es
1132 1182 1222 1221 vice
1258 1182 1342 1230 aut,
1375 1180 1412 1219 si
1449 1179 1597 1227 mauis,
1630 1177 1746 1217 velut

147 1250 322 1290 Herculi
341 1249 549 1288 Theseum
565 1251 771 1300 praestas;
802 1251 896 1288 tum
916 1249 961 1288 in
979 1248 1220 1288 vniuersam
1235 1244 1520 1296 potentissimi
1533 1242 1744 1294 Principis

147 1316 364 1362 ditionem,
389 1315 506 1353 euius
525 1314 719 1353 iuuandis
740 1314 865 1353 rebus
885 1326 1083 1364 superum
1103 1311 1362 1362 benignitate
1380 1311 1558 1349 donatus
1575 1309 1743 1356 videris,

145 1381 238 1419 —si
270 1381 311 1418 te
339 1380 578 1429 frequenter
606 1379 710 1418 meis
737 1379 871 1418 literis
901 1377 1181 1428 interpellem,
1213 1375 1464 1426 praesertim
1496 1373 1605 1412 nihil
1632 1372 1745 1411 aliud
1767 1383 1807 1404 20

147 1459 271 1497 quam
302 1445 492 1483 animum
518 1445 564 1482 in
593 1445 634 1483 te
662 1457 804 1483 meum
833 1444 1077 1483 testaturis:
1107 1454 1232 1492 quem
1259 1454 1334 1491 ego
1362 1452 1472 1487 sane,
1503 1438 1541 1477 si
1569 1437 1746 1476 facultas

146 1510 279 1552 animi
307 1509 447 1549 studio
480 1510 739 1560 respondeat,
775 1509 1042 1549 solidioribus
1073 1506 1333 1558 argumentis
1371 1504 1517 1543 testari
1556 1503 1747 1554 cupiam3

146 1579 188 1616 et
210 1575 460 1626 opitulatore
487 1575 656 1614 Christo
682 1577 914 1614 testaturus
941 1588 1037 1613 sum
1061 1573 1291 1623 aliquando,
1315 1571 1352 1610 si
1377 1570 1500 1609 modo
1523 1569 1568 1607 in
1594 1580 1746 1619 paucos

148 1654 280 1681 annos
300 1641 434 1681 vitam
454 1643 494 1679 et
513 1640 847 1680 incolumitatem
864 1640 1004 1690 superi
1024 1638 1199 1690 propicii
1217 1637 1462 1688 largiantur.

204 1706 324 1745 Nunc
362 1705 408 1743 in
441 1705 518 1744 hoc
556 1705 738 1756 pistrino
770 1705 817 1744 in
856 1705 964 1755 quod
1006 1705 1162 1743 memet
1200 1702 1366 1750 conieci,
1403 1699 1647 1739 molendum
1685 1700 1748 1738 est
1768 1710 1806 1741 25

149 1784 318 1811 menses
351 1771 521 1821 aliquot,
551 1773 591 1809 et
622 1770 869 1810 mortarium
903 1771 1010 1821 quod
1042 1771 1129 1820 ipse
1154 1767 1317 1813 intriui‚
1349 1765 1456 1805 mihi
1484 1763 1747 1804 exedundum

147 1840 237 1877 est:
266 1850 341 1876 nec
375 1838 516 1875 tamen
545 1836 659 1875 aliud
697 1836 872 1875 interim
906 1849 981 1885 ago
1016 1848 1144 1886 quam
1177 1833 1264 1883 agit
1298 1834 1372 1871 tua
1409 1830 1624 1878 celsitudo,
1660 1828 1749 1879 pari

147 1902 316 1952 quidem
345 1902 497 1949 studio,
520 1901 616 1940 licet
644 1902 796 1951 impari
826 1914 1013 1940 successu
1044 1913 1119 1939 nec
1147 1899 1237 1950 pari
1260 1897 1490 1948 splendore.
1551 1896 1614 1934 Tu
1634 1894 1750 1933 velut

148 1967 194 2006 in
223 1967 486 2005 celeberrimo
515 1966 644 2005 totius
675 1967 785 2005 orbis
813 1967 976 2005 theatro
1005 1978 1172 2004 summo
1201 1976 1296 2002 cum
1327 1962 1517 2001 omnium
1546 1959 1748 2010 applausu

150 2045 333 2080 versans,
376 2031 586 2081 Principis
623 2032 712 2070 eius
753 2032 923 2081 negocia
963 2030 1192 2069 moderaris
1230 2042 1253 2067 a
1291 2028 1407 2067 cuius
1449 2026 1571 2076 genio
1609 2037 1748 2063 rerum
1768 2022 1808 2053 30

152 2099 431 2137 humanarum
459 2104 624 2135 summa
649 2097 917 2146 potissimum
950 2096 1129 2146 pendere
1157 2095 1333 2141 videtur,
1365 2095 1407 2131 et
1434 2093 1494 2130 ita
1522 2089 1748 2129 moderaris

151 2165 198 2202 vt
226 2174 320 2200 cum
349 2161 422 2199 illo
450 2160 778 2211 pulcherrimum
808 2161 1014 2211 quoddam
1049 2162 1258 2199 certamen
1293 2158 1521 2207 suscepisse
1554 2154 1746 2203 videaris,

152 2230 295 2267 vtrum
328 2239 436 2264 vnus
466 2225 539 2264 ille
571 2225 786 2275 syncerius
816 2226 956 2276 regnis
987 2228 1072 2264 tam
1106 2225 1254 2263 multis
1284 2235 1499 2262 summum
1529 2222 1646 2271 gerat
1673 2220 1749 2259 im-

152 2292 315 2342 perium
343 2304 397 2329 an
425 2293 472 2329 tu
501 2303 612 2329 vnus
639 2292 713 2329 vni
739 2291 1031 2341 magistratum
1062 2289 1385 2339 amplissimum.
1441 2287 1529 2336 Ego
1559 2285 1747 2324 inclusus

151 2360 194 2398 et
216 2358 327 2396 inter
350 2355 477 2394 libros
504 2369 699 2395 mussans
728 2369 800 2406 pro
829 2369 920 2394 mea
947 2355 1061 2395 virili
1090 2354 1485 2393 honestissimorum
1514 2351 1749 2390 studiorum
1767 2362 1805 2393 35

154 2422 373 2472 negocium
401 2433 485 2470 ago,
513 2420 647 2459 nihilo
676 2421 811 2460 secius
839 2420 1007 2459 interim
1036 2422 1078 2458 et
1108 2419 1318 2468 Principis
1346 2430 1472 2468 agens
1502 2415 1748 2466 negocium:

154 2488 221 2526 cui
240 2487 325 2526 scio
345 2485 455 2523 nihil
472 2498 560 2524 esse
581 2486 713 2536 magis
733 2486 777 2524 in
796 2486 907 2524 votis
930 2498 1054 2536 quam
1075 2487 1121 2524 vt
1141 2484 1273 2534 ipsius
1292 2483 1490 2533 auspiciis
1511 2480 1750 2520 Christiana

156 2553 285 2603 pietas
299 2564 344 2589 ac
360 2551 538 2589 eruditio
554 2550 679 2601 digna
690 2551 941 2590 Christianis
955 2551 1089 2600 magis
1105 2563 1150 2588 ac
1165 2550 1297 2600 magis
1311 2549 1420 2599 apud
1435 2561 1511 2586 nos
1526 2545 1750 2585 efflorescat

154 2621 197 2657 et
211 2616 416 2656 latissime
431 2618 688 2666 propagetur.
747 2617 881 2666 Atqui
896 2616 1000 2655 ditio
1013 2616 1206 2654 fortassis
1220 2616 1358 2664 potest
1372 2613 1501 2652 armis
1518 2609 1750 2662 propagari,

155 2695 253 2721 vera
277 2680 422 2731 religio
449 2680 543 2719 aliis
573 2681 702 2731 copiis
727 2680 898 2731 aliisque
921 2680 1142 2730 praesidiis
1165 2679 1427 2730 propaganda
1450 2679 1526 2717 est.
1586 2676 1678 2715 Hac
1703 2674 1749 2713 in
1769 2689 1810 2720 40

156 2749 280 2799 parte,
309 2758 433 2795 quam
458 2759 533 2796 ego
561 2747 627 2785 vel
656 2747 895 2796 primariam
923 2758 1011 2784 esse
1036 2746 1148 2796 puto,
1172 2745 1208 2782 si
1230 2757 1316 2782 non
1345 2744 1481 2782 dicam
1505 2742 1652 2780 ducem
1678 2738 1748 2778 sed

156 2815 265 2852 certe
302 2812 535 2862 gregarium
572 2813 810 2863 quempiam
850 2812 1027 2850 militem
1062 2812 1237 2860 praesto,
1272 2823 1357 2848 non
1395 2821 1461 2846 me
1499 2805 1751 2857 poenituerit

157 2879 395 2917 decertasse.
455 2877 636 2916 Tantum
665 2891 736 2917 oro
761 2880 808 2917 vt
832 2876 1126 2916 communibus
1145 2875 1299 2914 nostris
1318 2873 1534 2912 conatibus
1556 2871 1750 2909 Christus

159 2944 250 2992 Opt.
287 2942 394 2981 Max.
421 2943 585 2992 aspiret.
645 2942 862 2993 Aspirabit
889 2944 1041 2990 autem,
1065 2941 1100 2980 si
1129 2953 1205 2979 nos
1233 2929 1418 2990 synceris
1442 2937 1595 2976 animis
1622 2935 1752 2984 illius,

670 3028 698 3057 3.
724 3018 857 3059 comes]
875 3017 925 3050 cf.
947 3017 1008 3056 Ep.
1026 3017 1092 3056 596
1107 3015 1239 3047 introd.
