2034 3433
93 162 194 217 844]
684 164 755 203 To
791 163 942 203 JOHN
981 165 1094 204 Eoi<
1610 166 1690 204 335

146 271 240 309 Iam
268 283 366 310 vero
392 270 501 321 quod
527 268 713 319 sequitur
741 269 786 307 in
812 269 985 319 epistola
1009 272 1091 318 tua,
1114 282 1199 308 non
1228 269 1356 319 potui,
1377 268 1518 317 fateor,
1539 268 1694 319 absque

90 336 178 375 risu
196 336 333 387 legere
352 351 360 375 :
393 338 402 355 ‘
417 334 734 386 Vnusquisque'
753 334 894 385 inquis
916 336 925 353 ⁴
937 334 1041 373 bene
1062 335 1216 374 iudicat
1236 347 1340 384 quae
1360 334 1465 373 bene
1485 335 1617 383 nouit,
1636 335 1695 373 ait

91 401 322 452 Stragirita.
382 400 502 439 Nihil
529 402 669 439 autem
698 402 760 438 est
784 400 892 449 quod
921 399 998 438 tibi
1027 400 1166 439 deesse
1190 399 1393 438 Erasmici
1416 412 1563 438 omnes
1592 400 1694 439 adeo

88 468 416 517 conqueruntur,
430 466 511 504 nisi
528 464 637 515 quod
655 465 707 503 A.
722 465 1010 515 Augustinum
1029 478 1114 503 non
1133 465 1308 515 legeris.’
1365 464 1482 503 Nihil
1501 464 1693 515 equidem

90 532 136 570 in
174 545 242 570 me
271 544 457 582 agnosco,
487 531 552 569 vir
580 529 752 580 egregie,
783 543 855 568 cur
882 530 1101 580 quisquam
1129 530 1232 569 velit
1261 543 1351 569 esse
1380 530 1631 579 Erasmicus‚
1653 532 1695 569 et
1717 536 1775 569 170

88 609 260 646 prorsus
284 597 352 635 odi
380 596 462 635 ista
489 594 758 634 dissidiorum
786 595 969 633 nomina.
1028 594 1186 634 Christi
1213 608 1360 634 sumus
1389 608 1546 643 omnes,
1577 598 1619 634 et
1647 596 1693 634 in

87 661 204 700 illius
240 661 366 700 vnius
395 660 570 711 gloriam
597 673 672 709 pro
700 672 776 698 sua
805 659 979 709 quisque
1015 659 1205 709 portione
1242 660 1451 699 sudamus.
1512 661 1591 700 Sed
1621 660 1694 711 qui

88 727 259 765 tandem
278 728 377 766 sunt
394 725 466 764 isti
485 724 689 763 Erasmici
713 737 843 774 vsque
868 725 968 763 adeo
995 724 1102 763 mihi
1124 725 1254 763 dediti
1273 728 1319 764 vt
1337 738 1434 774 prae
1455 726 1691 775 immodico,

86 792 248 842 opinor,
269 804 408 831 amore
427 789 671 829 existiment
689 802 756 827 me
776 802 991 839 nunquam
1010 790 1241 839 Augustini
1260 789 1387 829 libros
1407 790 1559 829 vidisse
1571 793 1591 829 ⁶?
1647 791 1693 830 Si

87 859 288 907 negarent
315 856 421 895 mihi
445 855 574 894 libros
599 855 725 893 huius
743 854 989 902 intellectos,
1013 855 1246 893 humanum
1275 857 1362 893 erat
1388 855 1623 894 conuicium
1652 859 1693 895 et
1713 864 1772 898 175

85 935 183 961 cum
203 922 352 961 multis
373 934 606 960 commune.
664 921 724 958 At
744 932 847 970 quae
867 919 922 958 sit
941 919 1204 970 impudentia
1217 920 1322 958 velle
1338 921 1579 969 scriptorem
1596 934 1692 959 911111

88 987 284 1037 scriptore
304 987 499 1035 conferre,
522 999 617 1025 cum
642 985 822 1024 alterum
848 985 1020 1024 omnino
1045 998 1130 1023 non
1155 985 1328 1035 legeris!
1382 986 1473 1024 Aut
1502 985 1574 1034 qui
1602 998 1692 1024 con-

88 1051 245 1090 iectura
273 1053 372 1092 haec
404 1052 450 1090 in
483 1051 669 1090 mentem
698 1050 848 1090 incidit
875 1050 1134 1089 Erasmicis‘?
1162 1064 1261 1090 nam
1288 1052 1448 1089 certum
1471 1051 1575 1089 scire
1606 1064 1693 1089 non

87 1120 263 1167 possunt
282 1117 382 1168 quid
401 1117 573 1167 legerim
599 1118 670 1155 aut
697 1129 783 1155 non
808 1115 993 1166 legerim.
1054 1116 1147 1154 Imo
1166 1116 1204 1154 si
1222 1118 1270 1154 tu
1290 1115 1455 1154 iuuenis
1475 1115 1621 1164 adhuc,
1645 1118 1692 1154 vt

85 1183 221 1230 audio,
262 1183 307 1220 in
345 1181 565 1231 Durandis,
609 1181 884 1229 Gabrielibus,
927 1181 972 1218 in
1009 1181 1200 1231 palestris
1236 1181 1494 1220 scholasticis
1526 1181 1692 1219 assidue
1712 1183 1772 1214 180

87 1260 258 1286 versans
271 1247 563 1297 Augustinum
584 1246 715 1297 legere
735 1246 920 1296 potuisti,
934 1246 1041 1284 mihi
1056 1245 1421 1296 quinquagenario,
1439 1245 1511 1295 qui
1529 1259 1693 1297 semper

86 1314 271 1351 veterem
304 1313 420 1352 illam
451 1312 706 1362 theologiam
738 1311 872 1362 magis
905 1325 999 1350 sum
1028 1311 1255 1362 amplexus,
1281 1324 1497 1361 nunquam
1527 1311 1690 1350 vacauit

89 1378 377 1428 Augustinum
400 1378 533 1427 legere
547 1379 567 1416 ἱ)
625 1377 766 1425 Quid?
804 1390 898 1415 cum
925 1376 1037 1415 hunc
1056 1376 1181 1415 toties
1199 1376 1324 1414 citem
1350 1375 1395 1414 in
1414 1375 1570 1414 libellis
1594 1378 1690 1415 ante

83 1442 320 1492 complures
357 1456 490 1481 annos
528 1442 663 1491 editis,
694 1455 778 1481 non
816 1442 959 1480 videor
995 1441 1142 1492 legisse
1180 1442 1400 1492 quicquam
1428 1441 1691 1491 Augustini?

87 1507 178 1556 Isti,
218 1509 330 1557 puto,
366 1508 542 1546 credunt
580 1520 648 1545 me
687 1520 771 1546 non
809 1506 956 1558 legisse
992 1507 1120 1546 libros
1156 1506 1409 1556 Hieronymi
1445 1506 1689 1556 priusquam
1711 1512 1770 1552 185

80 1572 248 1611 ederem
285 1572 401 1611 illius
439 1585 572 1622 opera.
633 1573 728 1611 Imo
765 1573 1055 1623 Augustinum
1087 1572 1274 1622 primum
1303 1572 1492 1610 omnium
1520 1572 1615 1622 legi,
1648 1575 1691 1611 et

86 1637 224 1687 relego
253 1637 413 1687 cotidie,
437 1639 598 1688 quoties
625 1651 691 1677 res
719 1638 913 1687 postulat.
972 1638 1028 1676 Et
1056 1651 1137 1688 quo
1163 1637 1297 1688 magis
1324 1637 1425 1687 lego,
1449 1637 1527 1675 hoc
1557 1637 1690 1688 magis

86 1702 194 1740 mihi
212 1702 345 1753 placet
365 1716 507 1741 meum
529 1703 577 1741 de
596 1705 771 1753 vtroque
791 1703 1002 1742 iudicium.

139 1766 312 1817 Fateris,
335 1768 614 1807 eruditissime
633 1769 709 1817 vir,
726 1782 794 1806 me
812 1768 997 1807 vicissim
1017 1768 1068 1806 de
1088 1770 1128 1806 te
1148 1767 1336 1806 diuinare
1352 1769 1372 1806 ‘?
1428 1767 1473 1806 Si
1493 1768 1622 1806 sentis
1641 1770 1688 1807 vt

79 1833 242 1880 scribis,
259 1847 346 1872 non
365 1834 506 1884 legisti
525 1836 677 1874 nostra.
736 1834 911 1884 Alioqui
930 1834 1099 1872 nullum
1117 1834 1245 1872 ferme
1260 1836 1324 1872 est
1344 1846 1445 1883 opus
1460 1833 1689 1883 Augustini
1710 1842 1770 1875 190

83 1898 195 1937 vnde
215 1911 301 1937 non
319 1899 547 1949 producam
566 1899 869 1947 testimonium,
891 1899 1003 1944 locis,
1026 1899 1072 1937 ni
1090 1899 1223 1947 fallor,
1245 1899 1340 1949 plus
1360 1899 1574 1938 sexcentis.
1633 1899 1690 1937 Et

86 1964 180 2012 post
207 1962 308 2001 haec
337 1964 514 2003 hortaris
540 1978 608 2003 me
634 1966 681 2003 vt
707 1964 906 2014 incipiam
924 1964 1040 2003 illius
1059 1964 1188 2003 libros
1212 1965 1429 2014 attingere.
1487 1964 1575 2014 Ego
1600 1977 1688 2002 can·

84 2027 227 2066 didius
246 2027 296 2066 de
316 2030 356 2067 te
377 2029 520 2077 sentio,
544 2029 610 2067 9111
634 2031 737 2078 puto
757 2029 864 2067 nihil
891 2042 977 2068 non
1005 2029 1160 2067 lectum
1180 2044 1189 2076 ;
1218 2030 1289 2068 sed
1319 2030 1460 2067 tamen
1493 2028 1689 2067 adhortor

86 2094 134 2130 vt
153 2093 357 2131 attentius
375 2092 488 2144 legas
508 2093 829 2144 Hieronymum,
846 2096 887 2133 et
905 2094 1079 2144 pedibus
1097 2095 1142 2133 in
1163 2108 1301 2133 meam
1321 2094 1504 2133 discedes
1523 2096 1687 2132 senten-

86 2157 200 2196 tiam.
259 2158 416 2197 Verum
435 2158 504 2197 hic
523 2159 698 2198 fortasse
717 2158 854 2198 locum
874 2159 1069 2198 habuerit
1087 2159 1366 2199 Horatianum
1386 2159 1501 2207 illud,
1708 2164 1767 2197 Ι95

357 2244 459 2283 Tres
488 2245 596 2283 mihi
625 2246 822 2284 conuiuae
849 2259 973 2296 prope
1002 2246 1221 2285 dissentire
1249 2246 1454 2293 videntur,

358 2310 581 2349 Poscentes
610 2310 724 2349 vario
752 2311 934 2349 multum
964 2311 1127 2350 diuersa
1156 2311 1318 2361 palat03

85 2399 158 2436 aut
177 2397 282 2435 illud
304 2397 615 2445 Terentianum.
632 2397 740 2445 Quot
758 2398 961 2443 homines,
979 2400 1041 2436 tot
1061 2398 1301 2437 sententiae.
1351 2397 1481 2437 Certis
1501 2410 1685 2448 agamus.

87 2462 219 2500 Nemo
240 2462 411 2512 negabit
429 2462 659 2511 plurimum
679 2476 767 2501 esse
787 2464 990 2501 momenti
1009 2463 1139 2502 situm
1159 2463 1203 2502 in
1223 2462 1355 2513 patria
1373 2465 1414 2501 et
1429 2462 1680 2502 educatione.

86 2526 377 2576 Hieronymus
405 2527 600 2566 Stridone
627 2529 768 2576 natus,
788 2528 896 2578 quod
926 2528 1124 2578 oppidum
1147 2528 1207 2566 sic
1233 2528 1379 2566 Italiae
1408 2528 1594 2567 vicinum
1622 2530 1686 2566 est
1704 2541 1766 2564 200

86 2593 134 2629 vt
153 2591 255 2630 Itali
274 2591 354 2630 sibi
376 2591 614 2639 vindicent;
644 2592 798 2631 Romae
825 2593 1020 2631 educatus
1042 2593 1087 2632 in
1106 2593 1205 2631 vrbe
1229 2592 1426 2643 primaria
1448 2592 1527 2631 sub
1553 2592 1684 2631 erudi-

87 2655 263 2694 tissimis
283 2656 394 2695 viris.
453 2657 722 2708 Augustinus
741 2658 786 2696 in
806 2657 949 2696 Africa
975 2658 1140 2708 regione
1165 2657 1351 2705 barbara⁷
1370 2658 1415 2695 in
1443 2670 1523 2707 qua
1545 2657 1684 2696 studia

134 2760 204 2790 168.
235 2759 405 2798 Stagirita
427 2759 484 2791 N3.
688 2762 760 2800 169.
785 2762 1054 2799 conqueruntur
1078 2763 1127 2790 D:
1156 2762 1422 2800 conquerantur
1445 2763 1503 2797 Ep.
1531 2761 1606 2800 769.
1629 2769 1682 2800 93.

90 2812 160 2841 177.
188 2802 263 2833 Aut
278 2801 342 2833 1³¹:
366 2803 417 2834 At
432 2802 485 2834 ΒΞ.
625 2813 694 2843 195.
719 2804 778 2835 hic
794 2803 857 2834 D2:
882 2804 940 2834 his
956 2802 1008 2835 Dl.

135 2893 206 2930 167.
234 2890 370 2931 inquis]
388 2890 450 2930 Ep.
470 2892 543 2930 769.
560 2900 654 2930 92—4.
929 2891 999 2930 Ep.
1020 2892 1107 2931 164).

130 2935 201 2965 180.
226 2933 424 2974 Durandis]
443 2933 506 2965 See
522 2934 587 2973 Ep.
604 2935 677 2973 396.
694 2944 783 2974 90n.
966 2936 1034 2965 186.
1059 2933 1235 2974 primum]
1253 2935 1317 2965 See
1332 2934 1401 2966 vol.
1420 2936 1442 2973 i,
1458 2944 1492 2974 p.
1505 2943 1580 2972 590.

174 2976 422 3018 Gabrielibus]
439 2977 502 3008 See
519 2977 582 3017 Ep.
601 2985 675 3016 575.
691 2987 733 3017 32
743 2987 778 3010 11.
967 2987 1037 3016 195.
1065 2977 1323 3018 Horatianum]
1337 2980 1396 3015 Ep.
1415 2987 1444 3008 2.
1463 2987 1493 3009 2.
1509 2979 1599 3018 61‚2„

136 3021 206 3062 183.
230 3020 380 3062 libellis]
404 3030 432 3052 e.
449 3031 478 3061 g.
496 3022 535 3051 in
558 3021 622 3052 the
645 3023 850 3053 Evzchirz'clion
967 3022 1038 3060 198.
1061 3020 1334 3062 Terentianum]
1351 3024 1406 3053 Ph.
1422 3031 1497 3060 454.
