2034 3433
281 1147 298 1178 5

273 2522 308 2543 10

275 2847 309 2878 15

318 162 396 200 434
779 160 1030 200 LETTERS
1068 159 1138 198 OF
1176 158 1442 199 ERASMUS
1784 156 1910 212 [1518

317 265 504 304 codicum
526 264 776 316 deprauatio‚
793 264 894 302 alios
910 276 1047 301 rerum
1064 262 1303 303 obscuritas,
1350 264 1464 302 Bene
1482 263 1580 310 vale,
1597 262 1720 301 Pater
1739 264 1905 314 optimo,

317 333 359 370 et
383 331 608 369 Erasmum
627 329 796 380 posthac
818 328 863 366 in
883 330 1001 366 tuam
1022 327 1259 367 clientelam
1278 328 1501 366 asscribito.

371 394 546 434 Louanii
576 409 598 433 e
629 394 798 444 collegio
832 393 1016 432 Liliensi.
1075 393 1201 432 Anno
1233 406 1447 432 M.D.XV111.
1508 406 1564 431 1x.
1589 390 1911 447 Calend[end]as

318 460 586 500 Nouembres.

827 554 923 593 895.
984 553 1048 593 To
1080 552 1206 594 JOHN
1237 552 1402 594 SMITH.

365 642 551 676 Deventer
568 640 644 676 MS.
661 651 716 686 91,
735 640 758 675 f.
779 651 823 686 29
840 646 890 675 v0.
1575 640 1757 686 Louvain.

366 698 436 733 LB.
456 697 553 744 App.
574 709 652 743 300.
1467 708 1508 743 25
1531 698 1695 735 October
1711 697 1865 748 (1518).

769 791 974 821 ERASMVS
1004 791 1165 822 IOANNI
1197 790 1338 821 SMITH
1371 791 1404 820 S.
1427 792 1469 822 D.

370 870 569 908 DEMIROR
589 882 713 919 quare
732 869 853 908 nobis
875 869 1028 908 dixeris
1056 869 1274 908 duodecim
1299 869 1510 919 angelatos
1536 882 1559 907 a
1586 868 1701 907 Moro
1729 868 1847 907 datos
1872 869 1912 906 et

318 935 505 973 Arnoldo
525 934 778 973 commissos.
837 934 946 973 Nam
966 948 1040 984 ego
1064 935 1197 973 fretus
1223 934 1345 973 dictis
1372 934 1457 973 tuis
1482 934 1762 985 syngrapham
1787 932 1838 972 ab
1865 946 1914 972 eo

317 1000 461 1050 recepi,
491 1013 616 1050 quam
642 1001 784 1050 postea
810 1000 942 1039 coacti
968 1013 1114 1039 sumus
1140 1001 1314 1038 mutare.
1375 1000 1455 1039 Fac
1480 1002 1527 1039 vt
1553 999 1681 1038 sciam
1711 999 1915 1049 quomodo

317 1065 466 1104 valeas.
527 1065 613 1104 Nos
640 1079 725 1104 non
752 1065 879 1104 semel
908 1066 952 1103 in
980 1078 1146 1104 summo
1171 1065 1282 1105 vitae
1310 1066 1494 1116 periculo
1520 1065 1688 1104 fuimus.
1743 1063 1850 1103 Vide
1869 1066 1915 1103 vt

318 1130 487 1169 domino
521 1133 593 1169 tuo
625 1130 802 1169 fideliter
835 1131 1039 1170 inseruias
1077 1132 1119 1169 et
1154 1144 1178 1170 a
1210 1131 1418 1170 consortio
1451 1131 1659 1169 malorum
1691 1129 1912 1169 abstineas.

319 1196 427 1235 Oaue
446 1196 489 1234 in
509 1195 656 1246 primis
676 1209 729 1234 ne
751 1197 941 1246 contagio
961 1195 1136 1235 alicuius
1157 1196 1336 1235 scabiem
1359 1196 1561 1235 Gallicam
1577 1195 1655 1234 tibi
1674 1195 1914 1234 contrahas:

319 1260 474 1300 Christi
502 1274 553 1299 ne
576 1274 758 1311 vnquam
784 1261 1052 1309 obliuiscaris,
1081 1262 1152 1300 sed
1182 1262 1369 1312 quotidie
1399 1261 1555 1300 salutes
1583 1275 1631 1300 ex
1660 1260 1811 1300 animo.
1871 1260 1916 1300 Si

319 1326 418 1376 quid
445 1326 514 1364 hic
539 1340 564 1365 a
587 1340 654 1364 me
678 1326 767 1365 fieri
787 1326 902 1375 velis,
929 1326 1080 1365 lubens
1105 1327 1267 1366 faciam.
1329 1327 1443 1366 Bene
1463 1327 1564 1375 vale,
1589 1327 1648 1365 nii
1674 1324 1916 1365 charissime

319 1391 508 1430 Ioannes.
569 1391 742 1430 Louanii
765 1394 786 1428 8
809 1392 882 1431 cal.
904 1392 1094 1431 nouemb.

663 1523 851 1578 86ss8969⁰6
913 1524 1042 1565 FROM
1076 1523 1296 1564 VVILLIAM
1329 1525 1562 1565 BUDAEUs.

370 1614 531 1659 Farrago
549 1627 584 1659 p.
604 1624 659 1648 21.
1609 1613 1724 1649 Paris.

369 1673 407 1707 F.
428 1685 462 1718 p.
485 1674 572 1715 187:
599 1671 689 1707 HN:
717 1672 836 1708 Lond.
855 1671 910 1707 iii.
934 1682 998 1717 54:
1025 1672 1097 1706 LB.
1116 1682 1194 1716 343.
1466 1682 1507 1718 31
1529 1671 1691 1708 October
1711 1671 1865 1719 (1518).

403 1775 660 1806 GVLIELMVS
692 1774 907 1814 BVDAEVS,
940 1774 1178 1805 HACTENVS
1209 1774 1377 1804 ERASMI
1409 1775 1587 1812 AMICVS,
1620 1775 1830 1805 VLTIMAM

828 1843 1031 1872 SALVTEM
1064 1843 1191 1873 DICIT
1222 1842 1415 1873 ERASMO.

376 1925 542 1963 ΜΕΜΙΝΙ
562 1937 628 1963 me
648 1924 699 1963 ad
715 1926 755 1963 te
774 1923 994 1974 aliquando
1008 1923 1260 1962 scribentem
1277 1924 1563 1963 huiuscemodi
1577 1924 1703 1963 verba
1713 1924 1915 1975 posuisse:

326 1990 442 2028 ‘Non
471 1989 614 2027 minus
641 1991 682 2028 te
710 1989 809 2028 noui
837 2002 961 2039 quam
991 1990 1037 2027 tu
1066 1990 1159 2027 me.'
1227 1988 1315 2037 Qua
1341 1989 1386 2027 in
1414 2002 1458 2027 re
1487 2002 1611 2039 quam
1639 1989 1760 2039 longe
1789 1989 1916 2029 falsus

323 2055 518 2105 opinione
531 2054 692 2103 fuerim,
711 2068 822 2093 nunc
836 2055 1020 2104 primum
1035 2054 1222 2092 intellexi
1235 2067 1284 2092 ex
1298 2053 1472 2104 epistola
1486 2054 1560 2093 illa
1573 2056 1645 2094 tua
1658 2055 1916 2093 stomachosa

322 2120 519 2170 perlecta,
539 2133 663 2170 quam
692 2122 738 2159 tu
767 2121 818 2159 ad
848 2133 915 2158 me
944 2119 1119 2158 Louanii
1149 2118 1321 2158 dedisti:
1352 2120 1550 2167 nondum,
1571 2121 1618 2158 vt
1647 2120 1836 2169 arbitror,
1865 2120 1916 2158 ab

324 2186 395 2224 illa
414 2185 549 2224 morbi
568 2185 760 2223 molestia
772 2185 894 2234 plane
909 2185 988 2223 tibi
1003 2184 1234 2232 restitutus,
1251 2185 1322 2222 aut
1337 2186 1443 2223 certe
1462 2184 1579 2223 mihi.
1640 2185 1749 2223 Nam
1765 2185 1836 2236 qui
1850 2198 1918 2223 me

325 2264 409 2289 non
436 2250 622 2288 aduersis
649 2250 803 2289 Gratiis
830 2252 967 2288 tecum
993 2249 1221 2288 amicitiam
1249 2249 1508 2299 auspicatum
1534 2262 1622 2288 esse
1646 2250 1917 2299 sperabam-

323 2315 492 2354 homine
523 2315 666 2365 vtique
698 2315 849 2365 leporis
883 2318 923 2354 et
955 2315 1196 2353 facetiarum
1226 2314 1514 2353 amantissimo
1545 2317 1668 2365 atque
1701 2315 1837 2354 omnis
1870 2317 1918 2354 vt

324 2380 570 2419 vrbanitatis
593 2380 931 2430 prudentissimo,
956 2380 1012 2418 sic
1040 2380 1224 2418 iocorum
1247 2379 1629 2429 intelligentissimo
1649 2381 1690 2418 et
1708 2379 1917 2430 patientis-

324 2446 431 2484 simo
450 2460 459 2493 ;
489 2445 657 2495 quicum
682 2445 827 2483 stilum
857 2445 990 2484 animi
1017 2457 1137 2483 causa
1162 2457 1348 2483 exercere
1372 2444 1502 2483 libere
1521 2458 1694 2495 possem,
1717 2445 1919 2484 inoffenso

326 2511 452 2549 initae
468 2510 577 2549 inter
593 2523 667 2548 nos
677 2512 716 2549 et
732 2510 979 2548 constitutae
994 2511 1076 2548 iam
1091 2509 1295 2548 amicitiae
1308 2512 1448 2548 tenore
1457 2531 1520 2557 —-,
1537 2523 1649 2548 nunc
1661 2523 1728 2548 me
1741 2510 1779 2560 (ο
1792 2523 1919 2550 vanas

326 2589 487 2625 semper
516 2589 609 2625 spes
637 2588 750 2614 meas
764 2576 788 2625 Σ)
822 2575 1038 2623 rusticum,
1069 2575 1305 2623 absurdum,
1344 2576 1664 2625 praeposterum,
1705 2575 1916 2622 stolidum⁷

328 2641 612 2679 refractarium
641 2641 1010 2690 offensatoremque
1040 2652 1127 2678 esse
1151 2638 1394 2678 collusorem
1421 2639 1624 2690 intelligo,
1655 2653 1700 2678 ac
1738 2639 1917 2690 spinosis

328 2707 438 2755 iocis,
461 2706 665 2755 aculeatis,
683 2705 883 2744 ominosis
902 2705 1121 2744 vitandum
1137 2706 1178 2742 et
1193 2704 1479 2752 auersandum,
1498 2706 1545 2743 vt
1560 2705 1710 2743 bouem
1726 2703 1918 2743 cornibus
1965 2740 1967 2743 .

329 2771 546 2809 obuolutis.
617 2772 708 2810 Stat
746 2771 858 2809 enim
891 2770 1097 2809 sententia
1128 2770 1187 2807 ita
1225 2768 1399 2816 credere,
1436 2770 1601 2819 quando
1639 2769 1717 2808 tibi
1754 2769 1917 2820 tuisque

329 2836 593 2874 iuratissimis
627 2836 772 2875 amicis
806 2836 865 2875 ita
895 2836 1034 2874 visum
1062 2836 1151 2882 est3
1192 2847 1366 2884 quorum
1395 2834 1538 2885 vtique
1567 2834 1768 2873 iudicium
1798 2834 1917 2883 longe

373 2962 447 2993 895.
480 2972 510 2992 2.
544 2960 722 3002 Arnoldo]
757 2961 934 3001 Probably
969 2960 1089 2991 Birck-
1201 2968 1231 2998 5.
1256 2958 1418 2999 domino]
1436 2959 1556 2998 More;
1573 2959 1615 2990 cf.
1629 2959 1692 2999 Ep.
1703 2959 1777 2998 829.
1793 2958 1831 2988 18
1843 2966 1917 2996 seq.

332 3015 425 3036 man.
1201 3002 1276 3033 896.
1304 3013 1330 3034 1.
1354 3002 1561 3043 aliquando]
1586 3002 1648 3043 Ep.
1667 3011 1742 3042 493.
1762 3010 1871 3039 224,5.
