2034 3433
118 144 215 199 619]
587 145 739 184 FROM
777 145 1036 186 RIOHARD
1074 145 1220 184 PAGE
1643 146 1694 184 39

170 250 396 302 Postquam
410 264 460 290 ex
472 250 636 290 Basilea
651 250 756 289 mihi
771 250 983 301 scripsisti,
997 250 1126 290 vitam
1141 249 1444 289 odiosissimam
1461 252 1502 289 et
1517 263 1540 289 a
1554 253 1698 290 natura
1715 272 1757 301 40

116 329 208 356 mea
230 316 526 357 alienissimam
552 316 718 355 traduxi
733 331 742 364 ;
772 330 870 355 nam
887 316 1040 367 partim
1059 315 1168 354 bello
1186 315 1309 366 (quod
1329 329 1424 354 cum
1444 315 1574 354 Musis
1592 315 1699 354 nihil

117 381 241 421 habet
267 382 501 431 commune)
518 381 699 429 interfui,
723 381 767 420 in
787 395 866 433 quo
889 381 1022 431 magis
1050 383 1214 420 strenue
1242 380 1463 431 spoliatum
1492 383 1555 419 est
1577 393 1699 431 quam

116 450 347 498 pugnatum
364 461 374 495 ;
401 446 553 497 partim
567 446 804 497 principum
818 447 994 497 negotiis
1009 444 1397 497 implicatis(s)imus
1408 446 1477 494 fui,
1493 445 1539 484 in
1552 445 1701 496 quibus

118 513 299 552 maxime
326 512 559 551 laboratum
589 513 651 551 est
668 514 714 552 vt
744 512 850 551 nihil
878 512 983 551 bene
1008 511 1134 550 fieret.
1195 511 1302 550 Nam
1321 524 1445 562 quem
1470 511 1599 550 finem
1626 510 1702 550 hec

120 578 260 617 omnia
278 579 377 616 sunt
395 577 548 624 sortita,
570 577 688 625 fama,
711 579 867 616 certum
887 577 980 626 scio,
1001 577 1051 615 ad
1072 578 1111 616 te
1129 576 1334 626 perlatum
1352 578 1415 615 est
1429 590 1440 623 ς
1469 576 1537 615 vel
1555 575 1701 615 saltem
1721 597 1763 628 45

118 642 165 681 in
192 656 300 682 noua
329 642 435 681 Mori
462 642 594 681 nostri
616 643 822 692 Vtopiana
850 642 1077 692 Republica
1105 642 1211 681 clare
1238 641 1489 690 intellexisti,
1521 641 1593 680 vbi
1620 640 1704 692 agit

120 721 234 747 more
253 721 329 746 suo
348 708 398 747 de
415 707 600 758 fugiente
620 707 790 758 Neapoli
809 710 850 746 et
869 707 962 746 aliis
981 706 1176 746 omm'bus
1194 707 1275 746 huc
1293 706 1583 757 spectantibus.

174 773 228 812 In
254 774 395 812 eadem
422 773 538 812 cuius
563 786 685 824 supra
708 773 964 811 mentionem
984 773 1062 811 feci
1079 772 1261 822 epistola,
1283 772 1580 811 effusissimum
1599 771 1704 810 mihi

121 839 253 878 risum
281 838 415 878 mouit
443 838 661 888 collegium
689 838 806 886 illud,
839 838 946 887 quod
977 837 1107 887 graui,
1138 839 1184 876 vt
1214 838 1284 886 ais,
1316 839 1484 877 senatus
1517 836 1706 876 consulto

123 904 232 943 cauit
262 917 312 942 ne
331 904 424 953 quis
449 904 616 942 Nouum
635 903 946 942 Testamentum
972 904 1044 941 tua
1072 902 1275 942 industria
1301 903 1576 953 maximisque
1602 901 1708 941 labo·
1727 926 1766 957 50

123 969 238 1008 ribus
262 969 540 1008 instauratum
565 968 703 1018 ‘equis
728 969 800 1006 aut
824 967 1003 1006 nauibus
1027 969 1100 1006 aut
1122 967 1318 1017 plaustris
1342 970 1413 1007 aut
1431 967 1581 1006 baiulis
1599 968 1708 1005 intra

122 1034 210 1073 eius
238 1033 400 1084 collegii
423 1032 606 1084 pomeria
629 1033 845 1071 inueheret
859 1033 879 1071 ³.
940 1032 1060 1072 Istud
1080 1032 1302 1083 coHegium
1330 1035 1376 1072 tu
1397 1033 1708 1085 θεολογικώτατον

123 1111 261 1146 vocas;
289 1099 361 1138 sed
375 1112 448 1149 ego
460 1112 513 1137 ne
526 1098 705 1150 θεολόγον
715 1098 892 1148 quidem,
907 1098 1036 1137 immo
1046 1097 1117 1137 vix
1130 1099 1356 1148 ἀνθρώπινον
1366 1098 1511 1137 iudico.
1553 1098 1662 1137 Nam
1675 1097 1710 1135 si

124 1166 230 1203 esset
243 1164 352 1202 inter
364 1164 459 1202 illos
471 1163 537 1203 vel
552 1163 683 1213 pietas
695 1163 812 1214 (quae
826 1163 1111 1213 theologorum
1125 1163 1314 1213 precipue
1327 1165 1460 1202 mater
1475 1176 1560 1202 esse
1576 1162 1710 1210 debet)

124 1229 191 1268 vel
202 1228 440 1268 humanitas
454 1227 520 1268 vel
534 1229 730 1278 doctrina,
745 1242 830 1267 non
845 1229 1049 1279 optimum
1064 1230 1104 1267 et
1120 1228 1405 1267 doctissimum
1421 1241 1522 1278 opus
1536 1228 1710 1278 pessime
1731 1247 1769 1279 55

125 1297 166 1333 et
192 1293 503 1344 imperitissime
529 1294 822 1344 vituperarent,
849 1294 1141 1343 conuellerent,
1169 1293 1404 1342 lacerarent,
1433 1295 1473 1332 et
1499 1293 1607 1344 quod
1636 1292 1712 1331 for-

125 1363 231 1400 tasse
249 1372 464 1410 nunquam
482 1359 678 1398 viderunt
693 1361 750 1410 (et
767 1359 802 1398 si
820 1359 1020 1408 viderent,
1042 1372 1127 1398 non
1147 1358 1452 1409 intelligerent),
1474 1358 1712 1408 turpissime

126 1426 388 1465 damnarent:
419 1438 499 1474 qua
519 1424 564 1463 in
584 1437 626 1462 re
645 1424 847 1463 iudicium
866 1426 928 1463 est
947 1424 1124 1472 nullum,
1146 1424 1217 1463 sed
1237 1424 1532 1462 maleuolentia
1547 1423 1714 1473 quiduis

124 1491 263 1542 potius
293 1503 418 1540 quam
445 1489 682 1539 theologica,
704 1503 756 1528 ne
784 1490 920 1529 dicam
947 1489 1070 1539 plane
1096 1489 1234 1539 impia.
1294 1489 1411 1538 Quod
1441 1488 1551 1527 nihil
1576 1488 1714 1527 huius-

125 1556 238 1596 modi
264 1555 346 1594 nisi
373 1568 423 1593 ex
450 1554 693 1594 auctoritate
722 1554 924 1605 generalis
952 1554 1117 1593 concilii
1145 1554 1237 1593 fieri
1258 1554 1416 1603 volunt,
1443 1554 1556 1593 istud
1584 1554 1716 1603 magis
1733 1561 1774 1592 60

126 1621 233 1660 mihi
260 1620 485 1660 ridiculum
503 1620 668 1659 videtur
689 1634 810 1670 quam
840 1620 921 1670 ipsi
948 1620 1147 1659 homines.
1208 1620 1333 1669 Quasi
1358 1632 1455 1659 vero
1483 1632 1570 1658 non
1597 1619 1717 1657 liceat

126 1699 282 1726 errores
309 1685 518 1725 emendari
546 1687 586 1724 et
614 1686 764 1724 menda
792 1685 971 1736 insignia
996 1699 1046 1723 ex
1070 1684 1190 1724 libris
1213 1685 1318 1733 tolli,
1342 1685 1421 1723 nisi
1449 1685 1526 1723 hoc
1555 1683 1716 1723 concilii

128 1751 299 1791 mandet
323 1750 568 1790 auctoritas!
625 1750 743 1799 Quod
769 1750 805 1789 si
831 1750 999 1789 omnino
1018 1749 1166 1789 volunt
1184 1750 1414 1795 defendere,
1434 1763 1505 1789 cur
1527 1749 1717 1788 homines

128 1817 312 1868 quotidie
342 1817 560 1867 peccantes
588 1829 612 1855 a
639 1815 814 1866 peccatis
841 1815 1062 1854 absoluunt
1089 1816 1242 1866 absque
1269 1815 1418 1865 synodi
1445 1815 1718 1854 auctoritate?

129 1882 235 1922 Nam
260 1882 354 1930 hoc,
372 1894 465 1920 meo
492 1881 652 1930 iuditio,
675 1882 811 1920 maius
836 1882 901 1920 est
926 1894 1052 1931 quam
1077 1881 1184 1930 quod
1207 1882 1254 1919 tu
1274 1881 1420 1929 fecisti,
1443 1880 1648 1930 siquidem
1667 1880 1718 1918 ad
1736 1885 1776 1926 65

128 1947 388 1986 liberandam
412 1947 545 1997 ipsam
573 1947 758 1986 animam
776 1947 843 1986 vel
869 1947 1078 1997 perpetuis
1104 1946 1317 1997 suppliciis
1336 1946 1614 1985 damnandam
1636 1958 1719 1995 per-

130 2013 262 2061 tinet3
300 2012 384 2051 nisi
410 2012 582 2051 fortasse
609 2012 757 2052 volunt
785 2012 957 2051 obiicere
983 2012 1060 2051 hoc
1089 2012 1238 2062 synodi
1266 2011 1438 2050 decretis
1465 2011 1715 2061 imperatum

131 2091 229 2118 esse.
290 2078 406 2126 Quod
441 2078 477 2116 si
509 2079 582 2127 est,
616 2078 807 2128 equidem
839 2090 914 2116 nec
941 2077 1047 2116 illud
1075 2091 1099 2116 a
1127 2077 1275 2127 synodi
1303 2077 1473 2115 decretis
1500 2076 1717 2115 abhorrere

133 2143 288 2194 opinor,
310 2144 358 2182 vt
383 2155 527 2181 omnes
553 2142 652 2181 libri
675 2143 742 2182 vel
772 2143 1030 2182 continentes
1048 2142 1115 2181 vel
1140 2142 1409 2192 explanantes
1428 2141 1582 2181 Christi
1609 2154 1720 2191 prae-

133 2210 249 2259 cepta
268 2207 474 2246 emendati
498 2209 594 2258 puri
618 2210 658 2247 et
683 2208 912 2258 incorrupti
936 2208 1137 2258 legantur.
1199 2208 1338 2257 Atque
1355 2208 1402 2245 vt
1420 2206 1496 2244 tibi
1524 2207 1565 2244 et
1586 2202 1718 2258 [quid]
1742 2220 1782 2254 70

134 2274 184 2312 de
210 2272 291 2311 isto
319 2271 490 2321 collegio
518 2273 560 2310 et
588 2272 699 2310 Noui
726 2272 983 2311 Testamenti
1012 2272 1192 2311 editione
1222 2270 1420 2310 breuibus
1449 2271 1581 2309 dicam
1610 2271 1719 2319 quod

135 2337 270 2377 sentio
286 2351 295 2375 ε
323 2337 360 2376 si
378 2350 489 2375 nunc
507 2337 662 2376 indicta
679 2339 786 2376 esset
803 2337 996 2387 synodus,
1020 2350 1094 2387 ego
1112 2335 1282 2375 mallem
1300 2335 1384 2374 tuis
1402 2335 1520 2374 libris
1539 2335 1722 2385 legendis

135 2415 278 2442 vacare
304 2415 430 2452 quam
458 2401 522 2440 illi
549 2402 759 2448 interesse,
783 2402 818 2441 si
846 2415 971 2452 penes
998 2401 1108 2441 istud
1139 2401 1358 2451 collegium
1387 2402 1495 2439 esset
1522 2400 1571 2439 de
1599 2399 1722 2438 rebus

137 2466 330 2507 omnibus
356 2466 596 2506 consulendi
621 2470 661 2506 et
686 2467 895 2506 iudicandi
919 2468 1108 2517 potestas.
1168 2466 1248 2514 Qui
1273 2466 1385 2504 enim
1410 2465 1500 2504 fieri
1525 2467 1660 2515 potest
1677 2467 1723 2503 vt

136 2534 243 2572 recte
273 2532 323 2570 de
350 2531 431 2570 fide
449 2532 604 2571 Christi
632 2533 843 2572 consulere
871 2532 1031 2582 possint
1049 2531 1117 2571 vel
1144 2530 1273 2570 velint
1296 2530 1368 2581 qui
1395 2530 1483 2569 eius
1511 2532 1722 2580 praecepta
1746 2546 1783 2578 75

137 2598 375 2647 incorrupta
402 2597 540 2636 videre
569 2599 609 2636 et
639 2597 772 2648 legere
805 2598 1060 2647 grauantur‘?
1115 2596 1307 2634 Preterea
1335 2595 1443 2645 quod
1471 2595 1521 2633 ad
1549 2595 1724 2633 istorum

182 2704 234 2732 40.
264 2694 313 2727 B:
342 2692 499 2733 scipsisti
521 2703 550 2723 α.
707 2702 759 2732 43.
793 2694 838 2727 βε
867 2693 1085 2733 primcipum
1108 2703 1138 2722 α.
1296 2693 1349 2733 46.
1380 2701 1474 2723 noua
1497 2693 1542 2726 B:
1574 2701 1668 2722 naua
1693 2702 1723 2722 α.

140 2738 162 2771 β
178 2747 186 2767 t
208 2736 340 2775 Vtopia
349 2747 381 2767 α.
448 2745 500 2775 52.
523 2737 563 2767 tu
578 2737 620 2770 B:
644 2738 686 2767 tu
701 2736 848 2776 quidem
862 2748 892 2767 α.
960 2745 1013 2776 54.
1038 2735 1188 2776 pecipue
1202 2747 1232 2767 α.
1302 2736 1356 2775 56.
1380 2737 1403 2770 β
1418 2747 1425 2766 :
1441 2735 1679 2775 vitiperarent
1693 2746 1724 2764 α.

140 2789 192 2819 57.
217 2779 388 2810 viderunt
404 2780 449 2813 B:
472 2778 638 2811 viderent
653 2791 682 2811 α.
752 2789 804 2820 59.
829 2781 872 2814 βε
895 2780 1073 2818 theologia
1084 2790 1113 2810 α.
1182 2780 1234 2811 62.
1258 2780 1302 2814 βε
1328 2779 1469 2810 consilii
1484 2789 1514 2809 α.
1582 2779 1634 2818 65.
1656 2778 1724 2808 hoc

140 2825 163 2858 β
179 2835 187 2854 2
209 2823 276 2853 hec
290 2833 321 2854 a.
367 2823 484 2853 maius
498 2823 541 2857 βε
564 2823 677 2863 magis
691 2834 721 2854 α.
832 2825 884 2854 66.
909 2825 932 2858 β
949 2835 956 2854 :
980 2823 1141 2863 supliciis
1156 2833 1185 2854 α.
1301 2824 1355 2864 69.
1379 2823 1402 2857 β
1418 2834 1425 2852 ε
1447 2821 1676 2862 explanentes
1693 2832 1722 2851 α.

143 2876 196 2906 74.
220 2867 243 2900 β
259 2877 267 2896 ε
289 2866 435 2897 iucandi
449 2877 480 2897 α.

186 2965 238 2993 40.
263 2953 452 2994 scripsisti]
465 2954 622 2994 Perhaps
638 2954 700 2994 Ep.
719 2962 793 2993 350.
970 2953 1007 2982 81
1027 2960 1098 2990 seq.

187 3008 237 3037 47.
263 2996 427 3037 Neapoli]
449 2999 568 3037 Vtcmkz,
593 2997 647 3028 ed.
671 2998 822 3037 Lupton,
842 3006 899 3036 pp.
1013 3005 1068 3035 49.
1093 2994 1296 3036 collegium]
1314 2994 1377 3026 See
1393 2993 1456 3034 Ep.
1475 2994 1548 3033 456.
1565 3004 1586 3033 9
1602 3003 1673 3033 seq.
