2034 3433
287 120 367 158 258
751 118 1002 158 LETTERS
1040 117 1109 157 OF
1147 116 1412 156 ERASMUS
1753 112 1878 168 [1518

341 224 455 264 Haec
493 225 622 264 adieci
660 224 835 263 Louanii
876 232 910 271 7.
951 221 1035 262 Cal.
1077 220 1211 271 April.
1272 221 1458 259 Rursum
1491 218 1597 264 vale,
1638 232 1730 258 mea
1766 231 1879 258 sacra

228 301 240 322 Ῐ
248 301 265 330 5
284 304 441 330 ancora.

228 1512 266 1533 10

229 2201 267 2222 20

719 365 816 403 804.
876 362 940 402 To
973 362 1142 402 GILLES
1173 361 1451 401 BUSLEIDEN.

331 433 549 468 Auctarium
568 444 601 476 p.
627 441 702 475 140.
1532 426 1711 462 Louvain.

333 491 370 525 F.
389 503 423 535 p.
445 501 510 534 142
529 503 535 525 :
564 488 653 524 HN:
681 488 799 523 Lond.
816 487 869 522 iii.
888 489 930 523 6:
957 487 1029 522 LB.
1050 488 1129 532 362.
1417 485 1471 531 (c.
1491 486 1536 521 26
1553 483 1709 531 March>
1734 483 1833 529 1518.

329 559 397 600 [No
412 560 546 599 precise
562 558 643 589 date
660 560 691 589 is
703 557 856 598 possible
870 557 926 588 for
939 556 1015 588 this
1031 557 1146 587 letter.
1189 557 1284 587 Neve
1301 555 1418 587 shows
1435 556 1481 596 (p.
1502 554 1560 595 44)
1577 555 1659 585 that
1678 555 1707 585 it
1724 555 1822 584 must
1838 553 1880 583 be

286 604 376 633 later
398 603 487 633 than
513 601 575 642 Ep.
593 603 669 641 699,
688 611 725 632 as
741 601 771 631 it
787 601 896 632 sends
911 610 932 631 a
948 600 1065 632 Greek
1080 609 1117 631 as
1132 600 1216 631 well
1237 610 1275 631 as
1291 609 1312 631 a
1327 600 1433 631 Latin
1454 598 1614 639 epitaph,
1632 598 1694 629 the
1716 598 1823 628 latter
1838 597 1878 626 in

283 657 302 677 a
327 646 464 677 revised
488 645 590 677 form.
628 646 663 676 It
691 654 774 685 may
802 645 844 675 be
868 644 991 684 placed
1015 643 1275 684 conjecturally
1300 643 1392 674 with
1414 643 1476 682 Ep.
1497 643 1572 682 805,
1599 642 1639 673 in
1667 640 1789 672 which
1816 640 1878 671 the

281 690 447 730 epitaphs
462 699 520 720 are
537 690 617 720 sent
635 691 671 720 to
688 699 756 719 one
773 688 814 719 of
826 688 889 718 the
904 690 1088 719 executors
1104 687 1142 719 of
1153 686 1379 718 Busleiden's
1393 685 1500 727 wilh]

355 774 561 804 ERASMVS
592 772 924 804 ROTERODAMVS
955 772 1228 803 CLARISSIMO
1260 772 1302 802 D.
1334 771 1523 802 AEGIDIO
1554 769 1800 801 CATHOLICI

764 841 894 872 REGIS
925 842 953 871 A
984 841 1258 872 RATIONIBVS
1290 842 1323 871 S.
1346 841 1389 873 D.

337 913 452 962 Qvo'r
471 913 714 951 ornamenta
733 912 776 949 in
796 924 878 949 vno
897 910 1154 961 perdidimus
1174 910 1341 949 homine
1357 911 1377 949 ἵ)
1415 909 1551 948 Facile
1567 908 1712 947 diuino
1731 920 1813 958 quo
1832 908 1880 945 tu

281 978 421 1016 animo
430 979 609 1016 mortem
621 976 934 1027 germaniferas,
947 989 1041 1015 cum
1047 976 1267 1015 Vniuersus
1274 975 1478 1014 bonorum
1486 977 1608 1025 atque
1621 973 1881 1012 eruditorum

282 1044 430 1082 chorus
455 1042 573 1081 vnice
594 1042 741 1082 doleat.
786 1041 865 1080 Sed
886 1041 985 1092 quid
1005 1043 1181 1091 prosunt
1199 1041 1343 1080 inanes
1365 1040 1565 1091 querelae,
1589 1039 1688 1090 quid
1708 1037 1880 1077 inutiles

283 1108 520 1159 lachrymae
532 1110 553 1147 ‘?
609 1106 705 1145 Huc
724 1106 937 1145 nascimur
957 1119 1110 1145 omnes.
1169 1106 1223 1145 In
1251 1106 1473 1156 epitaphiis
1489 1118 1564 1143 nec
1583 1104 1700 1143 illius
1719 1102 1881 1142 meritis

282 1188 356 1213 nec
372 1187 463 1212 meo
483 1174 624 1213 animo
643 1172 836 1212 satisfeci.
878 1171 1089 1211 Lacessiui
1103 1170 1253 1219 Musas,
1271 1171 1342 1209 sed
1362 1171 1538 1209 frustra:
1568 1172 1631 1209 tot
1646 1169 1731 1207 iam
1750 1181 1881 1207 annos

281 1253 421 1279 versor
439 1239 485 1278 in
504 1239 581 1278 hoc
606 1251 755 1289 genere
781 1237 1015 1277 studiorum
1036 1237 1146 1288 quod
1169 1237 1220 1275 ab
1240 1235 1545 1275 amoenioribus
1565 1235 1649 1274 illis
1668 1234 1801 1274 literis
1818 1235 1882 1272 est

281 1305 597 1345 alienissimum.
643 1304 797 1343 Vereor
814 1316 934 1342 aures
953 1305 1046 1342 tuas
1062 1303 1184 1352 longe
1205 1302 1456 1341 tersissimas
1475 1316 1485 1349 ;
1514 1301 1585 1340 sed
1606 1303 1745 1340 tamen
1766 1299 1880 1339 obse-

282 1372 401 1410 cutus
420 1383 515 1409 sum
530 1369 668 1408 animo
687 1371 839 1417 vestro,
853 1382 906 1407 ne
920 1368 1082 1407 viderer
1095 1381 1269 1418 vsquam
1286 1367 1424 1406 deesse
1440 1366 1688 1405 Buslidiano
1704 1364 1878 1405 nomini.

283 1435 327 1473 Si
340 1448 424 1474 non
436 1436 611 1485 placent,
630 1434 942 1482 retentabimus,
960 1433 995 1472 si
1007 1446 1087 1483 qua
1099 1432 1312 1471 Musarum
1328 1433 1498 1471 tandem
1513 1432 1655 1470 adesse
1669 1431 1881 1481 dignetur:

285 1513 415 1551 neque
429 1502 570 1539 tamen
591 1499 736 1538 dubito
753 1499 854 1549 quin
876 1512 1021 1538 omnes
1037 1498 1188 1548 quibus
1207 1497 1339 1536 bonae
1358 1497 1499 1536 literae
1518 1496 1754 1544 cordisunt,
1769 1495 1881 1534 hunc

283 1565 450 1604 vnicum
473 1564 707 1604 studiorum
727 1566 948 1614 patronum
969 1577 1043 1614 pro
1063 1576 1137 1602 sua
1157 1564 1332 1613 quisque
1354 1562 1543 1613 portione
1562 1562 1647 1600 sint
1666 1561 1879 1600 immorta-

284 1630 393 1669 litati
412 1629 751 1669 commendaturi.

338 1696 400 1734 De
419 1694 590 1745 collegio
615 1694 873 1733 instituendo
900 1706 999 1732 caue
1024 1695 1064 1732 te
1090 1693 1261 1743 patiaris
1284 1692 1433 1732 abduci
1455 1706 1480 1731 a
1499 1692 1716 1731 sententia.
1774 1690 1880 1730 Mihi

283 1761 411 1808 crede,
449 1773 523 1810 res
543 1773 590 1798 ea
621 1772 715 1798 cum
748 1759 864 1797 omni
891 1758 1126 1797 studiorum
1158 1758 1296 1807 generi
1327 1771 1452 1808 supra
1486 1770 1611 1807 quam
1641 1757 1721 1796 dici
1751 1757 1882 1807 possit

248 1840 265 1870 5
284 1825 493 1874 conducet,
522 1827 613 1863 tum
643 1824 888 1863 Buslidiano
914 1823 1077 1862 nomini
1103 1824 1187 1862 iam
1214 1836 1287 1873 per
1312 1837 1354 1862 se
1384 1822 1531 1862 multis
1559 1822 1696 1861 modis
1724 1822 1882 1861 illustri

284 1904 367 1929 non
398 1890 646 1929 mediocrem
674 1889 832 1928 decoris
856 1902 901 1928 ac
932 1889 1038 1928 lucis
1064 1888 1339 1928 accessionem
1366 1887 1576 1938 adiunget.
1634 1888 1749 1927 Bene
1773 1887 1876 1927 vale.

337 1955 524 1994 Louanii.
549 1967 617 1993 AN.
639 1966 854 1993 M.D.XV111.

286 2052 567 2082 EPITAPHIVM
609 2052 672 2081 AD
713 2051 881 2082 PICTAM
919 2050 1151 2081 IMAGINEM
1187 2049 1447 2081 CLARISSIMI
1482 2050 1583 2080 VIRI
1619 2050 1882 2081 HIERONYMI

401 2120 680 2160 BVSLIDIANI,
731 2119 995 2149 PRAEPOSITI
1046 2119 1256 2148 ARIENSIS
1314 2119 1369 2148 ET
1418 2119 1700 2150 CONSILIARII
1749 2119 1882 2150 REGIS

400 2189 658 2229 CATHOLICI,
674 2188 864 2218 FRATRIS
885 2187 1271 2218 REVERENDISSIMI
1292 2188 1452 2218 PATRIS
1472 2188 1529 2218 AC
1551 2187 1721 2218 DOMINI
1742 2188 1883 2218 FRAN-

401 2258 532 2298 CISCI,
584 2256 934 2288 ARCHIEPISCOPI
985 2256 1207 2292 QVONDAM
1264 2256 1510 2297 BIZONTINI,
1563 2256 1641 2292 QVI
1692 2256 1882 2287 LOVANII

401 2326 572 2357 MAGNIS
613 2325 854 2355 IMPENDIIS
898 2324 1128 2354 INSTITVIT
1169 2324 1441 2366 COLLEGIVM,
1472 2325 1522 2354 IN
1563 2324 1650 2361 QVO
1690 2324 1883 2356 PVBLICE

402 2395 512 2425 TRES
542 2395 740 2425 LINGVAE
771 2394 1054 2435 DOCEANTVR,
1087 2393 1330 2435 HEBRAICA,
1365 2393 1553 2432 GRAECA,
1586 2393 1765 2423 LATINA.

820 2489 1009 2524 IAMBOI
1049 2488 1341 2522 TPIMETPOI.

660 2562 705 2599 ‘O
724 2562 831 2611 τήνδε
850 2562 996 2613 γράψας
1015 2562 1187 2610 σώματος
1204 2561 1356 2610 μορφὴν
1376 2563 1507 2609 καλῶς,

656 2626 821 2675 ”Ωφελες
841 2628 995 2678 ἄγαλμα
1013 2627 1222 2678 ζωγραφεῖν
1242 2626 1302 2663 καὶ
1317 2628 1382 2663 τοῦ
1402 2626 1493 2666 νοός.

662 2691 821 2730 Ἐσιδεῖν
841 2691 885 2730 ἂν
905 2692 959 2741 εἴη
979 2691 1131 2730 πίνακος
1147 2694 1185 2729 ἐν
1203 2694 1289 2740 μιᾶς
1303 2691 1411 2742 πέδῳ,

868 2766 942 2796 804.
969 2776 1021 2796 21.
1046 2765 1233 2796 Besontini
1252 2767 1294 2796 H.

291 2838 305 2867 I
325 2839 455 2868 cannot
471 2838 546 2868 find
561 2847 634 2877 any
651 2838 813 2868 mention
831 2838 869 2867 of
888 2846 933 2868 an
951 2836 1050 2875 early
1116 2844 1275 2875 younger
1298 2836 1455 2872 brother,
1490 2835 1612 2876 Feri-y,
1643 2836 1877 2868 Archdeacon

290 2881 548 2918 acquaintance
579 2881 670 2911 with
697 2881 794 2912 John
825 2880 1049 2916 Carondelet‚
1117 2879 1157 2909 of
1188 2879 1382 2920 Besancom
1418 2879 1535 2910 whom
1554 2879 1600 2910 he
1631 2879 1703 2910 had
1736 2881 1809 2911 met
1841 2881 1878 2910 at

292 2926 352 2953 not
376 2934 463 2954 even
488 2925 526 2955 in
552 2924 661 2955 Lond.
684 2925 809 2955 xxviii.
827 2924 858 2962 8,
884 2924 951 2955 LB.
973 2925 1050 2962 613.
1118 2923 1225 2953 Rome
1244 2923 1329 2958 (LB.
1349 2924 1440 2962 App.
1458 2924 1548 2963 324).

292 2967 459 2998 Erasmus
475 2977 558 3007 may
574 2968 664 2998 have
682 2968 769 2998 been
788 2968 960 3007 thinking
980 2967 1017 2998 of
1030 2976 1050 2997 a
1161 2966 1235 2997 804.
1260 2976 1309 3005 13.
1337 2966 1501 3007 collegio]
1516 2967 1567 2998 Cf.
1581 2967 1645 3006 Ep.
1662 2967 1723 3006 691
1744 2965 1877 2997 introd.
