2034 3433
257 148 315 186 82
724 143 975 184 LETTERS
1014 142 1081 180 OF
1120 141 1385 181 ERASMUS
1728 139 1848 193 [1517

259 250 493 297 lacesseres:
523 252 647 299 atque
660 250 716 287 ita
731 249 949 286 lacesseres
961 246 1007 283 vt
1022 244 1130 282 mihi
1144 258 1228 283 non
1241 248 1347 284 esset
1363 247 1576 296 integrum
1592 245 1849 294 obticescere,

223 333 239 363 5
260 316 341 355 nisi
378 315 506 354 simul
552 315 691 352 omnia
728 313 797 351 illa
836 311 1013 349 crimina
1050 322 1336 358 agnoscerem:
1382 312 1643 349 ‘sermonem
1686 310 1851 349 Christo

258 381 428 430 Deoque
457 377 824 429 indignissimun1‚’
848 378 887 414 et
921 378 1177 413 ‘sermonem
1205 374 1387 424 seipsum
1417 375 1600 424 Vndique
1628 374 1852 414 elidentem

257 448 299 484 et
325 445 441 484 omni
466 459 515 483 ex
539 446 654 494 parte
679 455 768 481 sese
792 441 945 479 falsum
964 452 1052 477 esse
1072 438 1376 486 declarantem‚’
1396 443 1437 478 et
1461 441 1717 479 ‘sermonem
1735 440 1852 478 intel-

257 511 454 560 ligentiae
491 508 753 559 propheticae
793 504 1109 551 aduersantem‚’
1147 505 1187 541 et
1231 505 1240 522 ⁴
1256 517 1489 543 sermonem
1533 518 1607 555 pro
1644 505 1853 555 pestiferis

258 575 397 614 Iudeis
429 575 650 613 facientem
681 585 843 621 vnaque
879 583 973 608 cum
1008 569 1093 607 illis
1125 568 1341 608 Christum
1375 570 1643 609 contumeliis
1682 570 1854 609 afficien-

203 659 240 679 10
258 642 343 678 tem
359 639 377 685 '⁷
418 640 458 675 et
500 641 755 676 ‘sermonem
793 635 1008 685 Anticyris
1055 634 1227 683 dignum
1241 634 1262 681 ⁹,
1305 636 1347 672 et
1389 637 1661 683 ‘sermonem‚
1704 635 1771 673 cui
1816 635 1853 673 si

257 704 520 754 pertinaciter
543 704 743 751 hererem,
770 701 976 739 hereticus
1001 712 1134 738 essem
1147 699 1167 748 ⁹,
1190 699 1353 749 aliaque
1372 700 1414 738 id
1434 713 1565 749 genus
1591 703 1679 739 tam
1707 700 1851 739 multa.

258 769 365 807 Nam
395 782 527 806 vnum
563 771 635 806 aut
673 768 851 806 alterum
890 765 1092 804 eiusmodi
1129 764 1262 802 telum
1301 764 1473 803 fortasse
1509 766 1853 805 dissimulassem.

258 833 393 872 Meam
412 846 521 881 vero,
545 833 617 883 qui
637 832 736 871 alias
755 830 1099 881 occupatissimus
1118 832 1161 868 et
1179 829 1230 867 ab
1249 829 1327 867 hoc
1346 829 1489 879 scripti
1509 843 1659 880 genere
1679 831 1852 869 maxim-

256 912 375 949 opere
396 899 634 946 abhorrens,
659 897 897 947 compulsus
917 909 1011 934 sum
1032 908 1127 933 cum
1152 894 1322 934 homine
1342 895 1449 933 mihi
1469 895 1593 945 longe
1612 895 1853 934 charissimo

200 981 235 1011 15
256 965 479 1003 decernere.
538 964 600 1001 Ex
620 963 795 1001 aduerso
814 962 995 1012 gaudent
1014 960 1086 1011 qui
1105 960 1225 999 nobis
1243 973 1289 998 ac
1310 960 1556 999 rectioribus
1576 961 1727 1000 studiis
1745 961 1855 1001 male

255 1031 414 1068 volunt.
473 1029 644 1067 Habent
663 1029 771 1079 quod
793 1027 957 1076 vtrique
977 1025 1185 1075 obiiciant,
1207 1039 1288 1075 quo
1307 1025 1474 1075 vtrique
1493 1026 1620 1064 fidem
1639 1026 1850 1076 abrogent,

255 1109 336 1145 quo
356 1108 475 1133 suam
503 1094 713 1132 inscitiam
740 1093 1018 1132 consolentur.
1079 1091 1296 1130 Christum
1323 1091 1429 1129 mihi
1455 1105 1607 1141 parum
1626 1092 1854 1142 propitium

255 1160 442 1207 habeam,
467 1159 549 1198 nisi
579 1172 664 1197 non
688 1158 825 1198 solum
851 1158 957 1196 hanc
985 1156 1271 1195 necessitatem
1290 1169 1436 1195 verum
1456 1157 1583 1195 etiam
1604 1156 1710 1195 hanc
1730 1157 1856 1197 victo-

255 1225 371 1273 riam⁷
396 1238 519 1274 quam
540 1238 685 1263 omnes
705 1237 787 1262 vno
809 1237 877 1261 ore
898 1222 1005 1260 mihi
1025 1221 1229 1265 tribuunt,
1253 1221 1333 1260 odi.

198 1308 235 1327 20
309 1290 441 1339 Quam
462 1291 513 1329 ob
534 1304 632 1337 rem,
655 1290 716 1328 mi
746 1289 885 1336 Faber,
909 1301 981 1338 per
1007 1288 1147 1326 omnia
1175 1301 1278 1338 quae
1307 1287 1387 1326 tibi
1411 1301 1526 1327 sacra
1546 1290 1658 1337 sunt,
1683 1301 1780 1339 rogo
1800 1288 1854 1326 sit

254 1355 321 1394 hic
340 1355 461 1406 impii
481 1355 724 1394 certaminis
744 1355 855 1393 finis.
1684 1359 1686 1361 ’

653 1442 927 1491 Παλινδρομεῖν
946 1443 1094 1490 ἄμεινον
1114 1440 1137 1490 ἢ
1158 1444 1274 1481 κακῶς
1294 1441 1455 1491 δραμεῖν.

255 1529 373 1578 Quod
409 1531 443 1569 si
472 1531 642 1569 omnino
672 1530 804 1579 placet
834 1542 930 1568 cum
964 1529 1139 1567 Erasmo
1167 1529 1397 1579 confligere,
1430 1529 1481 1567 ab
1509 1529 1560 1567 iis
1589 1528 1727 1567 verbis
1755 1530 1855 1566 tem-

254 1597 395 1644 perato
422 1608 525 1644 quae
555 1595 812 1633 dissimulari
840 1608 926 1633 non
955 1596 1142 1644 possunt.
1202 1594 1394 1632 Nimium
1424 1594 1725 1633 delectauimus
1752 1593 1855 1632 istos

200 1685 234 1715 25
254 1660 405 1699 veteris
435 1660 621 1698 inscitiae
659 1663 831 1710 mystas.
891 1659 1014 1698 Mitto
1047 1660 1097 1698 ad
1132 1661 1174 1698 te
1205 1659 1423 1707 libellum;
1451 1660 1489 1698 si
1525 1660 1632 1698 forte
1665 1659 1854 1697 nondum

255 1725 408 1774 vidisti,
430 1726 593 1776 perlege
617 1726 827 1764 attentius.
887 1725 1048 1763 Deinde
1068 1726 1249 1775 teipsum
1268 1724 1348 1763 tibi
1367 1725 1413 1763 in
1432 1724 1656 1763 consilium
1681 1725 1854 1771 aduoca;

256 1803 330 1828 nec
351 1790 483 1828 aliena
511 1790 724 1840 instigatio
749 1793 790 1829 te
815 1790 1017 1840 perpellat
1040 1803 1086 1829 eo
1106 1804 1186 1841 quo
1211 1792 1354 1840 postea
1377 1790 1585 1840 poeniteat
1604 1790 1851 1840 peruenisse.

256 1855 311 1893 Et
341 1857 509 1894 tuorum
547 1856 691 1894 cohibe
728 1855 899 1894 stilum:
940 1869 1015 1905 ego
1052 1869 1166 1894 meos
1205 1856 1406 1894 hactenus
1439 1855 1611 1894 coercui.
1669 1856 1856 1905 Agamus

256 1933 360 1970 pura
379 1934 555 1970 vereque
576 1921 812 1960 Christiana
832 1921 1096 1971 synceritate.
1156 1921 1209 1965 In
1228 1935 1296 1959 me
1316 1920 1425 1959 nihil
1446 1921 1532 1959 fuci
1551 1921 1740 1971 reperies.

197 2009 237 2038 30
310 1985 425 2024 Bene
444 1986 545 2024 vale.
604 1986 780 2024 Louanii
802 2000 835 2034 3.
858 1986 953 2024 idus
973 1986 1182 2036 Septemb.
1201 1998 1398 2025 M.1).xvn.

724 2128 821 2170 660.
884 2127 947 2168 To
979 2128 1173 2169 GERARD
1204 2129 1383 2171 LIsTER.

303 2229 498 2273 Epistolae
517 2229 563 2264 ad
582 2229 746 2264 diuersos
764 2242 799 2275 p.
823 2239 897 2275 505.
1515 2230 1692 2265 Louvain.

305 2286 395 2321 HN:
423 2287 539 2323 Lond.
558 2287 637 2321 xiii.
658 2298 699 2332 9:
727 2287 800 2322 LB.
821 2296 899 2330 270.
1403 2298 1442 2324 11
1465 2287 1687 2333 September
1706 2298 1806 2334 1517.

257 2423 284 2453 F
301 2379 390 2452 [T6he
407 2379 591 2462 {ear-date
609 2378 726 2409 added
746 2381 784 2409 in
803 2379 837 2409 H
863 2388 945 2417 may
963 2379 1004 2408 be
1027 2377 1195 2418 accepted
1220 2379 1257 2409 in
1281 2378 1373 2409 view
1396 2379 1436 2410 of
1454 2378 1517 2409 the
1542 2379 1741 2410 connexion
1763 2379 1855 2409 with

274 2432 320 2462 .p.
355 2431 407 2460 34.

596 2487 802 2517 ERASMVS
833 2487 1045 2517 GERARDO
1077 2486 1267 2516 LYSTRIO
1298 2487 1381 2516 SVO
1409 2487 1444 2519 S.
1471 2487 1514 2518 D.
1546 2502 1549 2503 ⁷

312 2568 394 2606 IMo
427 2567 503 2605 tibi
543 2568 718 2618 gratiam
756 2568 896 2615 habeo.
939 2567 1011 2617 qui
1048 2567 1155 2606 mihi
1192 2567 1404 2606 fraterculi
1440 2567 1563 2606 istius
1601 2567 1855 2618 colloquium

258 2632 480 2680 adornaris,
516 2635 682 2672 tantum
720 2633 836 2671 abest
872 2635 918 2672 vt
956 2632 1079 2671 fuerit
1116 2632 1346 2679 molestus:
1391 2645 1489 2671 nam
1527 2632 1635 2671 mihi
1671 2633 1856 2672 hominis

303 2729 377 2759 659.
406 2739 453 2767 14.
480 2730 548 2760 sim
567 2733 603 2760 D.
716 2740 765 2769 19.
790 2730 882 2760 mihi
898 2732 973 2760 add.
992 2732 1036 2760 H.
1138 2739 1191 2760 21.
1217 2732 1261 2760 D:
1287 2729 1477 2760 certamini
1492 2732 1562 2761 MS.
1652 2740 1703 2760 22.
1729 2729 1856 2770 δραμεῖν

261 2775 306 2802 D:
343 2773 469 2812 δρομεῖν
495 2776 563 2803 M-Q.
773 2784 824 2811 24.
862 2776 908 2805 D:
943 2772 1153 2804 dissimilari
1177 2775 1247 2804 MS.
1446 2782 1499 2811 30.
1535 2782 1687 2805 M.1>.xvn
1709 2777 1783 2805 add.
1809 2777 1851 2805 H.

259 2816 333 2845 660.
361 2826 389 2846 2.
415 2815 606 2847 molestum
630 2819 669 2848 N.

304 2904 377 2934 659.
404 2913 434 2942 5.
461 2904 679 2944 sermonem]
691 2903 910 2942 Quotations,
928 2912 1026 2933 more
1093 2911 1135 2941 32
1148 2911 1196 2942 n.‚
1215 2902 1288 2941 778.
1309 2911 1370 2943 119
1386 2911 1469 2941 seq„
1489 2903 1561 2942 784.
1579 2904 1621 2933 26
1635 2913 1707 2943 seq.

260 2957 300 2978 or
312 2947 382 2977 less
397 2950 509 2984 exact,
525 2948 617 2977 from
631 2947 691 2977 the
702 2947 827 2977 second
841 2947 977 2977 edition
992 2946 1031 2976 of
1135 2955 1187 2976 22.
1213 2946 1464 2987 Παλινδρομεΐν]
1490 2947 1543 2978 Of.
1573 2947 1718 2987 Lucian,
1744 2947 1852 2984 Asin..

265 2991 404 3021 Faber's
429 2991 733 3027 Commentaries;
757 2990 801 3020 cf.
830 2990 918 3029 Epp.
947 2999 1021 3029 597.
1093 2990 1141 3020 18.
1159 2990 1232 3028 586.
