2034 3433
241 2549 276 2580 15
298 2552 393 2576 nem
426 2551 550 2588 quam
579 2537 737 2575 addidit
765 2536 943 2575 Budeus.

291 125 371 163 238

231 243 272 275 50
290 230 475 280 primum
494 229 722 277 temerario,
742 228 891 266 deinde
909 227 1098 277 glorioso,
1121 229 1330 277 postremo
1345 227 1642 266 Praedicatore.

754 124 1006 163 LETTERS
1044 124 1113 162 OF
1149 124 1414 163 ERASMUS

1751 122 1879 177 [1518

1701 227 1881 266 Proinde

291 295 427 344 siquid
457 295 606 332 habeas
637 293 907 342 compertum,
939 291 1101 330 curabis
1129 292 1396 338 enotandum,
1422 294 1468 330 vt
1497 291 1698 340 minister,
1728 293 1800 342 qui
1828 295 1878 341 te,

291 360 326 398 si
345 360 484 409 possit,
509 357 714 404 salutabit,
738 357 818 395 huc
837 357 1049 395 rediturus
1071 370 1211 395 secum
1239 356 1406 395 adferat.

1467 356 1545 395 Cui
1565 369 1663 394 sane
1681 356 1881 395 viaticum

290 426 384 464 dedi
404 427 605 475 quantum
619 422 726 460 mihi
746 422 883 460 visum
897 424 961 461 est
973 421 1059 460 fore
1079 422 1180 460 satis
1198 436 1206 469 ;
1234 424 1375 460 tamen
1394 422 1431 459 si
1452 422 1550 471 quid
1571 421 1676 460 forte
1692 422 1879 469 defuerit,

291 504 375 528 non
401 488 644 539 grauabitur
669 487 907 526 humanitas
935 489 1008 526 tua
1035 488 1258 526 reuerenda
1284 487 1349 525 illi
1376 487 1649 536 suppeditare.

231 570 271 600 55
291 556 393 594 escis
421 556 539 603 capto
568 553 734 603 Regem,
761 555 823 591 tot
851 552 1248 591 reuerendissimum
1277 553 1402 602 Regis
1430 553 1651 599 Achatem,
1675 554 1716 591 et
1743 553 1884 591 tamen

1011 618 1055 657 Si
1089 632 1201 657 nunc
1231 631 1317 657 non
1350 617 1543 667 procedit,
1575 618 1744 668 posthac
1777 616 1886 669 ne<c>

291 621 357 659 hic
386 619 598 658 funiculus
628 618 736 656 nihil
766 618 949 657 attrahit.

1708 486 1799 526 Iam
1823 490 1884 527 tot

290 688 463 725 hamum
493 684 758 734 periclitabor
787 697 863 722 nec
893 696 1040 723 escam.
1098 684 1212 722 Haec
1241 684 1358 730 mihi,
1380 685 1427 722 vt
1456 683 1559 731 dixi,
1581 683 1720 722 fabula
1745 680 1884 736 [mihi]

289 750 520 802 peragenda
544 752 617 789 est.

289 817 486 856 secedere.

676 751 737 788 Ea
759 752 921 799 peracta
949 750 1116 788 animus
1142 751 1205 787 est
1229 749 1280 787 ab
1308 749 1386 787 hoc
1413 748 1726 787 sceleratissimo
1749 749 1885 787 seculo

543 817 611 854 Ad
635 829 849 854 summum
868 828 1017 854 venere
1042 815 1279 865 principum
1302 813 1485 863 technae,
1507 814 1716 853 Romanae
1739 813 1886 853 Curiae

230 887 272 918 60
291 882 574 932 impudentiae
593 896 601 929 ;
630 883 753 930 atque
781 881 817 919 is
845 881 1009 919 videtur
1032 879 1151 919 breui
1168 881 1336 919 futurus
1355 880 1496 930 populi
1515 881 1658 927 status,
1680 881 1726 918 vt
1745 879 1886 918 tolera·

292 947 418 986 bilius
436 948 491 986 sit
507 948 733 985 Turcarum
748 946 854 984 ferre
869 946 1146 997 tyrannidem.
1196 946 1264 984 Ad
1280 958 1353 984 vos
1367 945 1494 995 igitur
1508 948 1621 984 totus
1636 945 1883 996 confugiam,

291 1013 406 1052 velut
427 1015 544 1051 extra
572 1011 714 1050 orbem
744 1015 784 1050 et
813 1012 1000 1050 fortassis
1025 1012 1201 1050 minime
1233 1011 1495 1061 inquinatam
1524 1010 1635 1049 orbis
1661 1011 1888 1050 Christiani

292 1080 460 1129 partem.
522 1077 639 1126 Quod
659 1078 695 1115 si
715 1091 800 1116 non
823 1078 1049 1127 contingat,
1071 1077 1230 1127 equiori
1249 1079 1358 1115 certe
1378 1076 1517 1114 animo
1537 1076 1753 1115 immoriar
1776 1078 1888 1127 operi

292 1160 376 1185 non
396 1145 536 1195 impio,
560 1143 644 1182 nisi
663 1144 783 1193 plane
801 1144 932 1182 fallor.

777 1310 871 1350 785.

340 1406 532 1443 Deventer
549 1405 625 1441 MS.
646 1416 703 1450 91,
721 1405 746 1441 f.
767 1415 810 1449 32
829 1409 879 1439 v0.

340 1466 412 1501 LB.
431 1466 526 1510 App.
543 1467 624 1509 265.

934 1307 998 1349 To
1030 1308 1223 1348 THOMAS
1255 1307 1403 1348 MORE.

1608 1403 1784 1438 Louvain.

1551 1471 1567 1506 5
1588 1461 1718 1497 March
1739 1464 1840 1506 1518.

786 1532 990 1563 ERASMVS
1021 1532 1146 1562 MORO
1178 1532 1259 1562 SVO
1291 1532 1326 1563 S.
1347 1532 1389 1561 D.

348 1624 399 1662 IN
419 1622 565 1673 primis
586 1624 626 1660 te
646 1634 742 1671 rogo
761 1622 807 1658 vt
828 1620 925 1658 huic
946 1633 1037 1658 meo
1059 1619 1208 1657 Ioanni
1230 1619 1469 1658 committas
1488 1619 1678 1669 epistolas
1692 1620 1758 1659 vel
1776 1633 1890 1659 meas

295 1689 361 1728 vel
382 1691 484 1737 tuas,
508 1688 543 1725 si
563 1699 662 1737 quas
688 1684 892 1724 iudicabis
918 1684 1118 1722 eiusmodi
1141 1685 1188 1722 vt
1216 1685 1482 1723 commutatis
1509 1685 1611 1723 locis
1638 1685 1795 1735 aliquot
1824 1686 1890 1724 edi

294 1755 482 1804 possint3
526 1766 623 1791 nam
653 1752 695 1790 id
727 1750 899 1790 omnino
928 1749 1057 1789 velim
1087 1749 1218 1788 nolim
1256 1750 1387 1789 facere
1425 1752 1660 1801 compellor.

295 1820 492 1858 iuuenem
511 1821 559 1856 vt
580 1831 704 1868 quam
730 1814 977 1866 ce1e1·<r)in1e
1002 1815 1084 1853 huc
1113 1817 1304 1854 recurrat.

257 1896 273 1926 5
294 1886 429 1925 alieno
459 1884 503 1922 in
535 1897 610 1922 nos
639 1896 726 1921 esse
757 1882 908 1930 animo,
942 1895 1028 1920 non
1060 1883 1121 1920 est
1151 1882 1324 1920 fortasse
1349 1882 1573 1920 vexandus.

1729 1751 1891 1802 Expedi

1365 1816 1409 1854 Si
1436 1817 1610 1855 senseris
1632 1815 1890 1855 Vrsewicum

1634 1882 1708 1920 Sin
1736 1882 1888 1930 minus,

295 1951 443 1990 adiuua
463 1950 512 1988 de
534 1962 664 1998 equo;
694 1960 776 1997 quo
795 1959 906 1985 nunc
924 1946 1103 1984 maxime
1132 1945 1257 1984 fuerit
1283 1959 1385 1996 opus
1408 1949 1479 1985 aut
1502 1947 1709 1986 Basileam
1728 1946 1891 1985 adituro

296 2019 368 2055 aut
387 2014 594 2062 Venetias,
616 2013 740 2063 idque
765 2012 1033 2062 potissimum
1060 2012 1111 2050 ob
1138 2011 1306 2050 Nouum
1334 2012 1646 2051 Testamentum
1669 2013 1887 2052 edendum.

297 2082 386 2120 Hec
406 2082 515 2128 sunt,
538 2079 597 2118 mi
623 2078 745 2126 More,
769 2090 863 2117 mea
888 2078 982 2115 fata.
1039 2078 1175 2126 Agam
1202 2079 1244 2115 et
1269 2077 1376 2116 hanc
1400 2078 1565 2116 fabulae
1584 2090 1699 2136 meae
1717 2080 1887 2127 partem.

295 2148 446 2186 Postea
475 2143 777 2196 propemodum
807 2145 870 2182 est
897 2143 1062 2182 animus
1090 2142 1197 2181 mihi
1225 2155 1369 2182 canere
1398 2145 1439 2182 et
1468 2143 1627 2191 Musis;
1666 2143 1774 2193 quod
1802 2143 1892 2193 ipsa

238 2223 276 2243 10
295 2211 594 2262 propemodum
616 2212 702 2248 etas
721 2222 766 2247 ac
784 2209 976 2248 valetudo
1003 2208 1135 2246 indies
1161 2209 1221 2246 ἐπὶ
1243 2210 1290 2247 τὰ
1319 2209 1622 2258 Μανδροβούλου
1643 2211 1891 2260 προχωροῦσα

295 2278 466 2328 flagitat.

528 2277 659 2314 Tanta
681 2275 748 2314 hic
779 2277 841 2313 est
866 2274 1058 2324 tyrannis
1083 2277 1397 2324 personatorum
1421 2275 1690 2313 nebulonum.
1749 2273 1891 2324 Neque

296 2343 515 2393 quisquam
544 2342 611 2380 hic
640 2354 727 2379 rem
757 2341 856 2378 facit
888 2341 1048 2390 praeter
1086 2353 1299 2389 caupones,
1334 2340 1550 2378 aduocatos
1589 2341 1630 2377 et
1668 2341 1887 2389 questores.

298 2409 398 2457 Quis
418 2408 522 2446 ferat
541 2407 611 2445 vbi
631 2407 884 2445 maledicunt
904 2405 1038 2452 multi,
1062 2405 1327 2443 benefaciunt
1346 2405 1454 2443 nulli
1469 2407 1489 2443 ⁶?

351 2473 562 2512 Excusant
581 2486 624 2510 se
645 2471 894 2510 Basilienses
913 2472 963 2509 de
983 2473 1053 2508 tua
1071 2470 1222 2520 Vtopia
1241 2470 1367 2508 dilata
1386 2470 1438 2508 ob
1457 2471 1686 2519 elegantem
1705 2469 1891 2520 prefatio-

298 2636 435 2675 I'slam;
458 2635 530 2666 and
554 2635 737 2666 dedicated
761 2635 790 2665 it
812 2636 848 2664 to
872 2634 995 2664 Sixtus
1011 2643 1059 2664 iv.

299 2679 405 2710 Later
430 2680 475 2710 he
500 2678 693 2719 published
722 2680 940 2708 Cmnmemarii
967 2679 1062 2707 Anti-

299 2726 463 2762 quitatum,
484 2723 605 2761 Rome,
625 2723 663 2753 E.
681 2721 806 2761 Silber,
819 2731 839 2759 3
855 2722 944 2760 Aug.
968 2721 1059 2759 1498,

300 2766 486 2797 dedicated
510 2768 547 2796 to
572 2765 776 2796 Ferdinand
803 2765 875 2795 and
895 2763 1058 2803 Isabella,

299 2809 370 2839 and
395 2810 604 2848 containing
630 2809 693 2839 the
716 2811 920 2839 Breuiarium
943 2807 982 2838 of
1000 2808 1061 2838 the

299 2853 556 2891 pseudo-Philo
570 2853 650 2893 (Ep.
668 2862 741 2890 324.
761 2861 798 2890 14
813 2852 878 2891 n.)‚
894 2854 930 2882 to
941 2851 1060 2882 which

300 2896 467 2926 Erasmus
484 2896 592 2927 refers
606 2896 645 2926 in
662 2896 720 2926 his
736 2898 837 2926 notes
850 2905 896 2926 on
908 2895 1006 2925 Luke
1019 2903 1039 2932 3
1054 2905 1061 2931 ς

299 2939 341 2969 cf.
375 2939 463 2979 Epp.
492 2949 562 2979 797,
590 2940 663 2970 886.
720 2939 765 2969 In
800 2948 881 2978 1499
912 2938 959 2968 he
989 2948 1062 2968 was

298 2983 489 3023 appointed
510 2983 642 3014 Master
664 2984 703 3013 of
720 2983 781 3013 the
805 2982 914 3022 Papal
930 2981 1059 3021 palace.

999 2536 1103 2573 Eam
1131 2535 1212 2573 iam
1242 2538 1483 2584 receperunt
1511 2538 1552 2573 et
1581 2547 1683 2585 opus
1712 2534 1892 2585 aggressi

1129 2634 1192 2664 See
1224 2633 1347 2672 Quetif
1380 2633 1453 2664 and
1488 2633 1628 2664 Echard
1658 2633 1696 2664 ii.
1727 2642 1790 2671 4-7
1821 2632 1891 2662 and

1130 2677 1327 2708 Chevalier.

1175 2721 1248 2751 784.
1273 2721 1325 2750 62.
1361 2723 1459 2750 extra
1489 2719 1628 2760 orbem]
1658 2719 1817 2759 Perhaps
1843 2719 1886 2749 cf.

1130 2764 1230 2803 Verg.
1250 2766 1288 2793 E.
1309 2774 1334 2794 1.
1352 2765 1404 2802 67.

1175 2808 1248 2838 785.
1271 2817 1297 2836 1.
1325 2807 1507 2847 epistolas]
1525 2807 1577 2838 Cf.
1596 2807 1659 2846 Ep.
1678 2807 1750 2845 783.
1767 2807 1809 2836 28
1825 2815 1859 2836 n.

1176 2860 1223 2881 10.
1252 2850 1301 2880 ἐπὶ
1319 2850 1361 2881 τὰ
1378 2849 1646 2891 Μανδραβούλου]
1662 2851 1716 2880 ‘in
1741 2848 1864 2889 peius'
1883 2859 1890 2877 :

1130 2897 1232 2932 Aclaq.
1255 2894 1325 2933 158,
1341 2895 1453 2934 citing
1469 2895 1615 2933 Lucian,
1636 2896 1680 2924 De
1695 2903 1783 2924 merc.
1801 2894 1887 2921 comi.

1130 2947 1181 2969 21.

1177 2991 1224 3019 14.
1253 2964 1507 3021 prefationem]
1525 2981 1576 3011 Cf.
1594 2980 1656 3020 Ep.
1672 2981 1746 3017 664.
1766 2989 1805 3017 27
1824 2988 1858 3008 n.
