2034 3433
110 168 204 222 758]
1623 172 1700 211 195

475 222 629 264 ⁷2⁸758.
690 221 755 264 To
785 223 949 264 PH1L1P
980 235 1035 265 or
1068 224 1340 266 BURGUNDY.

155 303 346 344 Derenter
363 308 438 344 MS.
457 318 512 353 91,
533 308 559 344 f.
577 307 632 344 86.
1390 308 1568 345 Louvain.

157 366 198 401 D.
217 378 254 411 p.
273 377 362 402 220:
390 366 428 401 F.
448 378 484 411 p.
508 375 593 409 172:
620 365 716 403 HN:
743 365 855 401 Lond.
875 365 930 401 iii.
950 368 1016 410 48:
1045 366 1116 403 LB.
1137 368 1216 412 298.
1305 377 1350 402 10
1365 367 1532 412 January
1554 370 1654 413 1518.

108 457 379 488 CLARISSIMO
399 457 599 488 PRINCIPI
621 456 835 487 PHILIPPO
857 456 916 486 DE
938 457 1202 488 BVRGVNDIA
1224 457 1433 489 EPISCOPO
1458 458 1701 490 ECCLESIAE

382 525 701 557 TRAIECTENSIS
732 525 937 555 ERASMVS
967 525 1298 556 ROTERODAMVS
1328 526 1361 556 S.
1387 527 1429 556 D.

163 602 201 640 S.
218 601 280 650 P„
297 600 446 640 Presul
464 599 722 651 amplissime
741 601 783 638 et
802 600 913 639 idem
933 600 1132 650 Princeps
1152 601 1388 641 clarissime.
1431 601 1702 641 Celsitudinis

110 669 202 705 tuae
227 667 369 706 literas
397 679 482 705 non
511 665 640 705 semel
670 678 764 703 sum
794 665 1061 714 exosculatus,
1089 666 1310 715 perbreues
1339 667 1504 717 quidem
1533 667 1638 715 illas,
1666 668 1701 706 si

109 732 201 782 quis
227 745 376 787 versus
396 725 598 785 numeret,
627 731 698 769 sed
729 730 892 769 easdem
921 731 1083 781 egregie
1108 731 1299 781 prolixas,
1330 733 1366 770 si
1393 732 1700 771 humanitatem

105 797 281 836 estimet.
340 798 499 836 Verum
518 798 564 835 vt
585 795 924 845 occupatissimus
944 809 1040 834 cum
1059 797 1372 846 occupatissimo
1399 797 1538 846 paucis
1563 810 1700 848 agam,

110 861 229 901 Pacis
254 861 566 911 Querimoniam
590 860 776 910 primum
803 860 911 899 tanti
930 860 1139 911 Principis
1163 862 1327 910 calculo,
1351 862 1497 901 deinde
1519 862 1701 901 doctissi-
1719 876 1736 906 5

109 940 274 966 morum
294 927 514 966 hominum
533 925 742 975 suffragiis
762 925 1018 975 comprobari
1038 939 1285 976 magnopere
1311 927 1477 976 gaudeo.
1538 927 1623 965 Nos
1643 927 1701 966 ita

109 992 290 1042 coccycis
317 992 449 1031 vitam
478 990 641 1041 agimus
667 991 714 1028 vt
743 989 910 1028 interim
933 990 978 1028 in
1001 990 1179 1041 pistrino
1207 991 1347 1030 verius
1377 1004 1501 1041 quam
1529 991 1574 1029 in
1602 991 1700 1030 nido

107 1069 330 1096 versemur.
399 1056 584 1094 Multum
617 1055 879 1105 antiquitatis
912 1055 1178 1107 multumque
1215 1056 1318 1095 senii
1356 1056 1460 1095 mihi
1501 1057 1694 1104 contraxi,

108 1122 209 1160 dum
239 1122 410 1160 Nouum
438 1121 754 1159 Testamentum
787 1120 940 1159 iterum
969 1123 1093 1172 atque
1121 1122 1274 1160 iterum
1304 1122 1482 1160 nouitati
1513 1121 1694 1160 restituo.

108 1187 301 1237 Dumque
322 1187 379 1225 sic
398 1186 526 1234 latito,
546 1185 727 1224 maxime
741 1198 884 1225 versor
903 1186 948 1224 in
969 1187 1127 1226 theatro
1148 1187 1305 1226 mundi.
1352 1187 1419 1226 Sic
1441 1187 1698 1238 quorundam
1720 1197 1758 1219 10

107 1254 382 1302 spectatorum
421 1250 731 1301 peruersissima
769 1251 1009 1302 malignitas
1046 1252 1144 1291 facit
1181 1255 1228 1292 vt
1266 1266 1333 1291 me
1376 1254 1463 1291 tam
1505 1252 1699 1291 immensi

107 1317 261 1357 laboris
293 1329 596 1366 nonnunquam
625 1315 758 1366 capiat
788 1316 962 1356 tedium.
1022 1318 1208 1357 Rursum
1237 1331 1304 1356 me
1332 1317 1570 1356 consolatur
1598 1317 1699 1356 recti

106 1382 354 1423 conscientia
369 1384 422 1430 et,
437 1382 483 1420 ni
497 1380 636 1429 fallor,
652 1393 737 1419 non
756 1380 974 1420 mediocris
993 1382 1091 1420 hinc
1110 1382 1161 1420 ad
1180 1382 1311 1421 bonos
1331 1382 1513 1420 reditura
1527 1382 1695 1421 vtilitas.

107 1447 203 1486 Siue
229 1447 309 1486 huc
335 1448 457 1486 natus
488 1459 592 1494 sum,
615 1459 700 1484 non
725 1447 884 1496 oportet
911 1446 1105 1498 θεομαχεῖν
1130 1447 1348 1498 gigantum
1368 1447 1582 1497 exemplo3
1611 1447 1698 1486 siue

106 1512 193 1562 ipse
219 1512 295 1550 hoc
322 1511 428 1550 mihi
448 1510 595 1549 intriui
617 1510 876 1558 mortarium,
898 1524 973 1561 par
1002 1514 1062 1550 est
1084 1514 1130 1551 vt
1158 1512 1269 1551 idem
1295 1512 1478 1550 exedam.
1538 1512 1700 1551 Postea·
1721 1524 1757 1556 ¹5

105 1590 229 1628 quam
266 1577 311 1615 in
344 1577 422 1616 hoc
455 1575 721 1626 proscenium
750 1575 896 1625 prodii,
927 1577 1157 1627 peragenda
1189 1579 1252 1616 est
1285 1577 1454 1625 fabula3
1496 1577 1547 1615 ad
1582 1577 1700 1616 cuius

106 1642 393 1693 catastrophen
412 1642 497 1680 iam
517 1653 622 1690 pene
640 1642 888 1690 peruentum
909 1642 982 1680 est.
1042 1641 1243 1692 Pel-agam
1267 1643 1406 1680 autem
1431 1643 1473 1679 et
1499 1641 1699 1680 libentius

105 1709 148 1746 et
180 1707 420 1755 accuratius,
455 1708 497 1744 te
531 1706 745 1744 hortatore
777 1707 899 1756 atque
933 1706 1057 1745 etiam
1092 1706 1357 1757 applausore;
1404 1719 1527 1756 super
1560 1706 1700 1746 omnia

105 1786 202 1812 vero
229 1771 494 1822 approbante,
520 1770 643 1808 sicuti
669 1783 800 1820 spero,
822 1769 998 1820 Christo,
1022 1771 1088 1810 cui
1113 1771 1181 1810 vel
1206 1771 1281 1810 vni
1306 1771 1509 1821 placuisse
1535 1771 1698 1810 abunde

106 1836 205 1876 Satis
223 1839 301 1876 est.
1718 1849 1757 1872 20

158 1902 289 1941 Video
309 1901 465 1940 mirum
486 1900 732 1939 eruditionis
747 1913 792 1938 ac
807 1900 975 1950 pietatis
993 1903 1244 1950 prouentum
1258 1901 1303 1939 in
1318 1901 1431 1940 hisce
1445 1900 1694 1951 regionibus,

106 1967 141 2006 si
160 1966 410 2016 contigerint
429 1965 585 2015 aliquot
605 1965 669 2004 tui
690 1965 849 2004 similes
868 1965 1138 2015 Moecenates,
1162 1966 1233 2016 qui
1260 1980 1332 2005 ceu
1353 1966 1472 2016 signo
1491 1967 1626 2004 erecto
1645 1966 1696 2004 ad

106 2043 248 2081 operas
275 2033 449 2069 euocent
477 2021 659 2080 ingenia,
693 2030 765 2080 qui
793 2031 962 2080 premiis
991 2031 1254 2080 extimulent,
1285 2031 1506 2070 autoritate
1536 2033 1693 2069 ornent.

107 2096 223 2145 Quod
245 2095 280 2134 si
298 2096 439 2145 plures
457 2095 522 2133 tui
541 2095 699 2133 similes
720 2108 884 2145 sperare
904 2096 1084 2135 nimium
1103 2099 1176 2145 est,
1198 2096 1304 2135 illud
1326 2097 1433 2135 certe
1455 2096 1693 2146 optandum,

106 2163 153 2200 vt
173 2163 214 2199 te
233 2161 371 2211 superi
391 2160 511 2199 nobis
532 2173 657 2210 quam
682 2160 918 2199 diutissime
943 2161 1076 2200 velint
1099 2161 1363 2206 incolumem,
1385 2161 1546 2211 tibique
1566 2161 1695 2198 istum
1717 2176 1753 2206 25

107 2227 295 2280 animum
321 2238 482 2275 semper
501 2226 545 2263 in
565 2225 717 2263 melius
736 2227 926 2275 augeant,
949 2228 1072 2276 atque
1093 2226 1231 2264 animo
1250 2226 1324 2264 tali
1344 2239 1467 2275 quam
1492 2225 1698 2274 plurimos

106 2305 238 2332 annos
256 2291 419 2330 addant.
480 2290 563 2328 Pro
591 2291 764 2339 paterno
793 2291 970 2340 quodam
999 2291 1128 2329 animi
1157 2291 1219 2328 tui
1247 2290 1291 2328 in
1319 2304 1385 2329 me
1415 2290 1550 2328 studio
1578 2290 1697 2329 video

107 2359 311 2408 quantum
343 2355 524 2394 debeam.
595 2355 788 2394 Ceterum
820 2355 926 2393 mihi
959 2355 1043 2394 iam
1077 2368 1181 2405 pene
1214 2368 1352 2393 serum
1382 2357 1444 2393 est
1472 2368 1566 2393 cum
1596 2354 1695 2393 hera

107 2423 290 2461 Fortuna
322 2433 534 2459 conserere
567 2432 728 2466 manus,
757 2421 798 2458 et
832 2420 877 2458 in
920 2433 1011 2459 eam
1048 2421 1247 2459 harenam
1281 2420 1527 2458 descendere
1560 2433 1583 2458 a
1616 2432 1695 2470 qua

105 2486 269 2526 iuuenis
287 2486 414 2524 etiam
434 2485 640 2524 abhorrui.
701 2484 857 2534 Ingens
876 2485 1012 2524 honus
1032 2487 1093 2524 est
1113 2485 1250 2536 ampla
1269 2485 1446 2533 fortuna,
1467 2498 1590 2535 quam
1609 2497 1692 2523 non
1712 2501 1751 2532 30

106 2551 246 2591 minus
274 2550 432 2601 negocii
458 2550 513 2588 sit
537 2549 743 2588 sustinere
770 2563 892 2600 quam
918 2563 1070 2599 parare.
1128 2550 1216 2589 Hec
1241 2552 1360 2598 aetas,
1383 2551 1459 2588 hec
1486 2549 1690 2598 valetudo,

104 2618 172 2655 hic
199 2616 364 2655 animus
391 2618 584 2665 paratum
612 2615 777 2665 aliquod
806 2628 851 2654 ac
879 2615 996 2654 facile
1025 2615 1252 2666 presidium
1281 2615 1462 2665 postulat
1491 2613 1600 2664 quod
1629 2613 1692 2652 lit-

104 2682 302 2721 terarium
320 2681 457 2719 ocium
476 2694 560 2719 non
579 2681 747 2719 adimat.

148 2788 211 2810 ΤΠ.
235 2780 308 2809 add.
332 2780 360 2808 D
385 2776 446 2816 (DE
468 2780 496 2807 D
511 2789 533 2811 ε,
549 2787 572 2808 A
594 2776 654 2817 Η).
820 2787 846 2808 1.
880 2786 905 2808 s.
934 2786 965 2807 P.
990 2786 1046 2807 om.
1071 2779 1108 2806 D.
1245 2786 1274 2814 5.
1310 2778 1362 2806 D:
1392 2775 1594 2815 queriniam
1617 2775 1687 2806 MS.

109 2833 158 2854 10.
184 2822 243 2853 Sic
258 2823 326 2852 MS.
344 2831 351 2851 ε
375 2820 444 2852 Sed
459 2823 498 2851 D.
617 2822 667 2851 16.
693 2823 721 2850 D
736 2832 744 2851 :
768 2821 975 2860 procenium
991 2822 1061 2851 MS.
1110 2821 1152 2856 Cf.
1172 2822 1228 2856 Ep.
1246 2820 1319 2859 673.
1336 2820 1357 2849 6
1373 2830 1404 2850 u.
1539 2828 1589 2857 17.
1612 2827 1690 2858 per-

106 2868 322 2897 uentumD:
353 2866 569 2903 prouentum
592 2866 659 2895 ΜΒ.
790 2866 839 2894 D:
876 2864 1050 2894 libensius
1077 2866 1145 2894 MS.
1319 2873 1372 2894 22.
1407 2865 1457 2892 D:
1491 2861 1593 2901 cigno
1619 2864 1689 2893 MS.

105 2920 157 2948 24.
190 2911 258 2940 MS.
284 2910 359 2938 LB:
390 2908 523 2947 sperari
545 2909 643 2938 Lond.
798 2917 848 2946 25.
881 2910 933 2937 D:
964 2906 1169 2937 incolumen
1192 2908 1262 2937 MS.
1422 2906 1474 2936 26.
1507 2905 1572 2936 tali
1594 2908 1690 2937 MS.:

105 2954 166 2983 isti
189 2955 227 2983 D.
361 2960 413 2989 30.
438 2960 528 2981 onus
542 2953 580 2987 D.

541 3037 588 3058 10.
616 3025 750 3068 versor]
767 3026 819 3058 Cf.
837 3026 912 3058 Cic.
932 3029 1016 3057 Verr.
1034 3036 1063 3057 2.
1085 3035 1115 3065 5.
1136 3034 1184 3063 14.
1204 3035 1256 3065 35.

866 3095 889 3120 O
909 3093 933 3118 2
