2034 3433
116 215 214 270 939]
405 216 477 255 ΤΟ
514 214 678 255 DUKE
720 212 1050 253 FREDERICK
1089 213 1159 251 OF
1197 211 1433 252 SAXONY
1639 212 1715 250 531

115 321 435 362 sceleratissima
464 335 529 360 res
567 323 630 360 est
667 322 882 370 praetextu
923 320 1202 359 defendendae
1238 319 1336 358 fidei
1375 318 1529 357 nostris
1565 317 1722 356 seruire

116 387 428 438 cupiditatibus.
489 387 535 426 Si
555 387 752 437 quicquid
772 386 817 424 in
837 386 1000 425 scholas
1019 387 1233 436 receptum
1254 388 1328 433 est,
1346 384 1560 423 oraculum
1578 382 1722 421 haberi

116 454 277 502 volunt,
300 467 374 492 cur
406 452 518 491 inter
551 466 595 491 se
634 452 798 491 scholae
832 451 1121 490 dissentiunt?
1163 465 1236 490 cur
1268 450 1506 489 scholastici
1533 449 1721 488 doctores
1739 458 1780 491 95

114 519 224 558 inter
260 531 348 558 sese
384 519 574 568 pugnant
607 531 653 556 ac
686 517 1000 567 digladiantur?
1055 515 1149 554 Imo
1175 529 1248 554 cur
1280 515 1325 553 in
1357 516 1500 554 eadem
1535 513 1723 554 Sorbona

115 585 338 634 theologus
383 596 406 622 a
455 582 648 632 theologo
691 582 921 621 dissentit?
995 582 1089 620 Imo
1135 594 1361 631 perpaucos
1416 580 1595 631 reperias
1651 578 1723 628 qui

115 648 394 696 consentiant,
420 648 503 687 nisi
537 648 823 698 conspirarint.
883 647 953 685 Ad
985 647 1100 690 haec,
1120 660 1205 684 non
1239 659 1331 685 raro
1356 645 1724 696 deprehenduntur

116 715 313 754 damnare
345 713 392 752 in
426 714 657 752 recentium
689 712 810 751 libris
835 713 943 763 quod
978 713 1023 750 in
1047 712 1286 761 Augustino
1320 714 1392 750 aut
1426 713 1610 750 Ger-sone
1636 722 1722 748 non

116 780 336 822 damnant,
355 778 472 829 quasi
491 778 646 817 veritas
666 792 761 816 cum
788 780 930 816 autore
956 779 1152 816 mutetur.
1213 778 1295 816 Eos
1315 776 1466 827 quibus
1485 777 1641 824 fauent,
1663 774 1723 813 sic
1744 785 1806 807 100

115 845 264 896 legunt
281 846 328 883 vt
347 843 489 883 omnia
507 845 748 893 torquentes
767 843 876 881 nihil
891 857 975 881 non
990 844 1198 881 excusent.
1249 843 1408 892 Quibus
1432 841 1587 880 infensi
1609 842 1720 887 sunt,

117 910 178 950 sic
198 910 345 960 legunt
363 911 412 948 vt
432 909 541 947 nihil
561 922 648 948 non
667 909 988 947 calumnientur.

173 975 343 1026 Optima
381 973 693 1012 Christianismi
730 986 826 1024 pars
858 976 922 1013 est
950 974 1037 1012 vita
1075 973 1239 1012 Christo
1288 973 1423 1023 digna.
1483 974 1596 1022 Quae
1629 987 1725 1013 cum

119 1040 314 1092 suppetit,
349 1053 436 1078 non
465 1039 588 1078 debet
616 1053 707 1079 esse
735 1039 872 1078 facilis
900 1040 1116 1079 haereseos
1144 1039 1338 1088 suspicio.
1403 1039 1524 1078 Nunc
1553 1039 1724 1090 quidam

118 1120 227 1145 noua
258 1105 640 1144 comminiscuntur
673 1105 961 1153 fundamenta,
981 1106 1040 1144 sic
1077 1105 1190 1143 enim
1210 1106 1377 1152 vocant,
1396 1105 1475 1144 hoc
1504 1107 1568 1144 est
1595 1118 1727 1143 nouas
1748 1111 1807 1145 105

116 1172 230 1221 leges
248 1171 443 1218 condunt,
466 1183 538 1219 per
557 1184 660 1220 quas
679 1171 852 1210 doceant
871 1170 1125 1209 haereticum
1144 1183 1233 1208 esse
1253 1170 1450 1220 quicquid
1471 1183 1557 1208 non
1576 1170 1724 1220 placet.

119 1237 319 1286 Quisquis
356 1235 535 1274 alterum
574 1236 791 1274 haereseos
828 1239 1003 1284 accusat,
1046 1236 1135 1286 ipse
1177 1238 1383 1286 praestare
1427 1236 1550 1274 debet
1588 1249 1725 1274 mores

119 1302 361 1341 Christiano
391 1300 548 1350 dignos,
581 1301 829 1340 charitatem
857 1301 903 1340 in
933 1302 1205 1349 admonendo,
1237 1300 1455 1340 lenitatem
1486 1301 1531 1339 in
1560 1300 1724 1350 corripi-

118 1367 242 1415 endo,
261 1365 483 1404 candorem
512 1366 556 1404 in
585 1366 819 1414 iudicando,
842 1366 1142 1405 lentitudinem
1162 1366 1207 1404 in
1230 1366 1557 1416 pronunciando.
1617 1365 1725 1404 Cum

119 1445 242 1471 nemo
274 1432 465 1469 nostrum
502 1433 638 1469 careat
672 1431 831 1479 erratis,
864 1445 936 1470 cur
967 1431 1124 1470 alienos
1157 1432 1297 1481 lapsus
1330 1434 1418 1469 tam
1451 1431 1725 1470 inclementer
1746 1440 1807 1462 1¹0

117 1497 405 1536 insectamur‘?
461 1495 545 1533 Cur
577 1497 790 1535 malumus
823 1497 991 1535 vincere
1029 1509 1154 1546 quam
1193 1497 1360 1544 mederi,
1385 1510 1458 1535 cur
1491 1497 1725 1546 opprimere

119 1575 245 1613 quam
274 1561 454 1600 docere?
508 1562 568 1599 At
596 1560 668 1599 ille
697 1562 770 1612 qui
798 1562 912 1600 solus
942 1562 1133 1601 omnium
1164 1562 1280 1601 omni
1309 1562 1440 1600 caruit
1467 1575 1615 1610 errore,
1639 1575 1726 1600 non

119 1626 368 1667 comminuit
415 1626 612 1664 baculum
650 1627 908 1665 confractum
952 1641 1027 1666 nec
1069 1626 1278 1677 extinguit
1319 1627 1457 1665 linum
1499 1627 1722 1677 fumigans.

119 1691 386 1743 Augustinus
419 1691 470 1729 de
499 1691 734 1731 Donatistis
761 1693 984 1743 plusquam
1023 1692 1220 1732 hereticis
1247 1706 1385 1742 agens,
1422 1705 1507 1731 non
1536 1692 1630 1731 vult
1656 1705 1726 1731 eos

118 1758 211 1809 cogi
248 1759 428 1804 tantum,
466 1770 551 1795 non
591 1757 752 1797 doceri:
796 1760 837 1796 et
869 1757 920 1796 ab
954 1758 1107 1797 horum
1141 1758 1370 1797 ceruicibus
1404 1758 1725 1808 magistratuum
1748 1768 1807 1800 115

122 1823 284 1874 gladios
309 1821 494 1872 depellit,
514 1836 693 1872 quorum
717 1823 814 1862 sicis
841 1823 929 1873 ipse
956 1824 1142 1874 quotidie
1168 1823 1460 1873 impetebatur.
1521 1823 1607 1862 Nos
1633 1837 1727 1874 quo-

119 1901 216 1926 rum
237 1887 457 1938 proprium
477 1901 634 1926 munus
648 1889 711 1926 est
731 1889 887 1937 docere,
911 1901 1053 1938 cogere
1073 1888 1298 1935 malumus,
1323 1888 1420 1938 quia
1439 1888 1613 1926 facilius.

178 1953 282 2003 Hec,
305 1952 593 1993 illustrissime
613 1953 722 2001 Dux,
745 1967 793 1992 eo
820 1954 956 1993 scribo
982 1954 1165 2001 liberius,
1188 1967 1268 2004 quo
1288 1954 1430 1991 minus
1449 1953 1500 1991 ad
1520 1966 1587 1991 me
1607 1953 1726 2002 perti-

121 2021 194 2058 net
213 2031 338 2056 causa
357 2017 622 2057 Lutheriana.
658 2020 890 2069 Caeterum,
906 2022 954 2058 vt
972 2021 1069 2058 tuae
1087 2019 1349 2057 celsitudinis
1370 2020 1433 2057 est
1446 2018 1726 2057 Christianam

123 2083 368 2133 religionem
387 2083 542 2132 pietate
570 2085 644 2122 tua
672 2086 898 2134 protegere,
917 2085 977 2123 ita
1006 2084 1250 2134 prudentiae
1279 2086 1341 2122 est
1362 2097 1446 2122 non
1467 2083 1726 2121 committere
1747 2095 1808 2117 120

120 2150 169 2187 vt
202 2148 422 2197 quisquam
451 2148 664 2194 innocens,
684 2151 725 2187 te
753 2149 943 2188 iusticiae
971 2149 1170 2199 praeside,
1207 2149 1284 2187 sub
1313 2150 1532 2197 praetextu
1561 2148 1727 2197 pietatis

121 2213 360 2262 aliquorum
389 2212 600 2262 impietati
633 2214 816 2252 dedatur.
876 2215 982 2253 Vult
1012 2214 1123 2252 idem
1157 2215 1240 2252 Leo
1273 2213 1480 2261 Pontifex,
1517 2213 1584 2251 cui
1616 2213 1726 2252 nihil

122 2277 261 2327 magis
287 2278 352 2315 est
380 2277 494 2315 cordi
523 2291 650 2327 quam
670 2280 716 2316 vt
745 2279 838 2317 tuta
866 2279 922 2317 sit
950 2279 1202 2318 innocentia.
1263 2278 1388 2317 Pater
1406 2278 1545 2317 vocari
1564 2279 1725 2328 gaudet,

123 2356 199 2381 nec
233 2343 348 2380 amat
381 2355 450 2380 eos
477 2342 548 2392 qui
574 2342 650 2380 sub
678 2342 809 2392 ipsius
829 2343 977 2382 vmbra
1006 2344 1275 2393 tyrannidem
1302 2345 1526 2382 excercent.
1584 2343 1728 2394 Neque

123 2407 347 2458 quisquam
367 2407 501 2456 magis
526 2409 644 2457 paret
668 2408 811 2447 animo
838 2408 1057 2447 Pontificis
1084 2422 1209 2458 quam
1235 2409 1271 2447 is
1305 2409 1377 2459 qui
1405 2409 1514 2458 quod
1534 2408 1790 2458 aequissi-tz5

124 2484 244 2511 mum
264 2474 328 2510 est
357 2472 584 2522 exequitur.
644 2472 753 2521 Quid
781 2473 905 2512 isthic
936 2474 986 2512 de
1015 2474 1199 2512 Luthero
1228 2474 1411 2512 sentiant
1428 2473 1589 2512 nescio:
1619 2476 1728 2513 certe

124 2537 193 2575 hic
211 2535 333 2575 video
362 2536 490 2575 libros
518 2537 636 2576 illius
664 2537 715 2576 ab
744 2538 914 2588 optimis
943 2538 1174 2589 quibusque
1195 2538 1464 2588 cupidissime
1482 2538 1576 2589 legi,
1599 2551 1727 2589 quan-

174 2626 216 2662 E.
230 2625 268 2661 C.
285 2625 327 2661 G.
340 2626 449 2662 welle
462 2627 642 2671 Christus,
655 2628 720 2664 der
737 2628 962 2675 allmechtig
975 2629 1072 2675 cwig
1083 2629 1186 2672 Gott,
1199 2629 1280 2665 iren
1294 2629 1448 2664 Landen
1458 2629 1532 2663 vnd
1544 2629 1725 2672 Leutenu,

169 2734 224 2763 94.
248 2723 390 2755 scholas
408 2736 452 2765 αγ
469 2736 477 2756 :
500 2725 633 2756 scholis
648 2726 703 2760 βδ.
872 2728 925 2765 96.
951 2736 1027 2757 sese
1042 2737 1110 2766 ‘²72
1134 2737 1170 2757 se
1186 2728 1220 2760 β,
1397 2736 1467 2763 104.
1495 2726 1645 2765 quidam
1666 2727 1728 2758 116:

127 2767 282 2807 quedam
297 2779 330 2808 σγ.
470 2770 541 2800 106.
566 2770 605 2798 αδ
621 2780 629 2800 :
653 2769 829 2800 condiunt
845 2781 878 2810 γ.
1016 2779 1088 2810 109.
1115 2769 1378 2800 lentitudinem
1394 2780 1458 2809 α-γ;
1484 2769 1728 2801 lenitudinem

126 2812 178 2845 βδ.
343 2820 416 2849 113.
442 2811 560 2842 linum
577 2813 594 2842 δ
610 2823 618 2843 :
641 2813 784 2852 lignum
800 2825 830 2845 α.
996 2823 1067 2852 115.
1093 2814 1238 2844 tantum
1254 2822 1327 2843 non
1343 2823 1408 2852 ‘²72
1433 2813 1495 2843 sed
1510 2814 1657 2844 tantum
1673 2815 1726 2848 βδ.

130 2863 203 2892 117.
221 2855 280 2885 αδε
303 2854 475 2886 malimus
491 2866 525 2894 Ὗ.
619 2865 691 2895 119.
708 2856 918 2888 Lutherana
935 2858 961 2888 δ.
1020 2856 1268 2887 Christianam
1283 2857 1322 2886 αδ
1336 2868 1344 2887 2
1368 2866 1425 2886 om.
1443 2867 1478 2895 γ.
1572 2858 1644 2888 126.
1660 2868 1729 2898 ·αγ;

128 2897 304 2929 Lutherio
318 2899 352 2932 β.
493 2908 564 2938 127.
592 2899 693 2931 illius
708 2911 752 2941 αγ
768 2911 777 2931 t
800 2902 879 2932 eius
894 2903 929 2936 β.
1022 2900 1256 2940 cupidissime
1272 2911 1316 2939 αγ
1330 2911 1336 2930 :
1363 2910 1421 2931 om.
1438 2901 1471 2934 B.

171 2997 224 3027 99.
250 2986 423 3028 Gersone]
441 2986 506 3018 See
521 2986 584 3026 Ep.
605 2997 681 3026 224.
702 2997 741 3017 12
756 2998 791 3020 n.
963 2988 1036 3019 But
1053 2989 1092 3019 in
1108 2988 1195 3019 both
1210 2989 1369 3020 editions
1385 2989 1424 3019 of
1436 2989 1497 3020 the
1511 2989 1598 3021 New
1610 2989 1729 3021 Testa-

175 3039 247 3068 113.
262 3029 398 3071 linum]
416 3030 463 3062 Is.
477 3040 576 3069 42.3‚
586 3031 718 3070 quoted
735 3032 775 3062 in
788 3032 891 3065 Matt.
962 3033 1064 3063 ment
1080 3031 1250 3063 Erasmus
1274 3032 1339 3063 has
1359 3035 1481 3065 linum:
1506 3043 1543 3064 so
1567 3033 1647 3064 that
1670 3033 1729 3064 his

131 3083 181 3106 12.
193 3084 235 3104 20
250 3084 258 3112 ;
274 3073 395 3105 where
409 3083 477 3105 one
488 3074 574 3114 MS„
588 3074 624 3114 C,
638 3075 740 3106 reads
755 3077 893 3113 liquam.
961 3085 1031 3115 pen
1047 3075 1133 3106 here
1149 3075 1214 3107 has
1231 3076 1381 3116 slipped.

857 3142 997 3169 mm2
