2034 3433
258 157 336 195 126
721 154 971 194 LETTERS
1009 151 1079 190 OF
1117 150 1383 191 ERASMUS
1723 147 1761 201 [1
1773 160 1794 198 5
1803 162 1817 186 1
1828 158 1847 197 7

253 260 476 308 colluctari,
500 259 609 298 vnde
630 260 791 309 praeter
810 257 1000 302 scabiem,
1020 255 1134 293 virus
1149 257 1189 293 et
1205 255 1401 304 probrum
1418 254 1525 293 nihil
1538 254 1668 303 possit
1684 255 1847 303 auferri,

253 326 340 365 siue
359 326 535 365 victores
555 324 643 362 siue
663 323 763 361 victi
784 321 1019 360 discedant!
1078 320 1168 358 Hec
1188 322 1249 358 est
1269 320 1415 358 Alecto
1430 319 1636 358 furiarum
1657 320 1847 368 maxima,

253 405 331 441 que
361 390 460 429 belli
490 390 657 439 signum
685 387 797 425 canit
821 387 1014 425 Tartarea
1042 384 1228 433 buccina,
1254 384 1428 424 Satanae
1458 383 1681 433 apostolus,
1708 397 1849 423 semen

194 472 235 502 30
254 456 416 504 diaboli,
440 455 764 504 hypocrytarum
786 450 1047 501 quorundam
1069 463 1281 500 organum,
1303 451 1546 499 personatus
1571 451 1852 498 propugnator

252 521 361 568 fidei,
384 533 505 558 verus
526 518 668 566 hostis,
683 531 733 555 ex
748 518 922 555 nocente
937 515 1067 554 Iudeo
1082 515 1294 553 nocentior
1307 515 1579 554 Christianus.
1622 513 1852 564 Indignum

253 586 413 624 facinus
441 584 563 622 istius
591 582 921 621 abominandum
956 594 1108 619 nomen
1136 579 1182 618 in
1209 580 1328 618 libris
1357 579 1615 617 eruditorum
1657 579 1765 628 legi!
1805 582 1852 618 vt

252 648 538 688 indoctissimo
561 646 762 686 nebuloni
781 646 1038 696 respondeas,
1062 645 1179 695 perdi
1194 645 1322 683 bonas
1341 645 1488 683 horas!
1519 644 1700 682 Hercule
1720 644 1853 695 magis

252 727 356 764 opus
386 717 458 760 est,
492 713 562 763 qui
595 712 748 751 Cacum
778 712 938 750 victum
970 711 1108 760 aliquo
1137 709 1386 761 praecipitet,
1424 709 1548 760 idque
1578 709 1624 747 in
1656 711 1851 758 tempore.

194 796 232 829 35
253 780 408 818 Nocere
433 778 687 817 facillimum
711 779 784 824 est,
818 778 860 814 et
892 776 1023 815 semel
1054 777 1193 814 ortum
1224 775 1305 814 late
1334 776 1508 825 vagatur
1530 774 1782 822 incendium,
1813 777 1854 813 et

253 857 460 882 venenum
480 844 669 893 contagio
689 842 890 893 paulatim
917 841 1054 891 serpit.
1113 841 1242 880 Crede
1262 840 1379 888 mihi,
1401 840 1436 878 si
1456 841 1580 879 Cesar
1597 840 1675 878 hoc
1693 842 1854 890 porten-

252 912 344 948 tum
373 908 605 956 confecerit‚
632 907 794 946 facinus
823 906 1040 956 pulchrius
1069 906 1290 945 confecerit
1319 918 1444 956 quam
1474 905 1507 943 si
1538 906 1853 944 Sarracenorum

252 975 382 1012 aciem
398 974 643 1023 profligaret.
685 973 767 1011 Hic
782 972 915 1010 hostis
927 971 971 1010 in
985 971 1318 1010 Christianorum
1333 971 1615 1021 penetralibus
1631 972 1849 1020 grassatur,

253 1041 293 1077 et
323 1040 399 1078 hoc
428 1041 640 1089 grassatur
673 1037 892 1076 nocentius
921 1038 1029 1087 quod
1059 1037 1212 1076 nostris
1240 1037 1368 1075 armis
1388 1037 1620 1085 nostrisque
1638 1035 1854 1086 praesidiis

194 1124 235 1154 40
253 1118 329 1143 nos
345 1106 568 1154 oppugnat.
633 1104 677 1143 Si
692 1103 912 1151 videbitur,
933 1102 1196 1141 hortabimur
1207 1101 1484 1140 iustissimum
1500 1101 1689 1140 Cesarem
1701 1100 1856 1140 litteris

251 1169 316 1220 <vt
337 1170 463 1208 talem
482 1170 640 1209 rabiem
667 1168 1009 1219 compescendam
1037 1170 1162 1215 curet,
1184 1181 1269 1206 non
1297 1165 1434 1218 libris>
1461 1166 1625 1215 nostris,
1650 1166 1721 1204 sed
1742 1165 1856 1204 claua

255 1236 473 1275 Herculea.
535 1236 650 1274 Bene
663 1235 764 1282 vale,
784 1234 1022 1273 doctissime
1035 1233 1202 1284 Banysi.
1260 1232 1436 1272 Louanii
1454 1246 1474 1281 3
1493 1232 1634 1271 Nonas
1649 1233 1687 1271 N
1691 1232 1852 1271 ouemb.

1209 1315 1411 1352 Erasmus
1432 1313 1744 1351 Roteradamus.

707 1454 804 1492 701.
865 1451 930 1491 To
961 1450 1088 1491 JOHN
1121 1450 1395 1492 CAESARms.

300 1544 486 1578 Deventer
502 1542 578 1577 MS.
599 1553 656 1588 91,
674 1542 698 1577 f.
718 1544 775 1578 66.
1508 1540 1683 1576 Louvain.

302 1602 372 1636 LB.
391 1601 487 1647 App.
507 1611 587 1636 202.
1389 1610 1408 1643 3
1429 1598 1632 1634 November
1651 1598 1803 1644 (1517).

697 1682 992 1723 [Contemporary
1007 1680 1098 1712 with
1116 1681 1203 1720 Epp.
1225 1690 1297 1720 700,
1318 1678 1410 1720 703.]

692 1770 901 1800 ERASMVS
932 1768 1157 1800 CAESARIO
1189 1769 1272 1799 SVO
1304 1768 1338 1798 S.
1367 1768 1408 1798 D.

308 1842 513 1880 Svsmcon
540 1842 704 1880 luscum
729 1842 854 1881 illum
878 1841 1004 1880 fuisse
1035 1841 1106 1891 qui
1137 1853 1180 1878 se
1206 1840 1383 1878 iactabat
1403 1853 1426 1878 a
1446 1839 1566 1878 nobis
1586 1839 1853 1878 emandatum

256 1908 443 1946 Romam.
506 1907 616 1946 Eum
642 1909 737 1946 ante
756 1920 915 1946 annum
939 1907 1043 1945 forte
1063 1906 1240 1944 Romam
1259 1908 1430 1944 euntem
1450 1905 1569 1943 Nouo
1588 1905 1854 1944 Testamento

256 1973 533 2021 onerauimus,
554 1972 719 2022 scriptis
736 1972 786 2010 ad
804 1973 905 2010 duos
922 1971 1159 2011 Cardinales
1173 1971 1338 2019 litteris,
1355 1971 1426 2020 qui
1441 1970 1597 2009 librum
1614 1970 1854 2010 exhiberent

256 2050 420 2076 summo
436 2037 646 2076 Pontifici.
698 2037 900 2075 Dedimus
911 2038 952 2075 et
964 2036 1173 2075 viaticum.
1225 2037 1285 2075 At
1300 2036 1334 2074 is
1349 2036 1484 2074 bonus
1496 2035 1560 2074 vir
1575 2036 1677 2074 duos
1691 2048 1855 2074 menses

218 2120 235 2149 5
256 2102 542 2141 obambulauit
571 2103 615 2140 in
644 2103 820 2151 Eluetia,
841 2101 1085 2141 mendicans
1112 2101 1263 2152 vbique
1292 2114 1382 2139 meo
1411 2100 1580 2139 nomine
1608 2103 1649 2139 et
1673 2101 1853 2139 codicem

254 2167 406 2218 vbique
427 2168 732 2216 circumferens,
752 2181 881 2218 vsque
900 2167 950 2206 ad
967 2168 1182 2206 Caesarem
1202 2180 1225 2205 a
1245 2180 1325 2216 quo
1346 2168 1504 2216 septem
1524 2166 1658 2205 aureis
1677 2166 1855 2205 donatus

255 2234 330 2272 est.
375 2233 419 2271 Is
441 2235 534 2272 tuas
549 2234 712 2272 litteras
732 2233 838 2271 mihi
858 2246 943 2271 non
963 2232 1164 2280 reddidit3
1194 2231 1265 2270 sed
1281 2233 1502 2282 antequam
1516 2233 1609 2271 tuas
1624 2233 1854 2282 postremas

255 2299 512 2348 accepissem,
545 2299 646 2337 adiit
675 2312 743 2337 me
771 2297 957 2346 Louanii,
984 2297 1127 2336 dicens
1154 2310 1197 2336 se
1225 2298 1311 2336 iam
1334 2297 1512 2335 Romam
1540 2297 1662 2345 adire,
1694 2296 1731 2335 si
1755 2296 1853 2346 quid

255 2363 420 2402 vellem.
485 2364 666 2402 Proinde
704 2366 750 2402 tu
790 2362 1027 2401 istiusmodi
1065 2375 1232 2401 errones
1269 2362 1335 2400 vel
1373 2362 1483 2400 fuste
1520 2362 1687 2411 abigito,
1721 2375 1854 2411 neque

200 2447 237 2468 10
255 2429 447 2478 cuiquam
486 2429 647 2468 dederis
681 2429 902 2479 quicquam
940 2428 1025 2466 nisi
1056 2441 1178 2477 quem
1217 2427 1321 2466 meis
1358 2427 1512 2465 litteris
1549 2427 1848 2465 commendaro.

254 2494 397 2532 Audio
425 2495 466 2532 te
495 2494 657 2533 inhiare
685 2493 911 2533 sacerdotio
939 2493 1047 2544 apud
1068 2492 1297 2539 Leodium;
1326 2492 1433 2542 quod
1456 2491 1619 2530 vtinam
1648 2491 1848 2539 succedat,

254 2558 312 2596 mi
332 2559 493 2598 Cesari!

300 2660 374 2691 700.
400 2660 451 2691 28.
478 2660 605 2691 Alecto
621 2663 675 2691 LB
690 2672 697 2691 :
714 2662 804 2692 lecto
821 2663 891 2692 MS.
960 2669 1013 2698 32.
1035 2659 1314 2690 obominandum
1326 2661 1395 2689 MS.
1466 2668 1518 2697 40.
1545 2658 1771 2689 hortabimus
1782 2660 1851 2690 MS.

254 2705 324 2733 Post
339 2704 483 2743 litteris,
504 2707 552 2734 vbi
560 2707 640 2740 finis
655 2709 698 2735 est
712 2715 827 2744 vei-sm,
845 2707 964 2734 vidntur
981 2706 1076 2734 deesse
1093 2713 1197 2733 versus
1212 2705 1299 2732 totus.
1440 2704 1482 2739 Cf.
1501 2713 1545 2732 vv.
1563 2712 1641 2741 33,4
1658 2706 1684 2733 et
1698 2705 1758 2738 Ep.
1777 2711 1850 2740 703.

260 2756 353 2785 17-9.
400 2757 454 2785 42.
480 2747 642 2779 Noucnb.
660 2751 730 2779 MS.
780 2749 854 2778 701.
879 2750 911 2778 6.
935 2747 1053 2778 aureis
1069 2749 1122 2776 LB
1137 2757 1143 2776 :
1159 2754 1285 2776 aureos
1302 2747 1370 2776 MS.
1422 2755 1471 2776 11.
1497 2746 1592 2785 quod
1610 2748 1662 2776 LB
1677 2756 1684 2776 z
1700 2746 1763 2785 qui
1782 2748 1850 2776 MS.

300 2812 444 2873 TOOJ29.
461 2812 605 2874 signum
623 2835 737 2876 canit]
757 2834 809 2866 Cf.
822 2835 922 2874 Verg.
938 2837 1021 2865 Aen.
1094 2834 1196 2871 1516;
1221 2832 1264 2863 cf.
1283 2832 1373 2872 Epp.
1390 2834 1464 2872 446.
1483 2834 1602 2873 68-70,
1621 2834 1695 2873 835.
1716 2843 1808 2872 13-5.

258 2886 287 2914 7.
303 2886 419 2916 5134
1132 2886 1162 2915 3.
1189 2875 1413 2917 Cardinales]
1433 2877 1610 2917 Probably
1635 2878 1755 2908 Riario
1778 2876 1849 2908 and

300 2920 372 2951 701.
407 2930 433 2951 1.
458 2921 617 2961 luscum]
650 2921 810 2961 Perhaps
842 2921 1019 2961 Meghen3
1089 2919 1272 2957 Grimani;
1295 2919 1338 2950 cf.
1357 2920 1445 2959 Epp.
1463 2930 1571 2960 333‚4.

255 2962 297 2994 cf.
316 2963 380 3002 Ep.
397 2974 472 3002 937.
494 2974 521 2995 1.
1174 2963 1323 3003 litteris]
1350 2962 1444 2994 Lost.

299 3016 331 3037 2.
355 3013 438 3037 ante
470 3007 626 3048 annum]
665 3008 790 3048 Really
825 3019 854 3038 c.
896 3007 1016 3038 March
1133 3016 1159 3044 7.
1186 3006 1397 3047 postremas]
1415 3007 1573 3047 Perhaps
1587 3007 1649 3047 Ep.
1664 3007 1739 3039 680.
