2034 3433
317 171 369 209 42
779 171 1026 210 LETTERS
1065 170 1135 208 OF
1173 169 1438 209 ERASMUS

1777 167 1901 222 [1517

314 276 442 315 uauit.
510 274 669 314 Deinde
706 273 885 313 declarat
923 276 963 312 te
1000 286 1085 312 non
1122 272 1259 312 solum
1292 275 1490 313 incolumi
1528 287 1614 313 esse
1652 273 1900 321 valetudine,

280 359 297 390 5
315 354 459 380 verum
490 341 616 379 etiam
645 339 826 378 fortunis
859 340 1027 377 auctum
1059 351 1104 377 ac
1136 338 1360 388 dignitate:
1401 353 1482 391 qua
1513 353 1556 378 re
1589 338 1687 390 quid
1717 339 1905 378 nunciari

316 408 476 456 poterat
497 405 675 456 optatius
687 406 708 443 ‘?
763 405 981 443 Postremo
999 403 1137 454 palam
1162 405 1297 454 arguit
1317 419 1440 456 quam
1465 408 1604 445 tecum
1623 405 1711 455 ipse
1728 404 1903 443 feliciter

318 471 509 520 certaris3
546 471 589 509 id
618 470 809 508 videlicet
836 482 962 519 agens
991 471 1038 507 vt
1065 483 1161 508 cum
1189 469 1272 509 iam
1306 471 1406 510 olim
1434 485 1540 511 vena
1570 470 1766 509 carminis
1795 482 1907 509 esses

316 536 564 584 felicissima,
600 548 741 585 parem
778 534 823 572 in
858 534 1042 574 oratione
1074 547 1196 585 prosa
1232 535 1472 575 facultatem
1505 537 1718 576 obtineres.
1790 535 1906 584 Quod

317 602 468 640 attinet
500 601 550 639 ad
584 601 725 639 laudes
757 612 857 650 quas
890 602 938 638 tu
968 603 1050 638 ταῖν
1080 602 1221 650 ἀμφοῖν
1252 600 1296 639 in
1329 615 1396 640 me
1426 602 1622 653 congeris,
1656 601 1775 640 facile
1805 600 1907 639 boni

264 685 302 707 ιο
317 666 496 714 consulo,
520 667 556 705 si
580 665 702 704 modo
731 667 820 703 tam
845 677 959 703 amas
980 664 1202 704 immodice
1225 679 1348 716 quam
1374 680 1459 705 non
1484 667 1645 706 modice
1672 665 1908 717 praedicas:

317 731 483 771 tametsi
501 745 554 770 ne
579 730 677 781 quid
704 729 890 778 mentiar,
913 730 1056 768 eximii
1080 731 1282 781 praesulis
1302 731 1501 781 Stephani
1527 731 1759 779 Poneherii,
1783 731 1907 770 Fran·

319 797 417 836 cisci
455 796 631 845 Deloini⁷
674 795 907 834 Guilhelmi
943 795 1101 834 Budaei
1142 796 1285 835 laudes
1321 809 1407 835 non
1447 797 1569 846 paulo
1612 797 1768 835 maiore
1810 808 1909 835 cum

318 862 530 912 voluptate
559 860 642 911 legi
670 873 795 910 quam
824 873 949 899 meas.
1010 861 1075 899 Me
1105 874 1201 900 vero
1232 861 1332 900 dum
1361 862 1483 900 doces
1511 863 1710 912 quantum
1739 861 1908 900 debeam

319 928 510 977 Episcopi
538 926 918 976 studio‚-quantum
946 926 1161 966 literarum
1188 927 1427 977 proceribus
1455 927 1630 966 Deloino
1658 929 1700 966 et
1725 927 1904 974 Budaeo‚

264 1012 299 1042 15
319 995 485 1043 gratum
518 993 580 1030 est
611 992 718 1042 quod
752 991 873 1030 officii
900 1005 1062 1042 quoque
1091 992 1174 1031 mei
1205 1005 1271 1031 me
1300 992 1630 1031 commonefacis.
1691 991 1908 1031 Caeterum

320 1071 400 1108 quo
419 1057 621 1108 prolixius
640 1070 707 1096 me
725 1057 898 1096 laudant
915 1057 997 1104 isti,
1015 1057 1092 1096 hoc
1106 1057 1240 1108 magis
1254 1057 1460 1096 deterrent
1479 1057 1529 1096 ab
1548 1057 1735 1096 adeunda
1754 1056 1910 1097 Gallia:

319 1136 417 1162 nam
437 1123 510 1173 qui
529 1123 664 1162 ausim
683 1122 824 1161 venire
843 1124 930 1160 tam
949 1124 1122 1161 onustus
1140 1125 1187 1161 vt
1207 1122 1298 1161 istis
1324 1124 1411 1161 tam
1431 1122 1663 1173 magnificis
1681 1121 1910 1173 praeconiis

319 1189 467 1227 scirem
505 1201 592 1227 esse
631 1188 996 1237 respondendum?
1065 1187 1169 1226 Mihi
1206 1201 1366 1238 semper
1401 1188 1539 1228 arrisit
1577 1187 1737 1235 Gallia3
1778 1200 1911 1238 neque

319 1255 427 1294 clam
453 1257 516 1293 est
539 1267 666 1305 quam
690 1253 758 1292 hic
783 1253 943 1292 inuisae
972 1253 1057 1292 sint
1086 1254 1218 1292 bonae
1240 1254 1393 1302 literae,
1423 1255 1713 1304 τυραννευόντων
1737 1256 1910 1304 μοναχῶν

264 1338 303 1359 20
319 1338 426 1359 τινων
453 1321 696 1371 ψευδωνύμων
725 1319 785 1357 καὶ
812 1319 1081 1371 ματαιολόγων,
1104 1320 1175 1370 qui
1199 1319 1318 1358 facile
1346 1319 1683 1370 Paphlagonibus
1711 1332 1756 1358 ac
1785 1318 1910 1357 Midis

319 1386 554 1437 imponunt.
613 1385 693 1425 Sed
727 1384 861 1424 adhuc
890 1383 1027 1423 nescio
1056 1384 1207 1434 quibus
1236 1385 1502 1435 compedibus
1526 1398 1594 1423 me
1622 1397 1741 1423 meus
1768 1383 1912 1433 alligat

320 1452 477 1503 genius.
545 1450 821 1501 Amplissima
857 1452 967 1498 sunt,
1010 1449 1151 1498 fateor,
1187 1463 1290 1500 quae
1326 1449 1434 1488 mihi
1469 1449 1750 1488 liberalissimi
1786 1448 1913 1499 Regis

320 1517 490 1556 nomine
528 1517 780 1555 deferuntur.
846 1515 971 1565 Apud
1010 1528 1077 1553 me
1115 1516 1256 1553 tamen
1293 1515 1388 1565 plus
1421 1514 1545 1553 habet
1583 1514 1788 1554 momenti
1823 1516 1911 1552 tam

320 1583 549 1633 insignium
564 1583 751 1622 virorum
762 1581 1024 1620 familiaritas
1038 1594 1164 1631 quam
1184 1580 1344 1631 regium
1358 1581 1710 1628 autoramentum3
1734 1579 1913 1630 quando-

265 1664 279 1684 2
286 1663 302 1694 5
321 1648 487 1698 quidem
507 1650 547 1686 et
566 1647 674 1686 hanc
686 1649 825 1686 vestro
845 1646 1014 1685 nomine
1029 1659 1104 1695 pro
1124 1658 1166 1684 se
1182 1646 1356 1696 quisque
1375 1645 1641 1696 pollicemini.
1684 1645 1911 1684 Fortunam

321 1713 445 1753 istam
465 1714 619 1752 iterum
640 1714 761 1762 atque
781 1713 935 1751 iterum
952 1711 1031 1749 tibi
1055 1711 1242 1761 gratulor
1269 1712 1355 1749 tam
1381 1709 1564 1761 amplam
1584 1712 1630 1749 vt
1655 1712 1776 1761 putes
1794 1709 1911 1749 vtris·

322 1792 402 1829 que
421 1778 542 1817 nobis
561 1778 850 1816 suffecturam:
881 1775 1214 1827 quandoquidem
1234 1775 1388 1815 inuitas
1407 1776 1458 1815 ad
1478 1775 1566 1815 eius
1586 1776 1850 1815 consortium.

377 1844 659 1883 Rumusculus
678 1843 858 1893 quidam,
881 1842 1085 1880 incertum
1106 1854 1187 1891 quo
1214 1843 1356 1879 autore
1381 1843 1518 1889 natus,
1538 1841 1646 1891 apud
1670 1854 1746 1880 nos
1765 1840 1913 1891 sparsit

322 1911 361 1948 te
383 1910 589 1948 offensum
616 1906 923 1958 epigrammatis
948 1906 1131 1944 Thomae
1161 1905 1266 1944 Mori
1293 1906 1430 1946 nescio
1459 1906 1558 1956 quid
1586 1905 1726 1944 moliri
1754 1905 1912 1944 dentati

265 1989 305 2019 30
322 1974 455 2014 libelli
484 1974 683 2013 aduersus
716 1973 849 2011 illum.
918 1972 969 2010 Id
1004 1985 1265 2022 nequaquam
1298 1971 1433 2020 facies,
1468 1971 1746 2011 eruditissime
1779 1970 1908 2019 Brixi,

322 2041 359 2079 si
378 2039 476 2091 quid
497 2039 668 2078 omnino
686 2038 827 2077 audies
845 2038 1078 2076 Erasmum.
1138 2036 1277 2087 Neque
1296 2039 1437 2076 tamen
1454 2037 1593 2076 isthuc
1612 2036 1781 2086 perinde
1799 2036 1914 2075 illius

324 2119 444 2145 causa
476 2105 607 2144 nolim
638 2117 761 2155 quam
795 2104 877 2142 tua.
938 2102 982 2141 Si
1016 2102 1180 2141 Morum
1213 2103 1381 2153 penitus
1411 2115 1561 2151 nosses,
1592 2101 1776 2141 fatereris
1805 2101 1914 2140 nihil

322 2184 499 2223 vsquam
540 2170 729 2220 gentium
766 2181 854 2207 esse
886 2167 1053 2218 dignius
1090 2169 1164 2206 tuo
1202 2180 1351 2207 amore.
1426 2168 1508 2207 Cur
1545 2167 1697 2206 laesit?
1734 2166 1910 2217 inquies.

323 2237 418 2276 Non
444 2235 606 2285 scripsit
629 2235 704 2273 illa
731 2235 776 2272 in
805 2233 997 2272 Brixium
1026 2245 1149 2282 quem
1180 2246 1266 2272 non
1294 2234 1439 2281 norat3
1468 2232 1632 2282 scripsit
1657 2231 1703 2270 in
1730 2231 1910 2279 Gallum,

267 2318 304 2349 35
323 2305 364 2341 et
385 2302 553 2353 scripsit
572 2301 617 2339 in
643 2299 781 2339 medio
807 2298 926 2338 bello.
986 2297 1107 2336 Nunc
1135 2311 1311 2349 aequum
1338 2300 1400 2337 est
1424 2299 1573 2337 harum
1600 2310 1739 2336 rerum
1764 2310 1916 2335 merno-

324 2368 440 2416 riam,
471 2368 563 2418 post
593 2365 869 2405 arctissimam
898 2377 1041 2415 pacem
1072 2363 1181 2403 inter
1215 2364 1318 2403 duos
1350 2363 1524 2415 populos
1555 2364 1718 2412 initam,
1747 2363 1916 2412 penitus

324 2434 435 2471 inter
467 2445 542 2471 vos
572 2430 739 2470 aboleri.
807 2430 984 2480 Expedit
1015 2430 1155 2469 autem
1189 2431 1231 2468 et
1263 2429 1429 2479 publico
1467 2429 1669 2468 bonarum
1700 2428 1916 2466 literarum

501 2526 548 2547 12.
574 2514 762 2546 Guillelmi
778 2526 809 2545 α.
906 2523 956 2554 15.
982 2513 1276 2544 commonefacias
1290 2515 1331 2544 N.
1423 2522 1474 2551 27.
1500 2513 1602 2543 nobis
1617 2522 1675 2542 om.
1693 2513 1735 2542 N.

367 2601 398 2630 9.
423 2590 493 2620 ταῖν
501 2589 634 2629 ἀμφοῖν]
644 2598 688 2620 sc.
700 2587 824 2628 χεροῖν;
841 2587 883 2618 cf.
892 2590 1000 2624 Aday.
1011 2587 1085 2617 816.

368 2644 420 2665 20.
446 2632 751 2673 Paphlagonibus]
765 2631 816 2664 Cf.
831 2631 977 2669 Lucian,
993 2633 1086 2661 Alex.

379 2687 427 2709 11.

325 2688 355 2718 9'
412 2719 538 2761 Midis]
556 2719 607 2750 cf.
624 2721 728 2756 Ada9.
749 2720 821 2756 267.

370 2775 423 2805 25.
447 2762 658 2802 Fortunam]
676 2761 821 2793 Resides
844 2761 903 2792 his
923 2760 1088 2791 archdea-

327 2818 438 2848 conry
462 2809 499 2838 at
522 2807 608 2838 Albi
630 2805 707 2846 (Ep.
730 2815 803 2836 212.
831 2814 843 2835 1
870 2805 921 2845 n.)
942 2805 1088 2835 Brixius

327 2852 399 2883 had
411 2850 573 2882 received
589 2851 654 2881 the
669 2849 791 2888 priory
810 2849 848 2879 of
863 2848 913 2879 St.
930 2848 1027 2879 John
1045 2846 1087 2877 de

328 2895 503 2933 Duchaeo,
519 2904 560 2924 20
575 2893 597 2924 J
600 2903 655 2923 an.
673 2900 755 2930 1514
767 2891 1085 2932 (Hergenroethen

326 2941 436 2970 Leonis
461 2940 500 2968 Χ
524 2940 662 2975 Reqesta,
688 2945 745 2966 n0.
770 2936 872 2976 6349)
898 2934 970 2965 and
994 2944 1014 2965 a
1035 2944 1088 2965 ca-

327 2991 445 3021 nonry
455 2983 492 3012 at
503 2980 665 3011 Auxerre
677 2980 719 3010 28
729 2978 820 3017 Aug.
836 2987 917 3017 1515
928 2977 1085 3019 (Lebeuf‚

327 3028 487 3057 Memoires
498 3025 685 3061 d'Auxerreg
702 3031 794 3060 1743,
811 3021 845 3052 ii.
866 3023 958 3061 502).

1200 2596 1251 2625 29.
1278 2584 1561 2625 epigrammatis]
1578 2584 1629 2615 Cf.
1649 2585 1714 2624 Ep.
1727 2594 1801 2616 212.
1823 2594 1837 2615 1
1856 2594 1891 2615 n.
1909 2596 1917 2623 ;

1156 2630 1229 2660 and
1251 2629 1306 2660 for
1329 2628 1469 2659 French
1492 2628 1720 2668 provocation
1743 2637 1800 2658 see
1815 2628 1847 2659 J.
1867 2628 1914 2660 H.

1156 2672 1331 2712 Marsden,
1350 2675 1550 2711 Philomoms,
1586 2672 1678 2711 1878,
1708 2681 1741 2711 p.
1768 2681 1818 2713 72,
1845 2672 1918 2702 and
1946 2695 1949 2697 .

1156 2716 1343 2756 Seebohm‚
1375 2725 1433 2756 pp.
1465 2716 1575 2754 260‚1.
1621 2715 1641 2746 1
1673 2716 1804 2746 cannot
1840 2715 1918 2746 find

1157 2760 1237 2790 that
1269 2758 1396 2790 More's
1429 2759 1607 2798 epigrams
1643 2768 1738 2789 were
1773 2758 1917 2799 printed

1156 2803 1275 2834 before
1289 2802 1411 2833 March
1428 2803 1510 2841 1518
1523 2802 1600 2842 (Ep.
1617 2810 1682 2841 550
1694 2801 1843 2843 introd.)
1856 2813 1864 2841 ;
1881 2812 1918 2833 so

1156 2847 1237 2878 that
1252 2846 1398 2876 Brixius
1415 2855 1528 2876 seems
1544 2847 1580 2876 to
1601 2845 1691 2877 have
1712 2855 1796 2876 seen
1816 2846 1917 2876 them

1156 2891 1195 2921 in
1212 2889 1285 2921 MS.
1333 2889 1384 2920 cf.
1402 2889 1475 2920 also
1491 2889 1553 2929 Ep.
1574 2890 1648 2928 283.
1671 2890 1732 2929 138
1747 2899 1783 2920 n.

1200 2943 1253 2973 30.
1277 2941 1504 2972 nequaquam
1525 2932 1649 2974 facies]
1666 2933 1716 2963 At
1732 2933 1807 2964 this
1823 2941 1917 2963 same

1157 2977 1245 3008 time
1272 2975 1441 3007 Erasmus
1464 2976 1614 3007 himself
1640 2986 1711 3007 was
1738 2976 1917 3015 receiving

1158 3020 1298 3051 similar
1312 3019 1434 3050 advice
1451 3030 1459 3059 ;
1487 3020 1531 3051 cf.
1548 3020 1612 3060 Ep.
1629 3021 1703 3050 621.
1723 3029 1765 3058 24
1778 3028 1849 3059 seq.
