2034 3433
374 196 454 234 610
834 193 1084 232 LETTERS
1121 191 1190 231 OF
1227 191 1489 231 ERASMUS
1825 190 1949 244 [1519

374 300 621 338 bibliotheca
649 297 778 337 semel
809 296 859 335 ad
889 298 930 335 te
962 295 1259 346 commigrabit,
1291 297 1378 334 tota
1407 297 1502 334 tuae
1534 294 1631 334 fidei
1660 294 1951 334 committetur.

375 365 488 403 Bene
505 363 637 402 valeat
658 364 730 401 tua
750 361 927 411 dilectio,
948 361 1053 400 mihi
1073 362 1195 411 longe
1213 360 1463 399 charissima.

429 429 490 466 Ex
512 427 747 466 Gemblaco.
768 439 830 466 111.
857 426 1023 465 Calend.
1044 425 1168 464 Iunii.

843 557 937 597 985.
998 556 1062 597 To
1091 555 1297 597 Jonocus
1327 555 1484 597 JONAS.

422 641 584 686 Farrago
603 652 638 685 p.
661 642 736 676 118.
1682 639 1874 684 Antwerp.

422 698 461 734 F.
478 711 514 744 p.
533 708 620 743 273:
645 697 735 732 HN:
762 698 875 734 Lond.
894 711 924 733 v.
944 706 1009 742 27:
1035 697 1107 733 LB.
1125 708 1204 742 431.
1650 706 1665 732 1
1687 697 1783 732 June
1806 705 1907 742 1519.

420 789 521 832 [This
536 788 642 820 letter
657 789 687 819 is
704 789 837 829 clearly
853 789 890 820 of
912 788 974 819 the
989 798 1085 819 same
1102 788 1222 828 period
1240 798 1277 819 as
1297 788 1360 828 Ep.
1377 789 1438 829 981
1455 799 1463 827 3
1487 789 1551 819 but
1567 798 1614 819 an
1632 789 1846 828 interesting
1861 787 1955 827 light

378 835 408 865 is
432 833 575 864 thrown
603 843 648 863 on
673 833 735 863 the
762 833 1035 863 circumstances
1059 832 1098 863 of
1125 833 1172 862 its
1197 832 1441 871 composition,
1464 832 1535 863 and
1561 842 1657 863 some
1681 831 1792 863 doubt
1818 841 1864 862 on
1894 831 1955 862 the

378 877 554 917 precision
578 877 616 907 of
637 876 699 907 the
723 876 823 907 dates
845 875 1017 916 assigned,
1034 876 1080 915 by
1101 886 1120 906 a
1151 875 1255 906 letter
1281 875 1319 905 of
1341 876 1448 906 Jonas
1474 877 1510 906 to
1536 876 1706 906 Melchior
1730 875 1769 906 of
1795 875 1954 915 Aachen,

379 931 421 960 29
445 920 568 952 March
596 929 677 958 1520
700 919 778 960 (JE.
805 920 885 960 36):
913 919 1101 950 ‘Erasmus
1121 918 1183 950 ille
1207 918 1393 950 literarum
1417 929 1479 949 rex
1495 919 1764 959 potentissimus
1780 928 1868 958 opus
1883 919 1956 949 iam

382 964 496 995 edidit
512 973 679 1003 magnum
698 963 937 1003 epistolarum,
956 963 1014 993 cui
1030 963 1181 993 titulum
1206 963 1289 993 fecit
1313 963 1509 1002 Farragini.
1555 963 1611 993 Ibi
1627 962 1814 1002 plerasque
1829 962 1957 1001 episto-

379 1009 431 1038 las
454 1006 498 1037 ad
515 1007 763 1037 Friderichum
778 1008 893 1045 tuum,
906 1006 1054 1046 ideoque
1070 1007 1137 1037 tibi
1148 1006 1409 1045 charissimum,
1421 1006 1466 1037 ad
1479 1006 1608 1045 Regem
1624 1006 1774 1046 Angliae
1787 1005 1957 1044 inseruit,

379 1054 413 1082 et
430 1053 508 1091 post
526 1051 633 1090 legati
650 1050 901 1081 Heluetiorum
915 1050 1108 1090 epistolam.
1157 1050 1324 1089 Sequitur
1340 1059 1411 1080 vna
1425 1050 1562 1089 prolixa
1579 1049 1623 1080 ad
1639 1059 1706 1089 me,
1727 1050 1766 1080 in
1781 1058 1851 1088 qua
1866 1050 1958 1079 mira

379 1095 481 1134 leges.
527 1094 647 1125 Solum
660 1095 816 1124 erratum
831 1093 986 1132 estquod
1002 1094 1175 1133 scriptum
1191 1093 1239 1124 sit
1257 1095 1277 1110 ‘⁶
1288 1102 1333 1124 10.
1350 1102 1456 1124 IONAE
1467 1102 1730 1124 ERPHORDIENSI
1741 1094 1762 1111 '’
1777 1103 1786 1132 ;
1809 1094 1847 1123 at
1863 1092 1902 1123 id
1918 1093 1957 1122 in

380 1137 535 1169 secunda
563 1138 720 1168 editione
747 1137 944 1168 cauebitur.
990 1137 1185 1177 Scripserat
1211 1136 1255 1166 ad
1286 1146 1342 1167 me
1373 1137 1550 1176 Erasmus,
1568 1146 1649 1167 cum
1680 1146 1799 1167 secum
1831 1145 1954 1175 essem,

378 1182 525 1212 breuem
547 1181 735 1221 epistolam
759 1181 798 1211 in
823 1180 972 1211 eandem
997 1181 1235 1219 sententiam3
1259 1182 1295 1210 at
1318 1189 1425 1220 nunc,
1444 1181 1505 1211 vbi
1526 1181 1656 1211 amicos
1671 1179 1844 1220 quosdam
1860 1179 1958 1210 edito

379 1235 483 1265 opere
506 1233 707 1255 consecrare
733 1224 859 1264 voluit,
890 1224 934 1254 ad
957 1224 1051 1254 hanc
1074 1233 1190 1254 meam
1214 1224 1399 1263 epistolam
1427 1224 1508 1263 plus
1536 1223 1648 1254 altera
1671 1225 1771 1263 parte
1799 1222 1958 1254 accessit.

381 1269 491 1299 Miror
506 1268 599 1307 quod
615 1270 758 1298 tantum
774 1267 890 1298 adhuc
906 1267 947 1298 in
963 1268 1124 1298 absentia
1139 1267 1361 1298 adnexuerit.
1391 1267 1429 1298 Si
1440 1267 1545 1307 voles,
1559 1267 1704 1298 mittam
1716 1267 1954 1306 Farraginem.

381 1313 558 1343 Venditur
577 1312 616 1342 18
633 1311 737 1343 suebss

420 1355 494 1386 The
518 1357 598 1395 part
622 1356 659 1386 of
682 1355 743 1385 the
768 1355 874 1385 letter
896 1354 1011 1385 added
1032 1354 1071 1385 in
1094 1354 1259 1394 printing
1273 1363 1346 1384 was
1368 1354 1521 1394 perhaps
1536 1353 1598 1385 the
1621 1353 1749 1385 second
1773 1353 1872 1384 half:
1895 1352 1957 1383 the

379 1398 520 1438 general
544 1398 726 1429 character
749 1397 788 1428 of
814 1398 935 1429 which
958 1399 1114 1438 suggests
1136 1397 1215 1428 that
1242 1397 1408 1428 Erasmus
1430 1407 1513 1437 may
1536 1397 1682 1436 already
1710 1397 1802 1427 have
1824 1396 1897 1427 had
1918 1396 1958 1427 in

380 1443 436 1473 his
460 1442 562 1473 mind
586 1443 648 1473 the
674 1445 756 1479 Opus
781 1443 989 1472 Concionamzz·
1005 1441 1063 1480 (cf.
1089 1441 1152 1480 Ep.
1178 1450 1252 1480 932.
1281 1440 1346 1481 18),
1372 1441 1410 1471 of
1421 1441 1543 1471 which
1562 1441 1608 1471 he
1629 1440 1700 1471 had
1722 1440 1837 1480 jotted
1854 1440 1959 1470 down

379 1495 474 1560 {onze
496 1487 602 1570 notes]
626 1486 665 1516 in
685 1494 766 1524 1523
792 1485 831 1525 (1.
857 1495 890 1525 p.
917 1495 968 1524 34.
998 1485 1128 1525 19—22)‚
1149 1485 1220 1515 and
1241 1484 1362 1515 which
1386 1485 1431 1515 he
1453 1484 1644 1525 published
1668 1484 1706 1515 in
1726 1493 1809 1524 1535
1833 1493 1871 1514 as
1894 1483 1958 1514 the

410 1540 439 1560 cc
451 1531 581 1560 esiastes.

450 1625 655 1655 ERASMVS
686 1624 1016 1655 ROTERODAMVS
1046 1625 1212 1657 IODOCO
1243 1625 1381 1656 IONAE
1412 1625 1751 1656 ERPHORDIENSI
1783 1625 1818 1658 S.
1845 1625 1887 1655 D.

433 1706 497 1744 NE
522 1719 595 1756 pro
623 1708 711 1744 tam
737 1706 899 1744 erudita
925 1708 1090 1756 tamque
1118 1705 1277 1756 prolixa
1295 1706 1467 1757 epistola
1488 1705 1623 1744 nullas
1645 1705 1755 1745 vices
1773 1705 1958 1752 referam,

380 1771 614 1810 doctissime
634 1770 736 1809 Iona
754 1772 796 1809 et
816 1771 925 1809 inter
945 1771 1137 1810 candidos
1155 1772 1308 1811 amicos
1329 1772 1554 1822 praecipue,
1577 1771 1713 1820 accipe
1737 1770 1837 1820 quid
1857 1770 1963 1808 mihi

379 1837 516 1875 visum
543 1837 598 1874 sit
621 1836 865 1874 submonere
895 1838 1011 1874 tuam
1039 1837 1311 1886 prudentiam.
1371 1837 1476 1876 Cum
1502 1837 1587 1875 Deo
1615 1836 1706 1885 Opt.
1727 1835 1834 1874 Max.
1857 1836 1962 1874 esset

380 1901 423 1939 in
456 1915 584 1940 manu
619 1901 795 1951 singulis
828 1901 1058 1951 quibusque
1090 1901 1335 1940 mortalibus
1371 1901 1514 1952 largiri
1552 1901 1700 1949 omnia,
1736 1902 1874 1939 tamen
1911 1899 1962 1939 ad

344 1986 361 2016 5
381 1966 648 2014 concordiam,
670 1979 794 2016 quam
820 1966 938 2005 vnice
964 1966 1084 2005 nobis
1109 1966 1242 2005 voluit
1270 1980 1358 2005 esse
1381 1967 1723 2015 commendatam,
1745 1965 1809 2004 illi
1832 1964 1964 2016 magis

380 2031 517 2070 visum
546 2034 608 2070 est
633 2031 830 2070 idoneum
860 2031 918 2070 sic
953 2031 1045 2070 aliis
1076 2032 1178 2070 alias
1205 2033 1321 2071 dotes
1348 2032 1563 2082 impartire
1591 2033 1638 2070 vt
1666 2044 1830 2069 necesse
1858 2031 1964 2069 foret

382 2109 456 2135 nos
485 2096 665 2134 inuicem
695 2096 854 2135 mutuis
888 2096 1030 2135 officiis
1058 2096 1290 2135 subleuari:
1320 2096 1527 2147 simulque
1557 2095 1674 2134 fieret
1705 2098 1751 2134 vt
1779 2109 1854 2134 nec
1884 2095 1964 2134 sibi

382 2161 598 2211 quisquam
627 2161 721 2210 plus
750 2161 850 2200 satis
878 2162 1032 2209 fideret,
1053 2174 1148 2200 cum
1177 2163 1308 2210 sciret,
1332 2162 1527 2212 quicquid
1552 2174 1729 2212 vsquam
1751 2162 1898 2211 posset,
1921 2160 1964 2199 id

382 2228 515 2265 totum
535 2226 805 2275 benignitatis
828 2239 916 2264 esse
943 2226 1134 2274 diuinae3
1163 2239 1236 2264 nec
1262 2227 1368 2265 alius
1392 2226 1521 2265 alium
1550 2228 1842 2274 contemneret,
1870 2238 1964 2264 cum

328 2309 366 2331 ιο
383 2292 647 2341 perpenderet
682 2291 815 2330 Deum
853 2304 1047 2341 magnam
1085 2291 1376 2330 beneficiorum
1410 2304 1578 2330 suorum
1610 2292 1771 2341 partem
1806 2290 1966 2329 homini

384 2370 456 2406 per
485 2356 694 2395 hominem
723 2356 865 2406 largiri
893 2356 1097 2404 voluisse,
1133 2357 1311 2407 denique
1340 2370 1415 2395 nec
1441 2356 1687 2395 beneficium
1715 2355 1760 2394 in
1787 2354 1964 2394 alterum

384 2421 580 2460 collatum
609 2421 827 2471 quisquam
856 2423 929 2460 aut
955 2422 1163 2471 arrogaret
1191 2421 1271 2459 sibi
1300 2423 1373 2460 aut
1401 2420 1662 2470 exprobraret
1693 2420 1849 2468 adiuto,
1881 2432 1965 2458 non

383 2487 551 2536 ignarus
579 2486 817 2524 ministrum
845 2488 887 2525 et
915 2499 1115 2537 organum
1143 2499 1232 2525 esse
1260 2499 1303 2525 se
1332 2485 1533 2536 largitatis
1556 2485 1722 2534 alienae,
1745 2498 1828 2523 non
1855 2487 1965 2524 auto·
2030 2480 2034 2483 ’

386 2564 500 2599 rem;
538 2553 578 2588 et
609 2551 646 2589 is
679 2551 751 2601 qui
781 2551 958 2589 officium
992 2550 1194 2598 sensisset,
1229 2551 1287 2589 sic
1320 2550 1490 2589 haberet
1517 2550 1693 2600 gratiam
1724 2549 1886 2588 homini
1919 2551 1966 2588 vt

330 2635 366 2666 15
386 2617 472 2655 Deo
505 2615 618 2654 velut
651 2616 784 2654 autori
816 2616 1002 2666 fontique
1035 2616 1236 2654 bonorum
1275 2615 1463 2654 omnium
1502 2615 1657 2665 gratias
1689 2616 1837 2664 ageret,
1880 2626 1965 2652 non

385 2681 521 2720 solum
550 2693 624 2729 pro
657 2681 854 2719 beneficio
885 2681 993 2731 quod
1022 2681 1072 2720 ab
1103 2680 1177 2719 illo
1211 2694 1284 2730 per
1315 2681 1528 2719 hominem
1557 2679 1787 2729 accepisset,
1820 2690 1964 2717 verum

387 2745 512 2784 etiam
545 2758 617 2794 pro
648 2745 739 2795 ipso
769 2745 989 2784 beneficio:
1020 2745 1092 2796 qui
1122 2746 1231 2795 quod
1259 2745 1402 2793 voluit,
1433 2745 1542 2796 quod
1570 2744 1704 2795 potuit
1733 2743 1965 2783 benefacere

386 2809 584 2860 proximo,
603 2811 739 2848 totum
758 2810 943 2849 muneris
963 2812 1049 2848 erat
1067 2809 1212 2849 diuini.

440 2874 634 2914 Studium
653 2875 783 2925 igitur
805 2875 993 2914 omnium
1017 2887 1234 2914 commune
1259 2873 1379 2913 debet
1405 2887 1493 2913 esse
1517 2876 1563 2913 vt
1581 2873 1674 2913 aliis
1692 2872 1764 2912 alii
1782 2872 1964 2912 vicissim
2010 2867 2012 2870 ’

392 3036 398 3041 .
430 2993 506 3067 {385d
530 3003 591 3025 rrr.
623 2993 900 3035 ERPHORDIENSI]
931 2994 1041 3025 Jonas
1073 2992 1119 3034 (p.
1154 2991 1232 3033 413)
1264 3001 1336 3023 was
1367 2991 1533 3032 properly
1562 2991 1601 3022 of
1628 2990 1882 3030 Nordhausen;
1919 2989 1961 3022 cf.

390 3045 427 3067 111
447 3046 483 3068 ro
511 3060 518 3067 .
