2034 3433
168 156 265 212 647]
598 157 750 197 FRoM
787 158 1015 198 ADRIAN
1052 158 1327 198 BARLAND
1703 163 1755 200 69

166 262 330 302 disserit
353 263 455 303 Cato
479 262 530 301 de
556 262 717 302 animae
744 263 1070 303 immortalitate.
1129 264 1301 303 quabis
1329 264 1397 303 hic
1425 264 1562 303 studia
1590 265 1757 304 nobilis-

164 327 262 366 simi
279 330 321 367 et
340 327 621 378 amplissimae
635 327 723 378 spei
742 327 917 376 iuuenis,
933 342 1001 368 me
1021 342 1182 379 quoque
1197 329 1274 368 tibi
1291 329 1525 380 plurimum
1539 329 1753 380 obligabis,

165 393 203 432 si
228 395 275 432 tu
301 393 381 432 hoc
406 393 560 443 libello,
583 406 707 443 quem
731 393 809 432 tibi
837 407 860 432 a
889 395 1010 433 nobis
1038 396 1229 445 adportat
1256 395 1324 434 hic
1354 394 1579 445 discipulus
1601 396 1753 444 noster,
1777 409 1816 432 10

165 458 340 508 paucula
367 458 630 498 adnotaueris
656 459 906 508 pertinentia
927 459 978 498 ad
1005 460 1282 499 enarrandum
1311 472 1407 498 eum
1435 460 1575 499 locum
1600 460 1672 510 qui
1695 462 1757 499 est

167 524 276 573 apud
308 524 546 564 Ciceronem
580 524 629 563 de
658 525 820 563 animae
848 524 1170 564 immortalitate.
1229 525 1336 564 Nam
1365 538 1468 576 quae
1497 525 1755 565 Ciceroniani

165 589 410 640 interpretes
447 589 650 639 adferunt,
686 603 799 629 mera
832 590 938 629 mihi
971 593 1223 641 nugamenta
1259 591 1464 630 videntur.
1523 591 1615 630 Scio
1653 590 1754 629 item

165 654 431 693 Lactantium
468 656 514 694 in
548 655 894 694 Institutionibus
930 656 1065 695 multa
1103 656 1373 695 disertissime
1410 656 1634 706 scripsisse,
1676 669 1755 706 que

162 719 268 758 mihi
290 721 467 770 possunt
487 721 539 759 ad
562 721 671 759 hanc
697 733 786 759 rem
811 733 898 760 esse
927 721 1032 759 vsui.
1091 721 1198 760 Malo
1226 724 1368 760 tamen
1391 722 1443 760 ab
1470 721 1654 770 Erasmo,
1677 721 1754 760 hoc
1775 733 1813 765 15

158 786 222 823 est
235 784 493 835 eloquentiae
506 786 723 836 omnisque
737 786 961 836 sapientiae
974 786 1254 837 exquisitioris
1266 788 1559 838 promptuario,
1575 787 1754 837 accipere

161 849 313 899 quibus
330 850 488 901 prosim
509 851 894 890 Reuerendissimo:
924 851 996 901 qui
1014 864 1081 890 me
1099 865 1184 890 non
1204 852 1302 899 odit,
1321 853 1543 891 Erasmum
1562 865 1661 891 vero
1680 865 1754 902 pro

161 927 234 953 suo
261 915 306 954 in
332 915 464 955 bonas
499 918 607 955 artes
635 929 806 967 syncero
835 929 974 955 amore
1002 929 1049 955 ea
1077 916 1363 966 complectitur
1392 917 1681 956 beneuolentia
1708 919 1755 955 vt

159 980 313 1019 maiore
332 993 417 1020 non
442 981 584 1031 possit.

214 1045 328 1095 Vale,
369 1046 604 1086 doctissime
640 1046 823 1095 Erasme‚
863 1047 1033 1085 Vnicum
1070 1046 1198 1085 seculi
1236 1047 1368 1086 nostri
1404 1047 1536 1095 decus,
1579 1048 1620 1086 et
1657 1060 1753 1087 cum
1773 1061 1812 1083 20

163 1110 348 1160 primum
381 1112 462 1151 eris
494 1112 618 1151 hodie
651 1114 722 1150 aut
753 1125 842 1150 cras
872 1111 1028 1162 aliquid
1063 1114 1207 1150 nactus
1238 1112 1326 1161 ocii,
1360 1125 1457 1162 rogo
1487 1112 1612 1151 facias
1643 1113 1752 1163 quod

161 1177 281 1224 peto3
311 1176 390 1215 erit
416 1177 459 1215 id
488 1177 593 1215 mihi
620 1176 916 1226 gratissimum,
943 1179 995 1226 et,
1027 1177 1136 1227 quod
1165 1177 1355 1227 amplius,
1378 1177 1552 1223 iuuabis‚
1577 1179 1624 1217 vt
1652 1177 1747 1225 dixi,

162 1241 240 1279 hoc
268 1244 388 1291 pacto
422 1242 557 1282 studia
585 1243 650 1280 tui
676 1255 838 1292 quoque
866 1242 1141 1281 amantissimi
1173 1242 1413 1282 Cardinalis.
1474 1243 1592 1291 Quod
1618 1243 1752 1281 rarius

162 1308 202 1343 te
230 1305 384 1355 inuiso,
402 1306 449 1345 in
478 1320 599 1346 causa
628 1309 727 1346 sunt
754 1307 887 1346 variae
915 1307 1139 1346 lectionum
1169 1320 1288 1346 curae
1313 1307 1463 1357 quibus
1482 1308 1749 1358 distorqueor.

165 1371 210 1409 Si
229 1372 393 1422 quando
416 1371 558 1411 licebit
579 1386 646 1411 me
671 1372 753 1411 hiis
781 1372 906 1423 nugis
927 1372 1101 1420 emoliri,
1123 1385 1269 1411 eorum
1293 1372 1365 1422 qui
1384 1372 1461 1411 tibi
1486 1374 1585 1411 sunt
1604 1372 1751 1412 charis·
1771 1388 1810 1421 25

161 1435 266 1484 simi,
289 1437 449 1475 nemini
470 1437 600 1476 officio
620 1437 774 1476 cedam.
835 1437 997 1476 Iterum
1017 1437 1117 1485 vale,
1139 1438 1379 1487 praeceptor
1397 1437 1690 1476 eruditissime.

213 1501 339 1541 Domi
359 1504 533 1541 nostrae.

607 1567 852 1616 Barlandus,
873 1570 968 1606 tuae
989 1566 1258 1618 celsitudi<ni)
1277 1567 1588 1607 addictissimus
1607 1567 1747 1606 cliens.

667 1687 763 1731 648.
824 1686 889 1728 To
918 1697 1010 1728 THE
1041 1686 1247 1728 READER.

207 1777 406 1814 Suetonius
422 1777 548 1823 (1518)
567 1776 616 1812 f0.
634 1777 667 1812 0⁴
685 1780 724 1811 v0
739 1776 817 1822 (βῙ).
1474 1774 1700 1821 <Louvain.)

1539 1843 1638 1879 1517.

201 1906 285 1947 [For
298 1906 536 1937 convenience
553 1907 572 1937 Ι
588 1906 678 1936 have
694 1904 857 1936 retained
873 1905 936 1936 the
952 1904 1040 1945 sigla
1054 1905 1141 1936 used
1165 1904 1204 1935 in
1226 1904 1289 1944 Ep.
1312 1904 1388 1944 586,
1412 1902 1584 1943 although
1600 1904 1701 1934 there
1718 1904 1748 1933 is

157 1958 204 1980 no
220 1949 325 1981 Basle
340 1950 574 1990 manuscript.
621 1949 753 1989 Except
768 1948 821 1979 for
843 1948 907 1980 the
931 1949 1012 1980 date
1036 1949 1099 1980 the
1123 1947 1248 1979 Gouda
1270 1948 1495 1987 manuscript
1514 1956 1596 1987 1324
1613 1947 1636 1978 f.
1655 1948 1697 1986 36
1708 1950 1748 1977 v⁰

157 1992 237 2034 (132),
255 2002 402 2034 appears
415 1995 452 2025 to
467 1993 509 2024 be
525 1993 648 2033 copied
663 1992 756 2024 from
770 1992 820 2027 βῑ.

202 2037 256 2067 No
278 2038 411 2076 precise
434 2037 516 2068 date
541 2037 572 2067 is
595 2037 762 2077 possible.
809 2035 993 2076 Egnatius’
1014 2035 1208 2067 Suetonius
1231 2044 1304 2066 was
1327 2034 1499 2075 probably
1524 2034 1678 2074 brought
1701 2034 1747 2074 by

158 2080 299 2111 Hutten
322 2080 415 2111 with
437 2080 500 2111 the
524 2082 667 2111 Caesares
690 2080 769 2120 (Ep.
793 2081 869 2119 588.
893 2081 1015 2120 55—7);
1040 2079 1112 2110 and
1128 2078 1320 2110 Asulanus⁷
1340 2078 1620 2118 accompanying
1640 2078 1748 2108 letter

161 2123 239 2164 (Ep.
255 2122 334 2164 589)
351 2122 424 2154 had
448 2124 600 2155 reached
623 2121 792 2155 Erasinus
816 2124 863 2162 by
886 2133 928 2162 23
948 2123 1038 2163 Aug.
1066 2123 1145 2164 (Ep.
1160 2123 1236 2153 628.
1255 2123 1305 2161 6.)
1353 2122 1396 2153 So
1413 2121 1494 2153 that
1513 2121 1587 2153 this
1610 2121 1746 2161 Preface

158 2176 241 2207 may
255 2167 298 2198 be
314 2166 438 2207 placed
450 2168 490 2198 in
506 2167 569 2198 the
584 2169 736 2198 autumn
752 2167 790 2197 of
805 2166 918 2207 1517.]

372 2231 578 2262 ERASMVS
608 2232 941 2262 ROTERODAMVS
971 2231 1176 2262 CANDIDO
1206 2230 1396 2261 LECTORI
1429 2231 1463 2261 S.
1489 2231 1530 2261 D.

211 2313 303 2352 cvm
336 2312 443 2351 hanc
476 2312 725 2351 aeditionem
762 2313 846 2351 iam
884 2313 1158 2360 adornassem,
1194 2311 1459 2349 commodum
1497 2309 1647 2348 allatus
1684 2311 1746 2348 est

159 2377 395 2426 Suetonius,
431 2377 601 2416 Aldinis
634 2378 745 2428 typis
779 2390 960 2426 excusus,
999 2377 1070 2415 sed
1103 2376 1346 2415 emendatus
1377 2388 1498 2425 opera
1536 2375 1745 2424 Baptistae

155 2442 337 2493 Egnatii,
367 2442 446 2480 viri
475 2455 571 2481 cum
599 2442 747 2493 primis
774 2444 865 2481 tum
892 2442 1042 2492 integri
1070 2444 1161 2480 tum
1189 2441 1367 2488 eruditi;
1408 2453 1506 2478 nam
1533 2441 1744 2490 vtrunque

153 2508 269 2546 iuxta
293 2507 585 2558 requirendum
610 2507 789 2546 arbitror
815 2508 860 2546 in
888 2521 934 2546 00
963 2507 1035 2558 qui
1063 2509 1251 2547 veterum
1280 2505 1583 2545 lucubrationes
1608 2518 1743 2544 emen-

156 2572 312 2611 dandas
339 2574 411 2610 aut
441 2571 702 2622 explicandas
730 2572 911 2623 suscipit.
972 2572 1177 2622 Equidem
1208 2571 1309 2610 Aldi
1338 2571 1423 2610 mei
1454 2572 1632 2610 mortem
1664 2570 1743 2609 hoc
1762 2578 1779 2611 5

155 2637 240 2675 fero
260 2637 525 2685 moderatius,
548 2638 657 2687 quod
683 2638 730 2676 in
756 2638 862 2676 hanc
887 2637 1133 2676 restituendi
1151 2637 1282 2675 bonos
1304 2638 1467 2675 autores
1484 2635 1742 2686 prouinciam

155 2701 191 2739 is
218 2702 458 2740 successerit
487 2702 556 2751 qui
580 2702 783 2742 demortui
807 2716 881 2753 per
905 2716 948 2741 se
977 2702 1078 2741 clari
1106 2701 1280 2751 gloriam
1310 2701 1509 2748 obscuret,
1539 2700 1575 2739 si
1599 2702 1741 2739 tamen

198 2797 271 2829 647.
296 2799 325 2829 8.
360 2799 632 2843 immortalitate
655 2811 687 2831 a.
798 2810 829 2840 9.
863 2799 919 2830 a2:
949 2799 1169 2839 amplissime
1191 2798 1237 2830 al.
1348 2807 1398 2829 11.
1423 2796 1666 2828 enarrandum
1685 2796 1740 2827 a2:

153 2841 327 2872 enardum
345 2840 388 2872 al.
461 2851 510 2872 12.
537 2841 595 2874 <2²2
625 2844 745 2874 anime
768 2843 812 2875 al.
938 2845 984 2874 16.
1010 2842 1064 2874 <2²2
1089 2842 1292 2881 eloquentie
1308 2840 1351 2872 al.
1421 2840 1476 2872 a2:
1502 2841 1677 2880 sapientie
1694 2839 1738 2872 αἱ.

154 2893 206 2923 25.
233 2884 287 2915 12²:
313 2884 458 2915 emuliri
473 2884 518 2916 al.
615 2896 668 2925 27.
691 2885 747 2917 022:
770 2888 888 2918 nostre
904 2885 948 2917 al.
1041 2886 1091 2917 28.
1118 2884 1171 2916 a2:
1196 2887 1257 2916 tue
1273 2884 1317 2915 al.
1407 2885 1481 2915 648.
1505 2893 1535 2924 5.
1562 2884 1739 2924 Equidem

155 2951 162 2958 .
184 2953 189 2958 .
210 2951 217 2958 .
237 2928 267 2957 8.
292 2928 436 2958 vincere
451 2937 508 2959 om.
525 2939 556 2968 -γ,

620 3006 695 3038 647.
722 3016 770 3045 14.
796 3006 1037 3047 Lactantium]
1052 3008 1131 3037 Inst.
1151 3015 1179 3044 7.
1196 3006 1263 3046 8,9.
