2034 3433
323 175 402 213 564
784 173 1034 213 LETTERS
1074 174 1142 213 OF
1181 175 1450 214 ERASMUS
1789 174 1916 230 [1519

320 280 366 318 in
394 293 527 318 vnum
557 279 761 326 coniectis,
785 278 895 317 nihil
923 279 1129 328 expectari
1157 278 1208 317 ab
1236 279 1325 329 ipso
1350 279 1558 329 plebeium
1579 281 1651 318 aut
1670 280 1850 331 vulgare,
1871 282 1917 321 in

320 345 556 396 exemplum
587 344 675 393 rapi
705 344 900 394 quicquid
930 343 1080 382 dixerit
1108 345 1179 382 aut
1207 344 1359 383 fecerit.
1419 345 1588 383 Etenim
1619 345 1654 383 si
1691 345 1916 386 histriones

320 411 445 450 habet
483 410 666 448 solicitos
704 409 909 459 quomodo
947 411 1157 459 susceptae
1194 409 1366 458 fabulae,
1408 411 1615 460 quomodo
1658 411 1821 450 theatro
1859 426 1915 451 re-

259 481 302 511 80
320 476 557 526 spondeant,
592 476 747 524 quanto
776 475 910 525 magis
939 487 1058 513 curae
1087 474 1209 512 debet
1236 488 1324 513 esse
1352 475 1618 526 magnatibus
1648 478 1696 515 vt
1724 476 1916 527 dignitati

319 554 426 589 suae,
459 543 505 578 vt
538 540 648 579 orbis
685 540 960 590 expectationi
997 540 1296 590 respondeant!
1354 541 1443 589 Quo
1476 543 1518 579 te
1551 541 1741 591 pluribus
1778 542 1915 582 titulis

321 603 487 642 ornauit
505 604 682 651 fortuna,
698 603 776 641 hoc
791 602 1021 653 impensius
1035 602 1282 641 enitendum
1296 605 1341 641 vt
1357 603 1460 641 sorti
1478 604 1642 643 lucrum
1657 605 1912 655 respondeat.

319 669 461 720 Neque
491 669 604 707 enim
635 668 741 707 clam
773 681 860 707 esse
890 669 1027 719 potest
1055 668 1152 719 quid
1182 670 1417 719 expectetur
1448 669 1499 707 ab
1528 669 1705 718 Abbate⁷
1735 671 1832 721 quid
1863 671 1915 710 ab

317 734 651 785 Archiepiscopo‚
675 734 775 784 quid
795 747 819 773 a
838 733 1068 782 Gardinale,
1085 734 1183 784 quid
1203 734 1254 773 ab
1273 748 1320 773 eo
1340 735 1407 772 cui
1425 734 1628 773 natalium
1647 735 1851 787 imagines
1869 750 1916 775 ac

257 807 297 846 85
319 799 459 839 decora
494 801 757 850 praelucent;
796 800 974 850 denique
1011 799 1110 850 quid
1144 813 1167 838 a
1200 800 1325 839 Duce.
1385 800 1481 839 Non
1517 801 1576 838 ita
1613 814 1815 852 magnum
1851 805 1915 842 est

318 865 565 916 dignitatem
603 866 907 916 amplissimam
937 867 1141 915 suscipere
1157 880 1167 914 ;
1201 867 1436 916 susceptam
1473 866 1585 904 tueri
1621 880 1667 905 ac
1705 867 1914 907 sustinere

315 931 436 982 longe
454 931 750 970 difficillimum
772 933 845 970 est,
905 931 1030 970 Recte
1057 931 1217 970 dictum
1240 933 1303 970 est
1325 931 1443 980 illud,
1467 931 1680 981 pulchrius
1699 945 1787 971 esse
1806 947 1910 972 non-

315 1010 534 1047 nunquam
553 997 754 1035 honorem
777 997 975 1036 meruisse
1004 1010 1131 1047 quam
1160 997 1400 1036 obtinuisse.
1462 999 1521 1036 At
1546 997 1668 1048 longe
1691 998 1913 1048 pulcherri—

314 1075 433 1101 mum
471 1062 651 1101 arbitror
682 1062 930 1113 dignitatem
963 1062 1267 1112 amplissimam
1300 1063 1402 1102 citra
1436 1063 1644 1102 ambitum
1676 1066 1911 1104 assecutum

255 1143 297 1176 90
314 1140 413 1177 esse,
435 1141 480 1166 ac
500 1130 710 1178 susceptae
727 1128 784 1166 sic
813 1127 947 1166 modis
967 1127 1164 1166 omnibus
1186 1129 1432 1178 respondere
1451 1132 1498 1167 vt
1524 1142 1610 1167 non
1630 1131 1677 1167 tu
1700 1143 1773 1179 per
1791 1130 1908 1169 illam

313 1192 490 1232 illustris
515 1194 586 1232 sed
619 1193 692 1232 illa
724 1206 799 1243 per
830 1196 871 1231 te
904 1193 1096 1232 videatur
1126 1193 1342 1232 illustrata.
1414 1195 1476 1233 Ac
1509 1194 1620 1233 bona
1646 1207 1741 1244 pars
1768 1195 1912 1234 eximii

312 1258 514 1309 principis
533 1261 594 1297 est
617 1259 727 1297 certo
751 1258 858 1297 velle
884 1258 1042 1297 bonum
1070 1258 1302 1309 principem
1324 1272 1455 1310 agere.
1516 1259 1566 1298 Id
1590 1259 1627 1298 si
1651 1273 1675 1298 a
1700 1273 1908 1311 quoquam

310 1323 412 1362 alias
431 1337 616 1374 vnquam
637 1323 889 1374 sperandum
912 1324 1003 1372 fuit,
1026 1324 1076 1362 de
1096 1326 1138 1362 te
1158 1326 1265 1363 certe
1284 1326 1373 1363 tam
1399 1324 1555 1363 multae
1581 1338 1645 1363 res
1672 1325 1793 1364 nobis
1821 1328 1909 1365 tam

312 1390 528 1440 magnifice
548 1390 809 1440 pollicentur,
834 1392 880 1428 vt
900 1403 985 1428 non
1005 1391 1158 1428 temere
1183 1391 1336 1428 certam
1359 1390 1555 1428 fiduciam
1581 1391 1721 1429 animo
1740 1404 1908 1441 praesu-

252 1472 292 1503 95
311 1468 474 1494 mamus
498 1468 653 1493 omnes,

365 1519 512 1559 Multis
538 1521 793 1571 argumentis
820 1521 867 1559 R.
885 1520 933 1559 D.
951 1520 996 1559 T.
1019 1520 1103 1558 iam
1129 1533 1240 1558 nunc
1267 1521 1333 1558 sui
1355 1521 1565 1570 specimen
1585 1521 1703 1563 nobis
1727 1522 1907 1571 aedidit3

311 1585 468 1623 maiora
484 1588 582 1624 sunt
602 1600 705 1636 quae
721 1586 883 1624 indoles
897 1586 977 1624 ista
995 1599 1040 1624 ac
1059 1585 1196 1623 virtus
1210 1585 1326 1623 velut
1342 1585 1585 1624 herbescens
1600 1586 1734 1624 adhuc
1749 1589 1791 1625 et
1810 1587 1907 1626 coti-

312 1650 447 1688 dianis
460 1651 650 1690 auctibus
661 1652 711 1689 ad
720 1651 1003 1689 maturitatem
1015 1663 1242 1700 properans
1253 1650 1510 1701 gliscensque
1521 1651 1741 1700 promittit.
1774 1651 1905 1692 Porro

311 1729 545 1766 quanquam
564 1716 735 1755 virtutis
753 1716 1023 1756 seminarium
1043 1715 1238 1754 indiderit
1257 1718 1415 1763 natura,
1430 1729 1505 1763 res,
1522 1718 1567 1754 vt
1586 1716 1726 1765 fatear,
1742 1719 1904 1768 egregie

233 1799 293 1821 100
309 1783 641 1831 potens‚1tamen
674 1783 755 1821 huc
788 1796 874 1820 non
907 1782 997 1820 leue
1031 1783 1294 1819 momentum
1324 1781 1457 1819 adfert
1481 1781 1681 1829 cordatos,
1710 1782 1903 1832 integros,

310 1847 491 1885 eruditos
520 1861 743 1898 grauesque
771 1848 883 1886 viros
913 1847 958 1884 in
988 1846 1179 1894 consiliis⁷
1202 1846 1247 1884 in
1275 1846 1428 1893 officiis,
1452 1846 1497 1884 in
1521 1847 1756 1886 domesticis
1783 1848 1903 1888 collo-

310 1912 420 1962 quiis
446 1926 609 1964 semper
633 1914 795 1952 habere.
854 1913 934 1951 Sed
961 1912 1096 1951 multo
1121 1912 1303 1951 maxime
1321 1913 1525 1960 conducit,
1551 1914 1903 1962 quemadmodum

309 1977 417 2026 facis,
439 1978 483 2016 in
503 1980 671 2029 optimis
690 1980 825 2018 literis
844 1992 917 2029 per
942 1980 1118 2017 aetatem
1143 1991 1226 2016 non
1255 1978 1435 2027 segniter
1454 1978 1640 2025 exerceri,
1661 1980 1904 2027 praesertim

308 2042 360 2081 iis
381 2057 483 2093 quae
505 2045 556 2083 ad
582 2045 795 2095 egregium
823 2044 1054 2094 principem
1083 2043 1313 2093 gerendum
1342 2042 1407 2081 vel
1434 2042 1596 2080 addunt
1621 2043 1815 2083 stimulos
1837 2044 1903 2084 vel

230 2123 288 2155 105
308 2108 421 2147 viam
466 2110 658 2159 aperiunt
682 2124 691 2148 :
738 2110 905 2149 tametsi
952 2110 1110 2147 factum
1157 2108 1348 2146 videmus
1385 2110 1432 2146 vt
1478 2109 1676 2158 quosdam
1721 2110 1896 2149 eximios

307 2174 514 2224 principes
536 2175 789 2225 disciplinae,
813 2175 910 2213 licet
927 2174 1144 2213 alieniores
1163 2173 1436 2221 nobilitarint,
1459 2173 1591 2212 veluti
1609 2174 1896 2214 Mithridatem

307 2239 545 2289 linguarum
576 2241 714 2291 reique
742 2241 922 2279 medicae
950 2239 1107 2290 peritia,
1131 2240 1173 2279 O.
1200 2240 1413 2278 Caesarem
1442 2239 1676 2278 matheseos
1704 2240 1898 2290 cognitio.

307 2304 440 2343 Multa
465 2308 690 2356 suggerunt
710 2306 841 2353 amici,
865 2306 937 2345 sed
956 2305 1064 2344 nulli
1083 2306 1204 2355 plura
1222 2318 1348 2355 quam
1367 2305 1467 2343 boni
1486 2305 1653 2353 codices,
1679 2319 1780 2356 quos
1800 2306 1901 2346 Cato

306 2370 372 2408 vel
392 2370 437 2409 in
451 2371 584 2421 ipsam
598 2385 726 2422 vsque
745 2372 901 2410 curiam
923 2371 1092 2410 comites
1110 2371 1261 2409 habere
1282 2370 1507 2418 consueuit,
1522 2371 1712 2409 lectitans
1731 2371 1901 2409 interim

229 2451 288 2473 110
305 2435 472 2485 aliquid,
495 2436 597 2475 dum
625 2438 791 2475 senatus
811 2438 1032 2486 cogeretur.
1093 2435 1150 2474 Vt
1169 2435 1297 2485 igitur
1316 2448 1401 2473 non
1421 2435 1557 2473 omnis
1576 2434 1792 2485 disciplina
1810 2448 1899 2485 per-

306 2499 498 2539 discenda
526 2502 711 2552 principi,
734 2502 794 2540 ita
821 2502 951 2540 maior
978 2502 1041 2540 est
1068 2501 1273 2540 librorum
1302 2513 1501 2538 numerus
1526 2513 1652 2549 quam
1679 2502 1726 2538 vt
1756 2513 1900 2545 omnes

305 2569 421 2605 vacet
459 2567 674 2606 euoluere:
707 2568 880 2618 proinde
918 2581 968 2606 ex
1005 2567 1189 2617 Vtrisque
1221 2566 1330 2617 quod
1364 2566 1570 2615 optimum
1607 2568 1669 2603 est
1708 2566 1897 2616 quodque

305 2633 544 2681 proximum
571 2633 622 2671 ad
651 2647 739 2672 rem
766 2632 968 2683 principis
995 2632 1103 2679 facit,
1126 2632 1260 2681 primo
1289 2631 1377 2669 loco
1407 2630 1649 2669 discendum
1677 2633 1750 2670 est.
1811 2631 1895 2669 Nec

306 2697 420 2735 enim
461 2697 648 2748 expediat
685 2698 900 2736 hominem
938 2697 1187 2747 reipublicae
1230 2698 1376 2734 natum
1417 2696 1582 2734 assidua
1627 2696 1896 2735 meditatione
1917 2730 1921 2732 ,

229 2774 286 2807 115
306 2762 538 2802 studiorum
559 2764 604 2801 in
623 2764 762 2810 mutis,
785 2765 831 2801 vt
850 2765 1008 2811 vocant,
1033 2762 1243 2811 magistris
1268 2761 1398 2799 situm
1418 2762 1563 2799 ducere
1580 2776 1589 2800 ε
1619 2761 1720 2811 quin
1742 2761 1890 2810 potius,

306 2829 652 2877 quemadmodum
668 2829 789 2867 Plato
806 2828 960 2866 ciuium
977 2841 1148 2866 suorum
1163 2827 1324 2865 animos
1342 2827 1622 2876 gymnasticae
1636 2826 1896 2876 musicaeque

348 2916 400 2945 81.
432 2917 471 2946 vt
496 2916 589 2946 orbis
612 2916 852 2955 expectationi
876 2918 948 2946 add.
972 2918 1015 2946 H.
1127 2916 1163 2945 te
1188 2916 1262 2945 add.
1288 2917 1330 2944 H.
1485 2915 1537 2952 96.
1571 2913 1611 2944 R.
1630 2913 1671 2944 D.
1688 2913 1726 2944 T.
1751 2916 1800 2943 E:
1831 2915 1894 2943 tua

306 2958 476 2988 iuuentus
492 2962 533 2989 H.
672 2969 744 2998 109.
770 2968 879 2997 vsque
897 2962 972 2989 add.
990 2962 1026 2990 F.

351 3049 421 3078 115.
448 3043 559 3072 mutis
577 3066 584 3072 .
602 3065 608 3072 .
629 3065 637 3072 .
656 3040 850 3083 magistris]
869 3041 921 3072 Cf.
939 3044 1046 3078 Aday.
1066 3040 1149 3078 1183
1173 3049 1193 3070 a
1208 3040 1360 3079 proverb
1377 3039 1507 3078 quoted
1526 3039 1565 3068 in
1583 3038 1673 3070 Gell.
1691 3048 1739 3076 14.
1757 3048 1786 3067 2.
1807 3048 1835 3068 1.
