2034 3433
109 171 208 232 903]
562 179 632 218 'ro
669 177 937 216 WILLIAM
974 177 1246 217 BUDAEUS
1622 177 1696 215 461

107 283 270 328 ascitus,
307 294 406 320 mox
440 281 638 330 opulento
675 279 902 318 sacerdotio
940 280 1119 318 donatus
1158 292 1278 318 sum:
1321 278 1577 317 destinatum
1615 281 1700 316 erat

106 360 294 386 annuum
329 346 534 392 salarium,
567 345 684 384 cuius
715 344 904 382 nondum
942 347 1102 382 certum
1141 344 1205 382 ius
1241 343 1512 394 possidebam.
1572 342 1701 382 Vobis

107 425 203 450 cum
222 411 375 461 Anglis
395 410 437 450 id
464 409 664 460 temporis
689 422 837 459 parum
862 409 1144 457 conueniebat,
1167 411 1208 448 et
1234 409 1418 447 nouandi
1437 408 1571 446 denuo
1592 407 1701 445 Noui

107 476 365 516 Testamenti
395 489 493 515 cura
520 488 587 513 me
615 476 752 513 totum
780 473 968 512 habebat.
1028 475 1099 512 An
1127 486 1222 512 cum
1251 474 1328 512 hoc
1356 473 1446 512 loco
1473 486 1541 512 res
1563 475 1701 512 essent
1720 488 1782 520 495

107 555 234 590 meae,
270 541 376 580 mihi
403 540 671 579 consulturus
698 551 787 578 eras
815 541 862 577 vt
890 538 1075 588 ingratus
1104 552 1199 588 erga
1226 552 1350 586 mem,
1379 539 1428 577 de
1458 538 1702 577 Britannica

106 607 273 646 fortuna
304 606 550 656 periclitans,
574 605 729 643 omisso
758 603 925 654 negocio
954 603 1072 641 cuius
1101 603 1233 652 gratia
1262 603 1518 653 negligebam
1549 602 1702 650 omnia,

108 669 153 707 in
184 668 367 708 Galliam
398 668 680 714 accurrissem,
711 667 939 705 venaturus
971 679 1088 715 spem
1122 666 1259 704 nescio
1294 679 1430 714 quam,
1459 666 1535 704 hoc
1566 667 1628 704 est
1657 667 1703 703 τὰ

113 734 303 782 πετώμενα
319 733 481 779 διώξωνὶ)
499 732 742 782 praesertim
757 744 850 769 cum
863 744 931 768 me
943 730 1172 779 praesentis
1185 730 1374 768 fortunae
1386 743 1469 768 non
1482 730 1704 769 admodum

108 800 345 848 poeniteret.
405 797 593 846 Denique
615 797 694 835 scis
710 809 791 846 quo
810 797 995 845 tempore
1015 795 1122 833 mihi
1140 795 1321 833 redditae
1341 795 1425 833 sint
1445 797 1539 834 tuae
1553 797 1704 845 postre-
1722 815 1786 845 500

108 863 190 902 mis
206 863 416 913 proximae
435 862 588 900 literae.
648 861 755 910 Quid
782 862 922 899 autem
942 873 1106 898 necesse
1130 862 1192 898 est
1213 859 1271 898 sic
1291 873 1358 898 me
1377 860 1474 898 huic
1493 862 1563 898 aut
1584 860 1703 899 alteri

107 927 285 978 principi
307 927 508 975 addicere,
527 929 574 965 vt
598 940 622 965 a
645 926 818 976 reliquis
842 939 910 964 me
936 925 1116 964 eximam
1133 927 1152 963 ⁵?
1208 924 1319 963 Malo
1345 925 1499 964 seruire
1523 926 1640 974 nulli,
1663 929 1703 965 et

106 993 310 1043 prodesse,
332 992 368 1031 si
394 1005 556 1042 queam,
577 991 783 1030 omnibus.

161 1058 242 1097 Sed
268 1058 344 1096 hac
369 1057 419 1096 de
447 1071 490 1095 re
510 1057 753 1107 scripsimus
773 1056 987 1106 Episcopo,
1011 1055 1360 1105 quemadmodum
1382 1055 1552 1094 iussisti.
1611 1055 1702 1095 Gla-

109 1136 280 1162 reanum
309 1122 389 1161 tibi
420 1122 585 1172 probari
618 1134 867 1171 magnopere
899 1120 1080 1171 gaudeo:
1121 1134 1247 1170 quem
1284 1120 1501 1159 hominem
1539 1133 1612 1171 ego
1645 1122 1702 1159 sic
1722 1136 1780 1166 505

108 1201 214 1230 amo.
237 1188 284 1226 vt
306 1187 500 1237 quicquid
527 1187 572 1224 in
600 1186 725 1224 illum
754 1185 876 1224 officii
905 1185 1141 1232 contuleris,
1169 1185 1316 1223 lubens
1343 1185 1476 1234 patiar
1503 1185 1702 1235 imputari

109 1253 227 1292 mihi.

164 1318 256 1357 Iam
275 1320 321 1356 vt
340 1318 391 1357 ad
411 1320 666 1368 postremam
684 1314 900 1366 epistolam
926 1316 1042 1353 tuam
1066 1316 1240 1364 carptim
1265 1328 1393 1364 pauca
1415 1316 1698 1365 respondeam,

109 1386 155 1422 vt
178 1386 225 1422 tu
251 1384 485 1431 immodice,
510 1383 686 1429 Budaee,
708 1383 780 1420 aut
802 1379 959 1419 attollis
986 1381 1056 1418 aut
1086 1380 1228 1419 deiicis
1256 1380 1421 1419 omnia!
1451 1381 1703 1430 Scripseram

110 1463 176 1488 me
196 1449 328 1487 vereri
354 1462 407 1487 ne
430 1448 551 1486 amici
570 1449 642 1485 aut
669 1445 825 1496 posteri
847 1445 1044 1483 aliorsum
1073 1446 1304 1494 acciperent
1326 1446 1437 1483 iocos
1460 1447 1554 1484 tuos
1577 1458 1702 1495 quam
1722 1461 1784 1491 510

110 1517 157 1552 tu
181 1513 407 1562 scriberes;
437 1525 538 1563 quos
567 1525 652 1550 non
677 1511 924 1560 ignorarem,
953 1510 1257 1559 qualescunque
1281 1511 1430 1558 forent,
1455 1524 1478 1548 a
1504 1511 1703 1560 synceris-

108 1579 215 1617 simo
233 1580 396 1628 pectore
414 1577 628 1628 proficisci.
688 1575 803 1614 Hinc
823 1575 976 1613 excitas
995 1587 1170 1623 magnos
1190 1575 1409 1624 tumultus,
1437 1577 1500 1613 ‘te
1520 1576 1704 1615 aduersis

108 1644 265 1683 Gratiis
297 1656 461 1682 mecum
494 1642 752 1692 auspicatum
786 1640 1022 1688 amicitiam,
1057 1654 1168 1679 nunc
1201 1641 1281 1680 tibi
1318 1642 1449 1680 videri
1486 1642 1700 1688 rusticum,

108 1710 346 1757 absurdum,
387 1711 712 1759 praeposterum,
752 1707 962 1754 stolidum,
1006 1707 1292 1746 refractarium
1335 1711 1375 1747 et
1416 1709 1704 1747 offensatorem

108 1775 367 1823 collusorem,
397 1787 442 1813 ac
466 1774 646 1824 spinosis
671 1773 783 1820 iocis,
811 1772 1018 1820 aculeatis,
1047 1773 1249 1811 ominosis
1274 1773 1496 1812 vitandum
1522 1776 1563 1812 et
1593 1786 1704 1812 auer-
1723 1788 1785 1818 515

108 1841 296 1888 sandum,
318 1842 365 1879 vt
384 1839 534 1878 bouem
553 1838 748 1877 cornibus
767 1837 1002 1876 obuolutis?
1072 1837 1190 1876 Nihil
1214 1838 1328 1876 enim
1352 1839 1478 1878 huius
1503 1839 1705 1878 sermonis

111 1919 250 1944 meum
268 1906 376 1944 illud
396 1904 638 1954 epistolium
657 1904 735 1942 tibi
753 1903 1043 1953 suppeditauit.
1102 1904 1245 1953 Neque
1275 1907 1367 1943 veto
1393 1907 1434 1943 te
1460 1905 1705 1954 respondere

109 1971 303 2021 epistolae
333 1983 455 2021 quam
478 1969 595 2008 vides
623 1969 830 2016 aeditam;
859 1970 906 2006 tu
935 1969 1058 2006 modo
1084 1969 1180 2006 vide
1211 1969 1309 2019 quid
1336 1969 1391 2008 sit
1416 1983 1466 2008 ex
1492 1969 1704 2019 vtriusque

110 2035 320 2086 dignitate.
383 2035 525 2085 Neque
557 2035 670 2073 enim
700 2034 774 2072 illa
808 2046 900 2071 mea
933 2035 1020 2071 tam
1051 2034 1132 2071 tibi
1165 2034 1316 2083 scripta
1346 2037 1408 2073 est
1442 2047 1565 2084 quam
1595 2034 1699 2082 aliis,

111 2113 213 2150 quos
239 2100 420 2151 placatos
447 2099 644 2150 oportuit.
704 2099 788 2137 Nec
812 2098 902 2136 ideo
926 2099 989 2136 tot
1009 2099 1268 2147 argumentis
1296 2101 1434 2138 tecum
1462 2112 1549 2149 ago,
1578 2101 1624 2137 vt
1651 2101 1700 2138 ad
1722 2114 1783 2145 520

110 2165 443 2215 respondendum
469 2164 722 2211 lacesserem,
747 2163 817 2201 sed
846 2176 897 2201 ne
924 2163 1202 2211 responderes.
1264 2163 1371 2202 Nam
1398 2167 1584 2202 nostram
1607 2177 1701 2202 cum

111 2230 240 2269 Fabro
269 2230 614 2268 concertationem
641 2228 795 2267 aboleri
823 2228 989 2266 silentio
1016 2228 1245 2278 cupiebam,
1273 2231 1308 2267 si
1333 2242 1412 2279 qua
1436 2229 1526 2267 fieri
1550 2232 1699 2279 posset.

111 2296 336 2343 Postremo,
358 2308 410 2333 ne
431 2295 529 2345 quid
550 2295 648 2332 hinc
671 2307 789 2342 erres,
812 2293 914 2332 scito
937 2306 1029 2331 eam
1053 2293 1271 2342 epistolam
1297 2294 1554 2344 aliquamdiu
1576 2295 1702 2334 fuisse

110 2360 304 2399 formulis
333 2373 523 2398 excusam
555 2359 794 2410 priusquam
825 2361 899 2397 tua
923 2359 1029 2397 mihi
1052 2359 1300 2398 redderetur.
1359 2359 1442 2398 Nec
1470 2373 1536 2397 me
1560 2362 1701 2398 tamen

51 2415 54 2417 Α
110 2427 253 2464 autore
283 2426 325 2463 id
357 2425 527 2464 factum.
586 2425 742 2463 Verum
774 2437 869 2462 cum
905 2424 1044 2462 subito
1075 2424 1305 2472 periculum
1339 2427 1446 2463 esset
1476 2438 1529 2463 ne
1562 2426 1702 2464 omnia
1721 2438 1781 2470 525

111 2490 304 2529 Frobenii
323 2490 459 2540 praela
479 2491 692 2537 cessarent,
714 2491 928 2539 propterea
950 2488 1058 2538 quod
1080 2489 1309 2527 chartarius
1331 2489 1383 2527 ad
1407 2489 1515 2528 diem
1537 2490 1702 2539 praesti-

111 2558 250 2594 tutum
279 2569 363 2594 non
389 2556 561 2604 adesset,
584 2568 729 2606 passus
756 2568 862 2603 sum,
883 2567 958 2593 nec
984 2555 1024 2593 id
1049 2554 1274 2593 admodum
1300 2555 1456 2602 volens,
1479 2557 1524 2593 vt
1547 2555 1702 2593 Beatus

111 2620 336 2659 Rhenanus
360 2634 382 2658 e
409 2620 568 2659 sarcina
590 2633 693 2668 mea,
723 2619 760 2659 si
784 2620 885 2670 quid
911 2620 1081 2667 inesset,
1107 2619 1323 2670 deligeret:
1353 2632 1450 2657 nam
1478 2618 1585 2657 mihi
1609 2620 1701 2659 tum

113 2698 371 2735 nequaquam
391 2685 571 2724 vacabat.
633 2686 687 2723 Et
713 2685 910 2735 quoniam
937 2698 1009 2734 per
1034 2685 1267 2723 tumultum
1286 2687 1374 2723 acta
1393 2697 1458 2723 res
1477 2686 1550 2732 est,
1573 2697 1646 2722 nec
1665 2684 1701 2723 is

111 2751 156 2788 in
180 2750 339 2788 delectu
368 2749 469 2788 satis
498 2750 637 2788 animo
665 2763 739 2788 suo
767 2750 873 2790 fecit.
934 2751 987 2789 Et
1017 2752 1156 2788 tamen
1182 2763 1232 2787 ex
1254 2748 1427 2798 epistola
1455 2751 1527 2787 tua
1555 2748 1621 2787 cui
1646 2762 1701 2787 re·
1720 2761 1783 2793 530

156 2857 230 2887 492.
255 2843 467 2887 sacerdotio]
485 2846 548 2877 See
564 2846 627 2886 Ep.
645 2847 720 2886 436.
737 2856 803 2886 5n.
984 2856 1057 2885 512.
1084 2849 1118 2877 te
1135 2845 1312 2887 aduersis]
1332 2847 1392 2886 Ep.
1411 2847 1486 2885 896.
1505 2855 1601 2885 5—14.

156 2892 230 2929 496.
244 2889 471 2930 Britannica]
486 2889 549 2920 See
565 2890 627 2929 Ep.
643 2891 718 2928 694.
741 2900 827 2922 που.
983 2900 1056 2929 523.
1080 2899 1157 2920 eam
1173 2889 1377 2930 epistolam]
1396 2889 1457 2929 Ep.
1476 2891 1547 2928 778.

157 2944 231 2973 499.
256 2932 386 2974 διώξων]
404 2933 456 2964 Cf.
475 2932 566 2964 Plat.
581 2935 739 2971 Euthyph.
756 2944 820 2972 4A.
984 2943 1057 2971 524.
1082 2932 1306 2974 redderetur]
1324 2933 1388 2964 See
1405 2933 1468 2973 Ep.
1487 2934 1550 2964 810
1566 2933 1699 2965 introd.

157 2987 230 3017 504.
258 2975 481 3017 scripsimus]
499 2976 569 3007 Not
584 2977 717 3007 extant.
985 2986 1058 3015 527.
1077 2975 1224 3017 Beatus]
1237 2976 1364 3008 Cfivol.
1374 2977 1397 3007 i.
1411 2986 1443 3016 p.
1451 2985 1527 3017 594,
1538 2977 1573 3009 ii.
1584 2987 1616 3017 p.
1625 2978 1700 3009 602.

156 3030 230 3061 509.
256 3019 488 3060 Scripseram]
506 3019 569 3059 Ep.
587 3020 659 3059 869.
679 3020 754 3058 3-6.
985 3030 1058 3059 530.
1083 3019 1232 3060 epistola
1248 3019 1326 3061 tua]
1344 3019 1406 3060 Ep.
1426 3030 1498 3058 744.
