2034 3433
289 105 367 142 254
752 103 1001 142 LETTERS
1039 102 1110 140 OF
1146 102 1410 142 ERASMUS
1750 101 1789 155 [1
1798 114 1820 151 5
1828 117 1844 142 1
1854 105 1874 139 8

710 234 808 272 800.
870 230 933 272 To
967 230 1093 271 PAUL
1124 230 1401 270 BOMBASIUS.

333 323 519 358 Deventer
537 321 612 356 MS.
632 331 688 365 91,
705 321 730 355 f.
748 330 789 364 91
811 322 858 354 v0.
1579 318 1756 355 Louvain.

334 380 405 414 LB.
426 380 520 424 App.
540 389 619 424 275.
1513 386 1554 421 14
1574 377 1704 413 March
1726 380 1824 423 1518.

385 459 578 502 [Probably
594 458 799 497 answering
815 467 834 488 a
850 457 957 488 letter
974 458 1246 496 contemporary
1261 457 1353 487 with
1370 457 1431 496 Ep.
1450 466 1537 497 7293
1561 467 1618 488 see
1634 467 1669 498 p.
1689 457 1779 498 155.]

729 566 934 598 ERASMVS
965 566 1192 597 BOMBASIO
1224 566 1305 597 SVO
1337 566 1370 598 S.
1394 567 1435 597 D.

339 651 483 688 PLANE
499 649 606 687 mihi
619 649 735 688 visus
755 661 848 687 sum
865 647 1108 686 reuiuiscere
1124 647 1209 685 tuis
1223 646 1375 685 litteris
1393 648 1581 696 acceptis,
1596 647 1874 687 eruditissime

284 715 496 763 Bombasi‚
516 714 643 753 simul
662 716 784 764 atque
805 726 976 752 manum
998 713 1117 751 illam
1136 712 1244 751 mihi
1263 712 1553 750 charissimam
1572 714 1734 763 agnoui.
1795 714 1873 753 Sed

283 780 381 830 quid
410 793 482 830 ego
512 779 636 819 audio
648 780 669 818 ⁴?
725 778 808 817 Pro
837 779 970 828 legato
998 778 1153 817 videris
1180 777 1258 816 tibi
1284 777 1516 827 relegatus!
1574 777 1654 817 Sed
1681 778 1874 828 Vlyssem

282 846 345 883 τὸν
370 846 608 894 πολύτροπον
635 857 733 894 agas
760 845 930 893 oportet,
955 843 1026 893 qui
1052 842 1119 881 vel
1143 842 1253 880 inter
1279 842 1462 880 Pheacas
1487 844 1528 880 et
1557 842 1758 892 Cyclopas
1784 857 1874 893 per-

247 922 263 952 5
282 923 430 949 sonam
449 909 621 960 pulchre
647 908 940 959 attemperauit
961 923 969 956 ;
998 910 1166 946 tantum
1189 921 1240 946 ne
1263 908 1308 945 in
1332 907 1609 957 Calypsonem
1635 909 1707 946 aut
1728 907 1874 948 Circen

282 975 454 1022 incidas,
476 977 547 1013 aut
576 988 627 1012 ne
656 974 734 1013 tibi
766 987 859 1013 cum
890 974 959 1013 Iro
989 986 1053 1012 res
1082 973 1137 1012 sit
1164 986 1353 1023 vsquam.
1426 972 1622 1022 Frigebat
1651 972 1752 1012 olim
1782 973 1873 1012 Tre-

282 1041 419 1079 batius
447 1041 555 1090 apud
586 1040 813 1078 Britannos
833 1055 841 1087 3
870 1042 912 1078 at
945 1041 1102 1090 quanto
1125 1041 1173 1077 tu
1196 1038 1355 1077 felicior
1374 1039 1440 1076 cui
1459 1039 1593 1076 totam
1613 1037 1808 1088 hyemem
1828 1039 1872 1078 in

283 1105 574 1144 Heluetiorum
602 1105 793 1144 estuariis
822 1105 967 1144 sudare
996 1104 1169 1143 licuerit.
1231 1104 1447 1142 Postremo
1466 1103 1709 1142 memineris
1734 1104 1872 1152 velim,

282 1170 519 1209 istiusmodi
566 1171 794 1221 legationes
841 1184 943 1220 quae
990 1170 1069 1208 tibi
1115 1169 1391 1220 deplorandae
1438 1168 1646 1217 videntur,
1694 1169 1872 1219 gignunt

226 1253 263 1275 10
282 1236 502 1286 episcopos,
531 1236 711 1286 gignunt
741 1236 980 1274 cardinales.
1052 1235 1159 1284 Quid
1189 1235 1225 1274 si
1252 1234 1418 1274 videam
1447 1233 1548 1272 olim
1577 1247 1718 1272 meum
1747 1234 1871 1273 Bom-

281 1302 443 1341 basium
495 1302 621 1340 mitra
672 1301 831 1340 bicorni
878 1302 1063 1351 pedoque
1109 1300 1319 1350 insignem
1366 1300 1439 1338 aut
1484 1312 1689 1349 purpureo
1735 1300 1874 1349 galero

281 1367 552 1405 reuerendum
569 1369 589 1406 ‘?
645 1367 774 1417 Saepe
797 1367 867 1405 sed
888 1367 1043 1405 frustra
1065 1364 1308 1417 deplora<ui)
1326 1365 1432 1403 mihi
1458 1365 1646 1403 relictam
1667 1365 1843 1404 Romam
1863 1381 1871 1410 ;

281 1446 355 1471 nec
380 1432 493 1471 aliud
520 1435 582 1471 est
601 1446 680 1483 quo
702 1446 769 1471 me
791 1432 977 1471 consoler
997 1431 1079 1471 nisi
1097 1435 1147 1483 τῷ
1167 1431 1280 1470 Fatis
1300 1431 1473 1480 agimur.
1535 1429 1657 1468 Nunc
1685 1430 1871 1469 relictam

281 1499 462 1547 repetere
488 1498 644 1547 partim
669 1498 797 1547 pudet
824 1497 875 1536 ob
901 1497 1109 1544 caniciem,
1133 1496 1285 1546 partim
1313 1496 1553 1534 dehortatur
1581 1495 1872 1545 ingrauescens

226 1580 261 1611 15
280 1565 403 1601 aetas.
463 1562 579 1600 Nihil
598 1565 739 1601 autem
761 1560 904 1614 [mihi]
924 1562 967 1599 in
988 1562 1086 1600 fatis
1111 1561 1216 1599 meis
1242 1560 1348 1598 mihi
1375 1560 1541 1598 videtur
1569 1560 1871 1599 intolerabilius

280 1641 405 1678 quam
425 1628 704 1678 sycophantas
731 1628 836 1666 istos
864 1628 1062 1677 quosdam
1089 1627 1304 1676 theologos
1322 1625 1491 1675 perpeti,
1516 1625 1585 1675 qui
1605 1627 1771 1663 tantum
1791 1625 1870 1664 sibi

278 1695 471 1743 arrogant
490 1696 536 1732 vt
560 1693 760 1732 damnent
780 1693 889 1743 quod
908 1705 1124 1742 nunquam
1145 1691 1332 1741 legerint.
1377 1691 1432 1729 Et
1443 1692 1582 1729 tamen
1603 1690 1671 1729 his
1690 1690 1869 1729 maxime

279 1758 535 1797 desudarunt
561 1758 645 1796 mei
670 1758 842 1806 labores,
866 1758 902 1797 si
929 1770 1171 1807 cognoscere
1190 1770 1313 1807 quam
1340 1758 1590 1804 συκοφαντεῖν
1608 1755 1867 1794 maluissent.

278 1822 345 1861 Ab
374 1823 440 1862 his
465 1814 610 1873 opinor
635 1824 883 1873 instigatum
909 1823 1102 1871 Fabrum,
1126 1823 1195 1861 sed
1221 1822 1336 1860 illius
1364 1834 1514 1871 magno
1540 1821 1661 1869 malo,
1683 1820 1719 1859 si
1747 1821 1868 1859 modo

223 1906 261 1927 20
278 1887 433 1926 famam
453 1901 570 1927 suam
590 1889 756 1927 charam
775 1889 909 1927 habet.

332 1953 520 1992 Sciebam
549 1953 772 1992 Ricardum
803 1954 982 1992 Paceum
1009 1952 1224 1991 hominem
1249 1965 1336 1990 esse
1362 1950 1547 1989 moribus
1572 1950 1694 2000 plane
1720 1949 1865 1999 niueis,

276 2019 502 2068 integrum,
523 2018 714 2066 liberum,
732 2019 788 2057 sic
808 2019 989 2057 amicum
1009 2019 1138 2056 amico
1154 2020 1200 2056 vt
1216 2030 1299 2055 non
1315 2016 1420 2055 alius
1435 2030 1571 2067 aeque,
1586 2017 1864 2068 πολύγλωττον,

277 2083 477 2133 πολυμαθῆ
494 2099 503 2131 ;
523 2084 593 2122 sed
614 2086 753 2122 tamen
769 2085 948 2133 optarim
969 2083 1084 2121 illius
1103 2083 1273 2122 nomine
1291 2081 1480 2120 libellum
1500 2094 1595 2119 eum
1611 2082 1671 2120 De
1687 2081 1869 2120 vtilitate

277 2148 509 2188 studiorum
537 2149 696 2187 editum
725 2162 810 2187 non
839 2149 974 2188 fuisse.
1034 2148 1126 2187 Scio
1155 2148 1294 2185 doctos
1323 2160 1424 2197 quos
1454 2160 1537 2184 non
1565 2159 1716 2196 paucos
1743 2146 1868 2185 habet

221 2234 234 2254 2
241 2234 258 2264 5
276 2213 507 2262 Britannia,
552 2214 675 2264 longe
721 2215 833 2253 aliud
879 2214 1037 2264 ingenii
1083 2213 1373 2261 doctrinaeque
1423 2211 1630 2262 specimen
1686 2211 1737 2250 ab
1794 2211 1867 2249 illo

275 2281 517 2328 expectasse.
574 2280 619 2318 Si
651 2280 754 2318 serio
784 2280 961 2330 scripsit,
992 2279 1089 2329 quid
1116 2279 1201 2317 illic
1230 2278 1422 2317 serium?
1455 2277 1518 2315 sin
1547 2277 1645 2324 ioco,
1678 2276 1779 2326 quid
1807 2276 1867 2314 ibi

275 2344 511 2383 festiuum?
553 2344 771 2384 Postremo
799 2344 904 2383 nihil
932 2344 1018 2383 illic
1047 2345 1210 2382 constat
1236 2344 1307 2381 aut
1337 2341 1501 2381 coheret
1530 2341 1620 2389 sibi,
1652 2341 1722 2379 sed
1752 2340 1865 2380 velut

274 2409 360 2458 egri
381 2409 543 2447 somnia
563 2411 636 2448 etc.
698 2410 858 2448 Deinde
882 2409 979 2459 quid
1007 2422 1110 2459 opus
1134 2410 1221 2447 erat
1244 2409 1466 2446 Erasmum
1495 2406 1617 2445 toties
1643 2405 1863 2454 traducere,

276 2487 386 2512 nunc
412 2476 459 2513 vt
484 2475 748 2523 esurientem,
771 2488 883 2513 nunc
902 2478 948 2513 vt
967 2473 1171 2523 theologis
1191 2472 1409 2511 inuisum?
1465 2470 1584 2509 Certe
1602 2484 1696 2509 cum
1719 2471 1867 2520 primis

217 2560 257 2590 30
278 2539 476 2589 theologis
510 2539 616 2577 mihi
654 2540 781 2588 probe
817 2538 1039 2585 conuenit;
1077 2541 1117 2577 et
1146 2536 1360 2576 famelicus
1388 2536 1459 2574 ille
1489 2535 1713 2585 quotannis
1741 2549 1866 2586 supra

276 2606 479 2644 trecentos
505 2605 675 2643 ducatos
703 2605 905 2655 possideo,
926 2606 1087 2655 praeter
1111 2616 1157 2642 ea
1182 2615 1285 2652 quae
1311 2615 1360 2640 ex
1380 2601 1666 2640 Moecenatum
1684 2601 1862 2640 liberali-

274 2672 359 2707 tate
386 2670 571 2720 meisque
600 2670 811 2709 laboribus
837 2669 1062 2709 accedunt:
1090 2668 1208 2719 plura
1234 2667 1451 2706 habiturus
1476 2667 1510 2705 si
1539 2666 1676 2715 libeat,
1698 2666 1864 2716 quiduis

493 2803 541 2824 12.
568 2794 752 2835 deploraui
769 2797 843 2825 LB:
869 2794 1014 2834 deplora
1031 2795 1113 2833 Ms„
1133 2795 1175 2823 ad
1185 2795 1283 2829 finem
1298 2801 1402 2823 versus
1418 2803 1424 2822 :
1449 2793 1465 2823 ‘?
1478 2791 1632 2832 deploro.
1679 2816 1682 2821 .

317 2912 345 2939 6.
374 2911 577 2951 Trebatius]
606 2911 657 2943 Cf.
685 2911 755 2942 Cic.
772 2913 863 2942 Fam.
883 2921 911 2949 7.
934 2920 982 2941 10.
1002 2920 1031 2941 2.
1148 2919 1198 2947 27.
1224 2909 1324 2940 velut
1339 2909 1430 2950 egri]
1449 2909 1537 2940 Hor.
1552 2912 1594 2940 A.
1607 2911 1642 2940 Ρ.
1661 2919 1685 2946 7.

320 2963 367 2992 13.
394 2954 507 2994 Fatis]
526 2955 578 2986 Cf.
597 2954 662 2994 Ep.
683 2964 755 2993 794.
773 2955 826 2992 84.
1151 2954 1201 2984 28.
1228 2952 1429 2994 traducere]
1449 2952 1500 2984 Cf.
1516 2953 1579 2992 Ep.
1598 2953 1669 2991 776.
1690 2962 1706 2990 7
1725 2961 1760 2982 n.
