2034 3433
299 183 380 222 530
768 181 1018 221 LETTERS
1058 181 1128 220 OF
1166 181 1434 221 ERASMUS
1778 179 1819 234 [1
1829 191 1851 229 5
1860 192 1874 217 1
1884 194 1906 230 9

298 289 456 337 fideret,
478 291 551 328 aut
570 301 621 326 ex
640 287 754 325 hisce
779 286 966 325 fontibus
985 285 1174 324 haereses
1194 287 1474 324 nascerentur.
1535 283 1625 323 Hec
1646 285 1909 335 impudentia

296 354 520 405 plusquam
540 352 847 403 sycophantica,
872 364 969 390 cum
988 350 1160 400 optimis
1180 350 1413 401 quibusque
1433 350 1680 400 displiceret,
1699 352 1842 390 tamen
1861 354 1910 392 vt

296 420 456 461 bellum
475 419 699 458 inuentum
719 417 972 468 probabatur
992 416 1255 467 quibusdam,
1271 417 1343 467 qui
1363 431 1406 455 se
1426 417 1661 466 theologiae
1679 417 1911 467 antesigna-

238 494 281 526 60
299 499 375 524 nos
409 487 450 523 et
479 483 743 523 Christianae
773 482 987 532 religionis
1017 482 1236 520 columnas
1264 483 1521 522 existimant.
1582 482 1638 521 Et
1660 482 1757 522 vide
1783 496 1908 534 quam

298 551 436 590 studio
466 549 574 588 caeci
602 549 758 588 nostris
787 548 1030 587 blandimur
1049 547 1194 586 viciis!
1251 549 1451 586 Ati-ocem
1480 548 1792 596 contumeliam,
1824 548 1910 586 imo

298 617 460 655 facinus
498 615 661 654 haeresi
699 614 941 664 proximum
982 614 1186 662 ducimus,
1216 614 1251 652 si
1289 615 1384 664 quis
1421 615 1667 664 theologum
1704 613 1907 659 rabulam,

299 682 440 732 quales
472 682 573 720 sunt
603 694 688 719 non
721 680 852 731 pauci,
890 694 965 730 pro
997 680 1193 730 theologo
1228 680 1536 730 mataeologum
1568 681 1780 720 nominet:
1829 679 1912 729 ipsi

299 747 419 786 nobis
438 746 707 796 ignoscimus,
724 760 820 785 cum
840 747 950 796 apud
969 746 1232 796 frequent-em
1252 746 1457 796 populum
1477 746 1709 786 hereticum
1729 748 1772 785 et
1791 744 1913 785 Anti-

238 822 279 861 65
299 813 506 852 christum
526 826 723 851 vocamus
743 812 972 862 cuicunque
992 826 1295 852 succensemus.

355 879 565 918 Lutherus
612 878 719 917 mihi
765 880 851 917 tam
900 879 1070 929 ignotus
1116 880 1180 917 est
1228 892 1353 929 quam
1401 878 1468 917 cui
1515 878 1817 928 ignotissimus‚
1863 879 1912 916 vt

299 946 514 995 suspectus
533 957 622 984 esse
641 958 725 984 non
747 958 907 994 queam,
930 945 1049 995 quasi
1066 945 1234 983 faueam
1255 945 1400 983 amico.
1441 943 1584 983 Huius
1601 943 1914 982 lucubrationes

301 1024 376 1049 nec
409 1011 519 1049 tueri
547 1024 691 1049 meum
721 1012 785 1049 est
814 1024 890 1049 nec
919 1010 1168 1061 improbare,
1190 1012 1238 1050 vt
1267 1023 1371 1061 quas
1400 1010 1603 1048 hactenus
1632 1023 1718 1048 non
1737 1006 1912 1059 legerim

301 1077 384 1115 nisi
416 1076 605 1126 carptim.
665 1077 785 1115 Certe
814 1076 946 1114 vitam
980 1076 1166 1114 hominis
1196 1089 1321 1114 nemo
1355 1075 1430 1126 qui
1463 1075 1584 1114 nouit
1618 1088 1704 1114 non
1737 1074 1912 1124 probat3

242 1162 283 1195 70
301 1155 404 1192 quae
442 1155 539 1180 cum
577 1141 822 1192 longissime
860 1141 970 1179 absit
1008 1141 1059 1180 ab
1099 1141 1218 1179 omni
1258 1141 1492 1191 suspicione
1539 1141 1744 1180 auariciae
1787 1141 1913 1190 atque

298 1207 551 1256 ambitionis,
576 1209 617 1245 et
635 1220 803 1245 morum
824 1206 1064 1245 innocentia
1084 1207 1151 1245 vel
1176 1207 1286 1257 apud
1305 1207 1495 1245 ethnicos
1520 1207 1705 1245 fauorem
1731 1204 1910 1244 inuenit.

301 1274 436 1322 Quam
475 1286 562 1311 non
611 1272 803 1322 congruit
845 1272 1162 1311 mansuetudini
1210 1272 1479 1322 theologicae,
1528 1272 1724 1322 protinus
1770 1284 1816 1309 ac
1860 1284 1913 1309 ne

298 1340 478 1390 perlecto
499 1339 668 1389 quidem
691 1338 798 1377 libro
825 1341 912 1377 tam
932 1339 1175 1377 immaniter
1195 1338 1436 1376 debacchari
1452 1338 1497 1376 in
1517 1351 1672 1377 nomen
1689 1351 1736 1377 ac
1754 1337 1913 1376 famam

300 1405 419 1455 probi
443 1405 549 1453 viri;
594 1404 720 1455 idque
750 1405 860 1455 apud
889 1405 1130 1455 imperitam
1158 1404 1431 1454 plebeculam,
1463 1417 1569 1454 quae
1601 1416 1772 1454 prorsus
1804 1404 1915 1442 caret

243 1486 282 1519 75
301 1470 455 1509 iudicio
479 1472 488 1509 ἔ
537 1470 784 1520 praesertim
810 1484 908 1509 cum
934 1470 1007 1509 ille
1032 1470 1285 1520 disputanda
1304 1469 1580 1520 proposuerit,
1603 1483 1700 1508 cum
1721 1468 1914 1508 omnium

302 1535 454 1575 iudicio
487 1549 577 1575 sese
606 1536 861 1585 submiserit,
891 1549 1070 1585 quorum
1097 1535 1282 1585 oportuit
1311 1537 1352 1574 et
1384 1548 1563 1585 quorum
1597 1548 1685 1574 non
1714 1534 1908 1584 oportuit.

303 1602 436 1640 Nemo
466 1601 643 1649 monuit,
681 1614 803 1639 nemo
833 1602 986 1649 docuit,
1023 1615 1145 1639 nemo
1180 1601 1342 1639 reuicit.
1405 1601 1590 1640 Tantum
1628 1600 1913 1639 vociferantur

303 1667 572 1714 haereticum,
597 1666 805 1705 seditiosis
834 1667 1088 1705 clamoribus
1117 1667 1168 1705 ad
1198 1666 1358 1717 lapides
1386 1668 1630 1716 prouocant.
1690 1666 1815 1704 Dicas
1843 1678 1913 1705 eos

303 1732 420 1771 sitire
440 1731 687 1781 sanguinem
714 1732 961 1781 humanum,
984 1746 1069 1770 non
1099 1732 1279 1771 salutem
1307 1732 1557 1771 animarum.
1618 1731 1708 1780 Quo
1732 1730 1914 1770 inuisius

245 1806 287 1836 80
303 1800 364 1836 est
394 1798 583 1835 hereseos
611 1809 765 1835 nomen
794 1798 964 1836 auribus
994 1798 1259 1843 Christianis,
1280 1799 1358 1836 hoc
1386 1798 1529 1836 minus
1560 1797 1913 1836 committendum

303 1865 367 1901 est
386 1864 433 1900 vt
467 1864 621 1900 temere
650 1862 696 1900 in
725 1876 967 1913 quenquam
996 1863 1266 1914 impingatur.
1328 1863 1424 1901 Non
1453 1863 1600 1902 statim
1630 1862 1769 1912 quiuis
1798 1876 1912 1902 error

303 1928 483 1966 haeresis
515 1929 590 1976 est,
615 1941 748 1978 neque
781 1928 974 1977 protinus
1007 1929 1240 1967 hereticum
1273 1931 1335 1967 est
1369 1928 1568 1979 quicquid
1609 1927 1706 1966 huic
1736 1930 1810 1967 aut
1847 1928 1914 1967 illi

305 1993 509 2044 displicet.
559 1992 703 2044 Neque
721 2007 883 2044 semper
903 1993 1000 2032 fidei
1021 1995 1242 2044 negocium
1261 1997 1394 2044 agunt
1416 1994 1489 2044 qui
1508 1995 1757 2044 praetexunt
1775 1994 1915 2034 huius-

304 2058 419 2097 modi
448 2058 689 2108 splendidos
717 2059 876 2098 titulos.
936 2060 1030 2098 Imo
1059 2060 1245 2111 plerique
1274 2074 1399 2099 suum
1427 2062 1558 2109 agunt
1586 2060 1820 2109 negocium,
1845 2059 1915 2099 vel

245 2134 285 2174 85
305 2123 469 2173 questui
507 2137 582 2162 suo
621 2124 885 2162 consulentes
922 2125 989 2163 vel
1037 2125 1262 2175 tyrannidi.
1324 2125 1438 2174 Quin
1486 2125 1701 2175 praecipiti
1746 2124 1914 2164 ledendi

305 2189 444 2228 studio
464 2202 560 2239 sepe
579 2189 859 2228 criminantur
879 2191 924 2228 in
944 2191 1026 2229 alio
1047 2192 1155 2241 quod
1177 2191 1257 2241 ipsi
1277 2192 1391 2230 domi
1410 2191 1599 2241 probant.

361 2254 552 2304 Denique
585 2268 680 2293 cum
716 2256 777 2293 tot
806 2256 892 2294 sint
910 2259 1071 2295 veteres
1099 2271 1143 2295 ac
1173 2257 1368 2296 neoterici
1396 2257 1628 2307 scriptores,
1660 2271 1737 2296 nec
1763 2257 1915 2296 horum

307 2319 528 2369 quisquam
559 2320 693 2358 adhuc
724 2323 912 2370 repertus
946 2322 1000 2360 sit
1035 2324 1079 2361 in
1113 2323 1231 2362 cuius
1265 2323 1383 2361 libris
1414 2336 1501 2361 non
1533 2323 1744 2362 fateantur
1776 2323 1915 2361 inesse

306 2385 560 2435 periculosos
590 2399 756 2435 errores,
781 2400 852 2424 cur
882 2387 1064 2437 reliquos
1093 2390 1210 2428 taciti
1238 2388 1474 2438 placatique
1502 2388 1693 2439 legimus,
1708 2389 1754 2427 in
1781 2401 1915 2427 vnum

245 2467 289 2499 90
309 2452 380 2488 aut
404 2450 583 2489 alterum
611 2453 699 2489 tam
728 2451 922 2490 atrociter
951 2454 1171 2492 seuimus‘?
1227 2454 1271 2492 Si
1299 2454 1469 2493 veritati
1497 2454 1820 2503 patrocinamur,
1842 2467 1916 2492 cur

308 2528 393 2553 non
413 2528 463 2553 ex
482 2528 610 2566 aequo
641 2516 828 2563 offendit,
851 2516 1087 2567 Vbicunque
1117 2519 1322 2568 reperitur
1350 2519 1460 2568 quod
1481 2519 1650 2558 veritati
1678 2520 1916 2569 repugnat?

308 2580 582 2619 Sanctissima
628 2594 693 2620 res
742 2584 805 2619 est
852 2582 949 2620 fidei
996 2584 1290 2635 religionisque
1336 2584 1634 2634 syncel-itatem
1681 2584 1799 2632 tueri,
1843 2585 1914 2624 sed

310 2676 515 2722 Kunnheyt
533 2688 573 2712 so
592 2678 663 2712 wol
680 2680 840 2722 geraten
859 2678 909 2713 ist
928 2679 999 2714 vnd
1019 2679 1092 2713 mir
1109 2691 1148 2714 so
1166 2679 1343 2726 seliglieh
1361 2680 1546 2727 gegluckt
1563 2680 1644 2716 hat.

353 2768 406 2806 58.
432 2770 553 2798 tamen
569 2779 635 2807 αγε
660 2770 737 2799 tum
755 2770 788 2803 β.
903 2779 957 2809 59.
981 2771 1020 2800 αδ
1037 2781 1045 2801 :
1068 2770 1240 2810 probatur
1254 2783 1286 2810 7.
1394 2773 1447 2810 64.
1475 2781 1558 2803 cum
1573 2773 1635 2803 αδε
1659 2773 1689 2803 si
1705 2773 1729 2807 β
1745 2784 1753 2804 :
1777 2772 1865 2804 dum
1880 2784 1915 2813 -γ,

309 2811 362 2842 66.
389 2822 455 2851 <172
479 2811 676 2842 Lutherius
691 2814 726 2846 β.
843 2822 895 2851 73.
921 2814 1132 2844 immaniter
1145 2815 1206 2845 αδ;
1231 2814 1392 2846 inaniter
1407 2826 1440 2855 γ.
1558 2824 1610 2855 75.
1633 2815 1699 2847 ille
1714 2818 1776 2848 αδε
1799 2817 1865 2848 illa
1879 2828 1914 2859 γ.

312 2863 363 2892 77.
388 2854 544 2885 Tantum
561 2866 628 2894 <²7²
652 2855 786 2886 Tamen
804 2857 838 2890 β.
965 2868 1030 2897 αγε
1055 2857 1255 2888 vociferant
1271 2859 1306 2892 β.
1471 2860 1524 2898 85.
1549 2859 1645 2898 Quin
1662 2871 1729 2900 ay:
1752 2870 1863 2900 quum
1879 2862 1914 2896 β.

311 2898 362 2926 86.
388 2909 433 2937 αγ
449 2909 457 2929 :
482 2899 725 2929 criminentur
740 2901 774 2933 β.
936 2900 987 2939 87.
1015 2910 1079 2931 nec
1095 2912 1140 2940 αγ
1156 2912 1164 2932 :
1187 2910 1304 2940 neque
1320 2903 1356 2937 β.
1511 2904 1566 2935 88.
1591 2905 1758 2944 repertus
1773 2915 1817 2944 ‘17
1833 2915 1842 2934 :
1864 2913 1917 2934 re-

311 2942 431 2979 ceptus
447 2943 479 2975 β.
617 2943 670 2981 89.
695 2942 899 2983 placatique
916 2944 955 2973 αδ
972 2955 979 2974 :
1003 2944 1201 2984 placitique
1218 2956 1250 2985 ’γ-

639 3042 691 3073 66.
720 3041 879 3082 ignotus]
905 3041 955 3072 Cf.
974 3041 1060 3082 Epp.
1078 3043 1153 3081 961.
1171 3052 1267 3083 30—1,
1287 3045 1364 3084 967.
1381 3046 1476 3085 78-9‚
1495 3055 1571 3086 993.
