2034 3433
159 158 258 213 9Y6]
565 161 634 200 ΤΟ
672 158 866 199 ERARD
905 158 979 197 DE
1017 158 1092 197 LA
1129 157 1327 197 MARGK
1653 157 1732 194 485

160 260 350 311 scrupulo
376 260 550 310 sublato,
573 261 672 311 quid
705 262 767 299 est
791 273 862 299 cur
887 261 995 299 fame
1020 260 1220 300 moriatur
1242 259 1501 299 Christianus
1516 257 1536 295 ⁴?
1592 256 1732 307 Neque
1757 261 1814 293 160

159 326 272 366 enim
296 325 449 365 similia
470 328 568 365 sunt
593 339 695 376 quae
714 325 873 364 confert
899 325 943 363 in
969 326 1073 364 libro
1092 325 1153 363 De
1180 325 1287 363 bono
1316 323 1506 374 coniugii,
1530 321 1734 371 suscipere

162 389 313 429 liberos
332 392 374 429 et
392 391 500 429 mori
518 391 637 430 fame.
696 390 838 440 Neque
864 389 1020 429 Paulus
1042 391 1147 429 hanc
1169 389 1367 429 admiscet
1385 386 1730 433 circunstantiam,

159 457 262 506 quin
289 457 428 507 potius
455 456 658 496 abstinere
687 469 761 506 pro
788 458 974 506 tempore
1006 456 1130 502 iubet,
1150 469 1244 494 cum
1272 454 1446 494 vndeuis
1471 452 1624 503 alioqui
1644 464 1734 501 sup·

159 524 280 571 petat,
303 536 384 573 quo
403 524 591 562 ventrem
607 522 724 562 sedes
746 521 975 561 latrantem.
1032 521 1076 559 Si
1095 521 1200 559 mihi
1220 520 1453 559 conceditur
1470 518 1624 558 furtiuo
1644 517 1734 556 cibo

159 586 288 626 vitam
314 600 541 637 prorogare,
565 601 637 626 cur
663 587 713 626 ob
739 587 918 626 alienam
943 586 1216 636 suspicionem
1239 585 1344 624 mori
1369 585 1541 623 iubeor?
1595 584 1732 633 Atque
1756 585 1813 626 165

159 652 256 690 haec
282 652 449 702 quidem
471 655 563 691 tum
589 655 704 692 erant
732 652 1075 691 constitutionum
1098 650 1463 690 ecclesiasticarum
1487 648 1730 695 rudimenta,

157 730 253 756 cum
273 718 459 756 nondum
480 719 527 757 de
547 718 814 768 dignitatibus
836 730 881 756 ac
906 716 1134 767 prebendis,
1158 716 1344 754 nondum
1368 715 1418 753 de
1437 714 1562 764 pallio
1587 716 1628 752 et
1656 725 1732 752 vsu

156 783 282 832 pallii,
314 783 500 822 nondum
529 783 578 822 de
605 784 773 822 decimis
793 782 1065 834 praedialibus
1090 795 1135 821 ac
1161 780 1454 831 personalibus,
1479 779 1665 818 nondum
1685 779 1734 817 de

157 847 426 897 represalibus
445 848 626 898 quaestio
645 850 883 887 verteretur.

212 913 278 952 Ad
308 913 406 951 haec
435 913 618 962 aperitur
643 913 838 952 nonnihil
864 913 913 951 de
947 925 1069 951 censu
1094 911 1322 961 salarioque
1347 909 1619 956 sacerdotum,
1639 920 1733 947 cum
1754 919 1814 952 170

158 977 295 1028 palam
325 977 502 1017 inculcet
534 991 711 1028 aequum
744 991 830 1017 esse
858 981 904 1017 vt
933 979 1003 1029 qui
1031 978 1220 1016 seruiunt
1246 975 1482 1026 Euangelio,
1507 974 1651 1013 viuant
1684 985 1733 1011 ex

160 1042 417 1092 Euangelio:
456 1043 526 1081 sed
555 1042 713 1092 viuant,
747 1056 831 1082 non
859 1043 1070 1091 ditescant,
1109 1055 1193 1081 non
1223 1043 1407 1090 satrapas
1437 1040 1570 1089 agant,
1601 1050 1734 1087 neque

155 1107 302 1146 viuant
319 1108 472 1156 tamen,
494 1107 576 1146 nisi
603 1107 787 1146 seruiant
815 1110 855 1147 et
880 1108 1084 1147 assideant
1111 1107 1241 1146 altari.
1301 1106 1546 1155 Quanquam
1565 1104 1650 1153 ipse
1669 1103 1733 1141 ius

155 1172 234 1211 hoc
253 1171 347 1211 aliis
365 1171 600 1221 defendens,
623 1172 703 1212 sibi
722 1186 805 1212 non
824 1175 1007 1223 vsurpat,
1028 1171 1191 1211 etiamsi
1211 1171 1303 1222 plus
1322 1170 1516 1209 omnibus
1535 1168 1581 1207 in
1601 1167 1733 1206 Euan-

156 1237 254 1287 gelii
290 1237 458 1287 negocio
491 1237 695 1277 laborans.
765 1238 886 1277 Hanc
912 1238 1119 1288 egregiam
1147 1250 1192 1275 ac
1225 1250 1318 1275 vere
1346 1247 1584 1286 generosam
1612 1231 1733 1271 Pauli
1754 1242 1810 1278 175
1851 1274 1853 1280 s

156 1303 340 1340 mentem
375 1303 436 1341 tot
466 1301 550 1340 iam
578 1301 749 1341 saeculis
782 1306 866 1340 non
900 1302 1018 1341 video
1050 1302 1121 1352 qui
1149 1301 1312 1340 studeat
1340 1298 1548 1339 aemulari.
1615 1296 1733 1336 Nihil

157 1366 286 1417 gratis
311 1366 479 1416 geritur,
504 1367 588 1405 imo
613 1367 791 1417 exigitur
812 1367 1053 1417 praemium,
1076 1380 1150 1405 nec
1173 1367 1400 1416 praestatur
1425 1363 1615 1411 officium,
1639 1374 1733 1400 cum

154 1431 347 1482 Apostoli
364 1431 473 1470 vltro
488 1431 632 1471 delatis
646 1432 730 1470 sint
741 1432 814 1481 vsi,
833 1432 990 1472 Paulus
1008 1446 1060 1471 ne
1079 1432 1225 1471 delatis
1244 1432 1421 1482 quidem.
1472 1428 1734 1478 Colliguntur

155 1498 198 1535 et
217 1496 423 1546 pecuniae,
446 1496 515 1535 sed
536 1509 638 1547 quae
663 1500 809 1547 sponte
834 1498 1148 1537 conferebantur
1176 1497 1225 1536 ab
1253 1496 1305 1535 iis
1333 1495 1483 1546 quibus
1510 1494 1728 1543 supererat,

154 1574 240 1599 non
258 1563 583 1610 extorquentur;
613 1563 654 1599 et
672 1562 924 1613 colliguntur
950 1563 995 1601 in
1021 1575 1119 1602 vsus
1144 1563 1380 1603 sanctorum
1402 1558 1626 1611 egentium,
1648 1569 1731 1595 non
1754 1562 1813 1593 180

154 1626 198 1664 in
236 1626 383 1665 luxum
420 1626 647 1665 ditiorum:
690 1629 731 1666 et
767 1627 825 1666 ita
862 1627 1115 1678 colliguntur
1150 1630 1196 1666 vt
1232 1627 1330 1665 hinc
1368 1639 1441 1664 nec
1475 1624 1524 1663 ad
1555 1622 1731 1661 Paulum

156 1705 230 1731 nec
257 1692 308 1731 ad
328 1692 482 1739 Titum,
504 1705 575 1742 per
599 1706 701 1742 quos
725 1694 922 1744 agebatur
948 1693 1177 1745 negocium,
1199 1693 1418 1743 quicquam
1442 1689 1610 1730 omnino
1628 1701 1733 1727 com-

152 1757 293 1808 pendii
320 1757 480 1796 rediret.
549 1757 668 1797 Vnde
695 1761 788 1808 post
817 1761 965 1798 natum
992 1761 1170 1810 apparet,
1201 1760 1248 1797 vt
1277 1756 1479 1796 Ecclesiae
1506 1754 1733 1794 multorum

153 1836 249 1873 opes
270 1823 629 1861 committerentur
646 1823 692 1862 in
716 1824 937 1863 viduarum
961 1838 1007 1863 ac
1026 1838 1173 1863 senum
1194 1824 1452 1873 aliorumque
1472 1820 1734 1860 necessitates

150 1887 392 1938 erogandae,
414 1900 514 1937 quas
533 1890 675 1938 postea
700 1889 957 1938 quorundam
981 1889 1224 1939 improbitas
1251 1889 1295 1927 in
1315 1901 1433 1927 suam
1452 1887 1578 1926 vertit
1595 1888 1731 1936 tyran·
1754 1889 1810 1929 185

157 1952 309 1991 nidem.
363 1951 590 1991 Mittuntur
604 1953 715 1992 vltro
730 1955 909 2004 citroque
927 1954 1063 2004 legati,
1077 1954 1225 2004 quibus
1240 1956 1282 1993 et
1296 1966 1394 1992 suus
1411 1952 1583 1991 habetur
1601 1951 1732 1989 honos

154 2021 246 2057 tum
274 2017 318 2055 in
348 2017 585 2067 excipiendo
613 2020 705 2056 tum
732 2018 777 2057 in
807 2010 1066 2058 deducendo:
1109 2020 1180 2058 sed
1209 2019 1353 2069 opinor
1384 2030 1578 2068 pompam
1607 2016 1731 2063 fuisse

154 2082 419 2132 frugaliorem
438 2096 560 2133 quam
580 2083 701 2122 hodie
720 2084 921 2124 videmus.
980 2086 1042 2123 De
1061 2085 1267 2125 mandatis
1286 2084 1398 2122 enim
1422 2082 1529 2121 nihil
1553 2081 1728 2132 disputo.

156 2148 460 2201 Gratulandum
488 2148 618 2187 auctis
647 2149 850 2188 Ecclesiae
885 2150 1016 2198 rebus,
1048 2151 1084 2189 si
1115 2163 1210 2189 cum
1237 2150 1450 2201 splendore
1480 2148 1732 2198 strepituque

152 2212 398 2252 tantundem
422 2212 550 2251 creuit
575 2212 727 2263 religio.
786 2213 928 2264 Neque
957 2217 1098 2254 tamen
1125 2215 1167 2254 id
1195 2214 1393 2265 temporis
1420 2213 1632 2263 Apostolis
1659 2226 1732 2252 sua
1755 2223 1813 2255 ¹90

155 2278 289 2317 defuit
329 2277 508 2328 dignitas
539 2290 584 2315 ac
618 2278 818 2327 maiestas,
855 2293 939 2318 non
976 2279 1140 2319 defuere
1169 2279 1357 2330 presidia.
1415 2279 1544 2318 Iactat
1576 2278 1733 2317 Paulus

151 2356 268 2383 arma
295 2355 370 2381 sua
397 2355 482 2381 non
510 2342 695 2390 earnalia,
728 2344 796 2382 sed
826 2345 1075 2394 spiritualia:
1105 2345 1296 2395 potentia,
1318 2358 1403 2384 non
1431 2343 1598 2382 armatis
1625 2343 1731 2383 ferro

154 2407 291 2458 copiis,
315 2406 386 2446 sed
405 2406 581 2456 presidio
601 2407 700 2446 Dei:
729 2421 813 2446 non
827 2409 878 2447 ad
898 2409 1175 2448 demoliendas
1193 2409 1324 2457 vrbes,
1342 2422 1424 2447 non
1445 2409 1493 2447 ad
1515 2408 1728 2458 depredan-

156 2473 257 2512 dum
277 2471 476 2522 populum
501 2473 572 2510 aut
599 2472 862 2511 trucidandos
881 2473 1081 2523 homines,
1104 2475 1174 2513 sed
1196 2474 1246 2512 ad
1274 2474 1542 2513 deiiciendam
1568 2486 1730 2512 omnem

150 2537 446 2587 cogitationem
465 2536 690 2586 erigentem
709 2551 797 2576 sese
815 2539 1012 2578 aduersus
1037 2539 1256 2578 consilium
1280 2540 1367 2578 Dei.
1425 2539 1486 2577 Ea
1505 2537 1732 2577 cuiusmodi
1753 2544 1809 2577 Ι95

153 2602 253 2651 sint,
277 2601 426 2641 clarius
445 2601 569 2640 etiam
588 2602 766 2652 explicat
784 2603 1032 2643 Ambrosius
1051 2605 1096 2642 in
1110 2604 1214 2643 libro
1229 2605 1291 2642 De
1310 2604 1447 2643 viduis
1463 2617 1472 2642 :
1505 2603 1706 2642 ‘Ecclesia
1724 2604 1734 2619 '

156 2666 346 2718 inquiens
366 2668 466 2705 ‘non
478 2668 604 2705 armis
616 2667 866 2707 secularibus
878 2668 1008 2707 vincit
1020 2669 1067 2707 ad
1074 2670 1270 2708 uersarias
1281 2671 1510 2719 potestates,
1524 2670 1594 2707 sed
1607 2669 1731 2708 armis

156 2731 438 2781 spiritualibus
458 2744 560 2781 quae
580 2734 680 2770 sunt
704 2733 827 2772 fortia
847 2733 957 2772 Deo.’
1012 2735 1074 2773 Ac
1102 2734 1224 2784 paulo
1247 2736 1364 2784 post:
1400 2735 1550 2772 ‘Arma
1569 2733 1578 2748 ⁹
1595 2733 1731 2784 inquit

202 2827 272 2864 164.
298 2826 397 2857 sedes
413 2838 433 2857 α
447 2837 454 2857 :
479 2826 600 2857 sedare
615 2828 727 2866 possis
742 2840 772 2868 η.
939 2830 1007 2868 169.
1031 2828 1232 2868 reprcsaliis
1247 2830 1274 2861 δ.
1431 2838 1500 2867 171.
1526 2827 1682 2860 inculcat
1697 2840 1727 2867 η.

159 2879 228 2909 179.
254 2870 298 2901 iis
314 2881 356 2900 a:
378 2869 433 2901 his
449 2881 475 2900 ε.

330 2958 401 2989 161.
426 2958 477 2989 De
492 2958 584 2989 bono
600 2958 771 3000 coniugii]
788 2958 851 2991 ch.
872 2960 919 2991 16.
1148 2961 1222 2999 196.
1245 2958 1297 2989 De
1311 2957 1447 3000 viduis]
1464 2959 1494 2991 8.
1511 2969 1563 2999 49.

590 3003 659 3040 164.
683 3002 893 3043 latrantem]
911 3001 960 3033 Cf.
980 3001 1067 3033 Hor.
1085 3004 1119 3034 S.
1138 3011 1168 3032 2.
1189 3012 1218 3033 2.
1240 3003 1287 3033 18.
