2034 3433
165 165 214 211 69
220 160 261 215 5]
634 164 704 203 ΤΟ
743 164 930 204 ΡΕΤΕΒ
967 166 1286 207 BARBIRIUS
1677 169 1752 207 121

161 267 308 307 dubito
342 269 392 307 de
422 268 510 307 eius
539 268 690 318 animo,
727 270 849 308 modo
882 273 929 309 tu
963 270 1310 309 commonefacias.
1381 271 1539 309 Saltem
1577 272 1638 310 fac
1677 285 1753 311 nos

161 345 235 381 per
263 333 404 372 literas
435 333 760 384 Hispanicarum
791 335 1036 374 felicitatum
1069 335 1319 386 participes;
1358 336 1441 374 nisi
1473 336 1551 375 hoc
1589 350 1753 388 quoque

161 397 282 437 nobis
301 398 474 437 inuides.
534 398 818 438 Tristissimus
837 414 980 439 rumor
998 401 1079 439 huc
1098 401 1249 439 allatus
1269 414 1335 439 me
1354 414 1460 450 pene
1479 402 1748 450 exanimauit,
1771 413 1813 443 40

162 462 209 500 R.
240 463 286 502 P.
317 462 571 502 Briselotum
599 477 650 502 ex
677 464 874 504 humanis
902 466 1148 513 excessisse;
1188 479 1335 504 verum
1361 467 1524 516 quando
1548 480 1631 506 non
1662 481 1751 506 con-

160 529 254 575 stat,
295 528 438 578 opinor
475 541 631 567 vanum
671 542 770 568 esse.
845 530 906 568 De
945 531 1184 569 doctissimo
1223 531 1384 569 doctore
1425 531 1576 571 Iodoco
1614 532 1752 571 simile

161 593 358 641 quiddam
387 594 672 643 nunciabatur,
705 595 852 645 opinor
890 596 1098 635 occasione
1136 595 1285 634 mortis
1315 596 1596 637 Buslidianae.
1657 597 1751 636 Nisi

159 658 267 706 apud
300 659 510 709 Hispanos
542 658 699 709 aliquid
733 659 816 698 tale
846 673 991 710 passus
1021 674 1064 700 es
1095 661 1214 711 quale
1247 661 1388 700 ferunt
1419 662 1583 712 Vlyssis
1620 663 1752 702 socios

157 734 300 770 passos
319 724 427 774 apud
447 724 603 772 Circen,
626 725 688 763 fac
712 738 778 763 me
799 725 1020 775 diligenter
1039 726 1303 765 commendes
1326 726 1374 764 D.
1396 740 1442 765 ac
1465 729 1637 777 patrono
1656 741 1750 767 meo
1767 737 1808 768 45

157 787 278 826 vnico
311 788 359 828 D.
395 789 670 837 Cancellari03
709 790 775 828 cui
812 790 1041 840 scripturus
1074 804 1202 838 eram,
1233 791 1303 829 sed
1340 805 1444 841 puer
1481 792 1551 831 ille
1589 793 1746 842 balbus,

157 852 312 901 opinor,
348 857 545 904 cognatus
583 855 732 902 vxoris,
763 855 834 893 vix
871 856 1080 894 semihora
1116 855 1358 905 priusquam
1391 857 1520 896 abiret
1557 859 1746 908 nuncius,

155 917 406 968 significauit
425 920 584 958 abitum
605 920 970 970 grammatophori.

210 982 327 1023 Bene
356 984 457 1033 vale,
490 986 730 1024 mortalium
764 985 1004 1024 charissime
1033 988 1076 1024 et
1104 985 1242 1024 anime
1275 986 1496 1036 plusquam
1528 988 1748 1027 dimidium

156 1061 279 1088 meae.
339 1050 387 1088 D.
408 1050 660 1089 Theatinum
680 1050 814 1089 saluta
833 1051 936 1089 meis
948 1050 1087 1089 verbis
1099 1053 1140 1089 et
1152 1051 1200 1089 R.
1215 1051 1261 1089 P.
1277 1064 1323 1089 ac
1339 1051 1387 1089 D.
1410 1051 1459 1091 D.
1478 1053 1743 1093 Marlianum.
1766 1061 1807 1092 50

154 1113 293 1152 Guido
322 1115 552 1154 Mol-ilonus
584 1115 655 1153 vbi
689 1116 745 1154 sit
775 1116 922 1165 nescio,
954 1117 995 1154 et
1023 1118 1164 1154 tamen
1197 1115 1299 1154 scire
1329 1117 1448 1166 cupio
1481 1119 1580 1167 quid
1609 1132 1747 1157 rerum

153 1180 278 1228 gerat.
339 1180 515 1219 Louanii
533 1180 730 1230 postridie
752 1181 942 1219 omnium
962 1182 1210 1219 sanctorum.
1271 1194 1357 1220 M.D.
1385 1191 1445 1230 17.

646 1308 744 1347 696.
805 1305 868 1347 To
898 1305 1086 1346 MARTIN
1117 1304 1255 1346 DORP.

200 1393 387 1431 Deventer
404 1396 480 1431 MS.
498 1406 554 1441 91,
574 1397 600 1432 f.
617 1407 660 1442 72
679 1401 728 1431 v0.
1337 1394 1562 1442 (Louvain.)

197 1451 270 1488 LB.
287 1453 383 1499 App.
403 1464 481 1499 233.
1207 1452 1261 1499 (c.
1280 1464 1300 1488 2
1319 1452 1530 1489 November
1549 1462 1637 1499 1517
1652 1453 1696 1500 2»

195 1532 249 1573 [It
266 1533 296 1564 is
312 1536 376 1565 not
392 1543 476 1575 easy
491 1537 529 1566 to
550 1535 670 1575 assign
687 1546 707 1566 a
725 1535 808 1566 date
832 1537 869 1565 to
890 1534 964 1565 this
985 1534 1100 1565 letter.
1151 1533 1187 1564 It
1208 1535 1239 1564 is
1262 1535 1415 1574 perhaps
1430 1536 1493 1565 not
1509 1535 1637 1565 earlier
1652 1535 1744 1566 than

152 1585 171 1605 2
187 1576 274 1608 Nov.
295 1587 389 1617 1517,
403 1578 458 1609 for
473 1579 502 1609 it
514 1578 654 1610 follows
671 1579 733 1619 Ep.
752 1579 817 1618 695
833 1578 872 1608 in
889 1578 952 1609 the
968 1577 1039 1608 Ms.
1054 1587 1100 1607 on
1111 1577 1210 1608 what
1225 1578 1383 1608 remains
1399 1578 1437 1608 of
1450 1588 1470 1609 a
1483 1587 1593 1618 page3
1617 1578 1690 1609 and
1706 1588 1744 1609 as

150 1619 180 1649 it
207 1620 239 1650 is
261 1620 427 1653 followed
451 1631 497 1653 on
521 1622 545 1654 f.
563 1631 602 1661 73
626 1623 674 1662 by
690 1623 752 1662 Ep.
780 1624 854 1663 697,
874 1622 978 1652 there
1001 1622 1032 1651 is
1055 1630 1151 1652 some
1175 1620 1373 1652 likelihood
1397 1621 1477 1652 that
1497 1621 1528 1652 it
1544 1621 1691 1662 belongs
1706 1624 1744 1653 to

150 1663 226 1694 this
241 1663 333 1695 date.
381 1665 444 1705 Ep.
464 1674 526 1705 713
543 1666 659 1697 shows
676 1666 845 1696 Erasmus
865 1664 1134 1704 expostulating
1150 1664 1242 1695 with
1265 1665 1362 1704 Dorp
1384 1665 1438 1696 for
1453 1667 1665 1706 supporting
1682 1665 1743 1696 the

149 1707 309 1738 enemies
324 1707 363 1739 of
374 1708 566 1740 Reuchlin.
615 1709 749 1741 Nevius
765 1718 848 1748 may
864 1709 954 1739 have
970 1709 1059 1739 been
1076 1718 1096 1739 a
1116 1708 1288 1738 defender
1303 1709 1341 1739 of
1354 1708 1540 1747 Reuchlin,
1560 1709 1632 1739 and
1656 1709 1743 1740 thus

150 1749 240 1781 have
256 1751 348 1782 been
370 1752 536 1784 attacked
560 1753 607 1792 by
622 1753 719 1793 Dorp
746 1753 805 1782 ‘in
828 1762 848 1783 a
872 1762 974 1783 cause
990 1751 1112 1782 which
1127 1762 1201 1782 was
1223 1754 1286 1782 not
1310 1752 1368 1782 his
1392 1762 1472 1783 own
1486 1751 1493 1763 ’
1519 1752 1556 1792 (l.
1579 1752 1645 1791 14).
1695 1753 1742 1784 In

149 1793 254 1834 April
274 1796 356 1834 1518
372 1795 564 1836 ill-feeling
580 1797 741 1827 between
758 1796 893 1827 Nevius
909 1796 981 1826 and
998 1796 1095 1835 Dorp
1110 1805 1184 1826 was
1200 1795 1278 1826 still
1293 1795 1450 1826 existent
1469 1795 1546 1835 (Ep.
1566 1794 1677 1837 838>.]

678 1882 885 1914 ERASMVS
916 1882 1083 1913 DORPIO
1113 1882 1209 1913 SVO.

203 1957 439 2006 QVANQVAM
468 1972 564 1997 sum
594 1959 727 1998 Neuio
758 1961 900 1998 nostro
929 1961 1149 2009 perpetuus
1177 1959 1226 1996 ad
1256 1971 1397 2007 pacem
1419 1960 1458 1996 et
1479 1958 1741 1996 concordiam

146 2021 341 2071 hortator,
365 2025 504 2062 tamen
526 2024 593 2074 egi
618 2025 760 2063 eodem
787 2025 853 2062 die
879 2038 960 2074 quo
983 2023 1211 2068 mandaras,
1234 2023 1283 2061 de
1308 2024 1485 2072 negocio,
1509 2025 1550 2061 et
1570 2023 1634 2073 egi
1653 2025 1740 2062 tam

147 2087 295 2125 acriter
308 2089 354 2126 vt
365 2088 581 2127 hominem
595 2102 721 2139 prope
733 2089 777 2127 in
791 2103 858 2127 me
871 2088 1180 2127 commouerim.
1228 2087 1361 2126 Nemo
1373 2088 1481 2126 viuit
1497 2088 1739 2127 mortalium

149 2152 266 2191 cuius
294 2152 510 2202 ingenium
539 2154 672 2204 magis
698 2154 914 2194 abhorreat
942 2168 965 2192 a
992 2166 1143 2204 pugna,
1166 2167 1297 2202 neque
1325 2153 1546 2203 quisquam
1575 2155 1638 2191 est
1667 2153 1739 2202 qui

148 2215 360 2254 lubentius
379 2217 584 2256 abstineat
612 2217 663 2256 ab
693 2219 844 2257 alienis
867 2218 1056 2267 negociis.
1115 2217 1235 2256 Nihil
1254 2220 1315 2255 est
1336 2217 1468 2256 Neuio
1494 2218 1733 2267 humanius,
1757 2235 1773 2266 5

145 2281 254 2320 nihil
273 2281 457 2322 amicius.
517 2282 681 2321 Vellem
701 2284 779 2322 hoc
800 2296 961 2333 quoque
980 2282 1188 2320 felicitatis
1208 2282 1455 2321 accessisset.
1513 2282 1738 2332 Ingenium

144 2346 260 2385 illius
280 2346 574 2397 dignissimum
593 2350 680 2386 erat
701 2348 808 2398 quod
825 2360 1002 2385 vacuum
1021 2346 1263 2385 huiusmodi
1280 2346 1395 2385 tricis
1414 2348 1550 2385 totum
1569 2348 1738 2397 optimis

141 2414 302 2452 vacaret
322 2413 482 2452 studiis.
543 2414 605 2452 Ob
633 2427 725 2452 eam
753 2426 918 2452 causam
945 2412 1129 2451 abstinui
1147 2411 1405 2461 aliquamdiu
1431 2412 1482 2450 ab
1510 2412 1626 2451 illius
1645 2426 1737 2451 con-

144 2477 346 2517 tubernio.
407 2478 462 2517 Et
495 2491 607 2516 nunc
640 2478 852 2517 lubentius
885 2477 1158 2525 conuiuerem,
1194 2476 1229 2514 si
1261 2476 1310 2514 ab
1345 2476 1438 2515 istis
1468 2477 1600 2516 causis
1630 2481 1736 2517 esset

186 2574 261 2606 695.
293 2585 345 2613 41.
379 2575 417 2606 R.
444 2575 482 2608 P.
508 2586 565 2606 om.
589 2578 633 2607 H.
750 2574 893 2614 quando
917 2577 991 2606 add.
1016 2577 1053 2605 D.
1214 2583 1266 2613 45.
1300 2583 1418 2613 passos
1439 2576 1486 2605 D:
1519 2583 1641 2614 passus
1663 2577 1733 2607 MS.

145 2617 186 2648 D.
205 2627 245 2648 ac
261 2628 319 2650 om.
336 2621 378 2650 H.
534 2621 584 2658 46.
613 2619 655 2650 D.
681 2629 739 2650 om.
755 2621 798 2648 H.
955 2628 1008 2657 47.
1031 2620 1082 2648 D:
1105 2617 1256 2647 semiora
1279 2620 1349 2648 MS.
1503 2627 1555 2657 50.
1581 2617 1623 2648 D.
1639 2620 1709 2649 MS.
1728 2630 1735 2649 :

143 2660 182 2692 R.
195 2660 233 2692 P.
247 2661 288 2692 D.
305 2664 352 2693 D:
379 2662 583 2694 Praesulem
599 2665 642 2694 H.
777 2661 892 2692 saluta
908 2662 997 2692 meis
1013 2664 1060 2693 D:
1093 2660 1209 2690 saluto
1225 2661 1315 2691 meis
1331 2662 1366 2691 et
1382 2663 1450 2692 MS.
1585 2660 1625 2691 R.
1638 2661 1676 2693 P.
1693 2671 1734 2692 ae

142 2704 184 2735 D.
198 2704 239 2734 D.
255 2707 344 2736 MS.:
379 2706 583 2746 episcopum
610 2709 653 2736 H.
835 2714 888 2744 51.
916 2704 1113 2736 Morilonus
1138 2706 1212 2735 add.
1240 2707 1276 2735 F.
1463 2705 1498 2734 et
1527 2705 1649 2735 tamen
1666 2727 1674 2735 .
1693 2727 1701 2735 .
1720 2728 1728 2736 .

142 2757 194 2786 52.
210 2750 308 2787 gerat
323 2751 396 2779 add.
415 2752 455 2780 D.
629 2752 674 2779 D:
699 2749 827 2788 Sactossc
843 2752 911 2779 MS.

178 2837 255 2868 695.
272 2846 324 2875 41.
344 2837 579 2877 Briselotuni]
594 2837 659 2868 See
669 2837 732 2877 Ep.
743 2846 816 2876 597.
832 2849 850 2876 4
865 2847 901 2869 n.
970 2837 1012 2867 be
1036 2838 1072 2866 to
1095 2835 1143 2866 Le
1164 2833 1347 2874 Sauvage's
1364 2835 1458 2872 wife,
1475 2835 1682 2874 Jacqueline
1698 2838 1736 2866 of

185 2890 238 2918 42.
262 2879 406 2921 Iodoco]
431 2880 607 2920 Probably
619 2881 825 2920 Clicthove3
847 2890 902 2912 see
971 2879 1151 2918 Boulogne
1167 2889 1174 2917 ;
1198 2888 1256 2909 see
1271 2878 1344 2909 BN.
1362 2879 1435 2909 xxi.
1453 2889 1527 2917 444.

140 2923 227 2963 Epp.
245 2933 321 2962 594.
338 2932 375 2962 14
387 2933 433 2962 n.‚
453 2933 527 2962 597.
546 2933 585 2962 13
598 2933 632 2955 n.
1014 2932 1066 2962 50.
1093 2921 1328 2962 Theatinum]
1352 2922 1404 2953 Cf.
1423 2922 1486 2962 Ep.
1502 2922 1577 2952 628.
1592 2932 1635 2961 54
1652 2932 1688 2954 n.

181 2968 233 3005 46.
261 2966 400 3007 balbus]
425 2967 477 2999 Of.
495 2966 558 3006 Ep.
575 2968 650 3007 803.
670 2977 700 2999 1.
1058 2965 1294 3006 Mai-lianum]
1318 2965 1382 2995 See
1397 2965 1460 3005 Ep.
1479 2975 1555 3004 411.
1573 2965 1593 2995 8
1608 2975 1644 2997 n.

183 3020 234 3049 47.
259 3009 395 3051 vxoris]
427 3010 500 3041 The
523 3010 702 3042 reference
725 3020 838 3042 seems
868 3012 904 3041 to
1015 3018 1066 3048 51.
1094 3008 1306 3050 Morilonus]
1330 3009 1395 3040 See
1413 3009 1476 3048 Ep.
1493 3018 1556 3048 532
1574 3009 1704 3040 inti-od.
