2034 3433
122 187 219 241 952]
402 243 555 285 932952.
615 242 680 284 To
711 241 836 284 JOHN
869 243 1022 285 BECAR
1054 255 1109 285 oF
1143 243 1416 286 BonssELEN.
1480 244 1483 247 ’
1625 194 1703 231 555

167 327 328 372 Farrago
347 340 383 373 p.
406 338 484 372 150.
1420 328 1595 365 Louvain.

167 384 203 420 F.
224 397 259 430 p.
279 387 367 430 296:
394 385 484 422 HN:
511 385 629 421 Lond.
644 383 690 419 vi.
715 386 773 420 16:
802 385 874 421 LB.
894 395 973 429 414.
1366 397 1410 431 24
1427 386 1533 432 April
1555 396 1654 432 1519.

472 474 677 505 ERASMVS
709 475 871 506 IOANNI
903 475 1102 507 BORSALO
1134 476 1215 507 SVO
1247 478 1279 509 S.
1305 477 1346 508 D.

171 545 299 584 Isrvn
322 558 419 584 vero
448 559 532 584 non
559 547 623 583 est
646 545 859 594 epistolam
886 546 1052 584 mittere
1078 546 1148 584 sed
1178 547 1344 598 ἐπῳδήιιε
1375 550 1434 586 tot
1464 548 1703 588 nominibus

118 623 219 658 oras,
261 610 455 659 obsecras,
496 610 727 657 obtestaris,
768 611 973 650 actionem
1012 611 1136 650 etiam
1174 611 1376 651 minitans
1414 626 1463 651 ex
1500 616 1627 663 pacto,
1668 615 1703 652 si

118 688 298 714 recusem
328 676 378 714 de
407 675 563 714 ratione
591 675 871 714 Concionandi
900 677 1184 724 conscribere3
1213 677 1380 726 perinde
1410 679 1523 728 quasi
1549 679 1704 718 ferreus

118 740 198 778 sim
226 742 296 780 aut
325 741 626 780 adamantinus.
684 740 784 789 Quis
812 743 873 780 est
900 755 995 792 ager
1013 741 1243 791 vsqueadeo
1272 742 1383 781 ferax
1408 745 1454 781 vt
1482 743 1703 783 immodico

118 805 234 844 cultu
264 819 349 844 non
378 805 673 845 exhauriatur?
728 806 816 855 Ego
838 807 949 845 hunc
977 806 1209 856 malignum
1237 819 1282 845 ac
1311 807 1493 847 sterilem
1522 808 1702 858 agellum
1721 826 1738 858 5

117 871 179 908 tot
201 869 282 908 iam
309 870 428 909 annis
454 870 616 910 assidua
643 873 827 909 semente
853 884 969 917 vexo,
990 884 1064 910 nec
1091 871 1176 909 vlla
1200 871 1389 910 lectionis
1415 874 1702 912 stercoratione

115 935 243 974 sarcio
259 935 340 974 nisi
355 935 636 975 tumultuarie.
686 935 788 974 Post
808 936 972 974 morbos
986 937 1072 974 tam
1088 949 1231 985 graues
1246 939 1331 975 erat
1347 937 1501 987 aliquid
1519 938 1701 977 dandum

116 1000 422 1039 confirmandae
450 1000 692 1039 valetudini.
763 1000 846 1039 Hic
873 1000 974 1039 adeo
1004 1000 1125 1038 nobis
1159 1014 1243 1039 non
1273 1001 1525 1041 indulsimus
1554 1005 1601 1042 vt
1629 1016 1701 1042 nec

117 1067 325 1115 aegrotare
357 1065 586 1105 vacauerit:
615 1067 706 1104 tum
736 1066 833 1104 haec
865 1065 1178 1116 quadragesima
1215 1079 1281 1104 me
1318 1079 1422 1116 pene
1456 1067 1697 1117 confecerat,

115 1130 158 1167 ni
175 1130 365 1169 mutandi
378 1131 480 1169 coeli
496 1130 709 1181 victusque
723 1131 854 1181 gratia
865 1130 1171 1180 Antuuerpiam
1187 1144 1254 1169 me
1267 1132 1550 1171 contulissem.
1593 1133 1702 1181 Quin
1724 1150 1761 1171 ιο

115 1197 154 1232 et
185 1195 284 1234 dum
315 1195 473 1234 aulicus
501 1209 587 1234 esse
620 1209 740 1246 cogor
773 1195 1026 1244 Mechliniae,
1058 1195 1244 1245 meisque
1278 1197 1461 1246 patronis
1500 1197 1701 1248 Episcopo

114 1260 340 1309 Leodiensi,
365 1260 631 1309 Traiectensi,
651 1261 901 1310 caeterisque
920 1260 1168 1311 proceribus,
1190 1263 1231 1299 et
1254 1260 1299 1298 in
1324 1261 1390 1299 his
1417 1264 1487 1300 tuo
1507 1263 1701 1313 Adelpho

114 1324 314 1373 obseruio‚
336 1325 443 1364 mihi
464 1326 550 1364 dies
569 1326 726 1376 aliquot
745 1325 967 1376 perierunt.
1028 1325 1245 1364 Postremo
1269 1328 1329 1364 tot
1353 1327 1534 1377 vndique
1562 1328 1701 1367 missis

114 1390 300 1439 epistolis
320 1391 527 1430 obtundor
545 1393 601 1440 vt,
625 1392 726 1430 dum
746 1391 812 1430 his
832 1391 1020 1439 rescribo,
1042 1390 1222 1429 maxima
1240 1404 1334 1441 pars
1349 1392 1550 1441 temporis
1563 1395 1699 1442 pereat

111 1468 134 1493 a
152 1455 311 1494 studiis.
1719 1474 1756 1505 15

165 1519 371 1559 Absoluta
389 1520 636 1569 Paraphrasi
664 1521 707 1559 in
738 1522 838 1559 duas
864 1521 1071 1570 Epistolas
1097 1521 1146 1559 ad
1177 1521 1413 1560 Corinthios
1436 1522 1699 1561 institueram

110 1584 154 1622 in
190 1584 420 1634 Epistolam
457 1586 508 1623 ad
547 1585 740 1634 Galatas;
785 1586 855 1624 sed
889 1586 966 1624 hoc
1005 1587 1193 1636 agentem
1231 1586 1459 1636 tragoediae
1498 1587 1698 1651 quaedam

109 1649 437 1700 interpellarunt,
475 1663 574 1700 quas
604 1650 672 1688 hic
706 1664 835 1689 nouas
869 1652 910 1689 et
940 1650 1140 1689 hactenus
1171 1650 1382 1689 inauditas
1418 1652 1556 1690 nescio
1596 1665 1698 1702 quae

110 1714 294 1765 Erinnys
325 1715 530 1754 excitauit.
600 1716 805 1766 Apologia
839 1729 918 1766 qua
955 1715 1119 1754 Latomi
1157 1715 1319 1766 dialogo
1357 1717 1594 1766 respondeo,
1629 1717 1699 1755 vix

108 1779 215 1818 mihi
235 1780 364 1818 tridui
386 1782 552 1830 tempus
578 1780 809 1831 absumpsit
826 1794 835 1827 ;
864 1793 996 1830 neque
1020 1780 1134 1818 enim
1153 1780 1279 1819 libuit
1297 1781 1343 1818 in
1361 1781 1566 1820 eiusmodi
1584 1781 1699 1821 tricis
1718 1799 1757 1820 20

109 1844 291 1883 multum
320 1858 464 1895 operae
492 1845 697 1884 collocare.
760 1845 876 1894 Quod
905 1845 941 1883 si
969 1844 1034 1883 illi
1059 1847 1177 1884 vacat
1205 1845 1409 1884 eiusmodi
1436 1846 1565 1885 libros
1593 1860 1698 1885 com-

109 1909 247 1959 plures
284 1910 436 1958 aedere,
470 1923 555 1949 non
594 1911 767 1949 deerunt
804 1910 876 1960 qui
909 1910 1213 1960 respondeant:
1253 1924 1326 1960 ego
1364 1910 1562 1950 Veianius
1600 1911 1697 1950 cedo

109 1974 271 2013 harena.
330 1974 461 2013 Video
489 1976 692 2014 excetram
719 1975 824 2015 hanc
851 1975 1113 2025 repugnando
1139 1974 1253 2014 vinci
1276 1988 1359 2013 non
1388 1989 1530 2025 posse;
1559 1975 1697 2026 itaque

109 2039 259 2089 pugnis
278 2039 414 2078 valere
439 2039 561 2078 iussis
589 2039 633 2078 in
657 2039 915 2078 Christianae
940 2039 1128 2078 lenitatis
1155 2041 1323 2089 portum
1353 2054 1418 2078 me
1447 2040 1607 2090 recipio,
1631 2041 1697 2079 ad-

110 2117 253 2142 uersus
269 2104 475 2142 malorum
491 2104 805 2144 obtrectationes
825 2104 1044 2143 consolans
1063 2104 1358 2154 memetipsum
1378 2118 1472 2143 cum
1492 2106 1696 2144 bonorum
1714 2125 1753 2156 25

110 2168 296 2207 virorum
315 2169 364 2207 de
383 2182 450 2208 me
476 2169 640 2218 iudicio,
667 2171 758 2208 tum
781 2169 919 2208 animo
945 2169 1027 2208 sibi
1045 2168 1149 2208 bene
1171 2170 1496 2208 conscio—certe
1516 2170 1623 2220 quod
1644 2171 1695 2209 ad

110 2234 214 2273 hanc
246 2246 336 2272 rem
372 2233 562 2283 pertinet.
622 2234 825 2273 Pecuniae
858 2234 1041 2273 studium
1081 2247 1296 2283 nunquam
1329 2233 1474 2273 habuit
1506 2234 1694 2274 animum

110 2311 274 2337 meum:
311 2298 444 2337 famae
478 2299 682 2338 sarcinam
712 2299 871 2347 lubens,
906 2299 942 2337 si
978 2311 1137 2349 queam,
1174 2299 1394 2348 posuerim.
1464 2299 1585 2338 Vitae
1621 2312 1695 2338 nec

109 2363 246 2402 taedet
272 2376 346 2401 nec
370 2376 463 2402 sum
485 2363 659 2402 auidus:
686 2364 1012 2414 quandocunque
1038 2377 1104 2401 me
1134 2363 1231 2402 hinc
1258 2363 1445 2402 euocabit
1470 2364 1696 2414 imperator

110 2427 310 2477 Christus,
332 2427 421 2477 ipso
441 2428 570 2467 fretus
589 2428 731 2467 volens
749 2431 1046 2478 promptusque
1065 2427 1257 2467 decedam
1276 2429 1480 2478 praesidio
1501 2429 1690 2479 corporis.
1713 2448 1754 2480 30

110 2494 291 2531 Tantum
330 2492 502 2531 molesta
541 2495 601 2532 est
637 2493 894 2543 quorundam
932 2493 1111 2543 insignis
1148 2493 1413 2543 ingratitudo,
1446 2495 1694 2545 tantumque

110 2557 473 2607 sycophantiarum
501 2558 625 2606 virus,
656 2560 703 2597 vt
731 2558 777 2596 ni
804 2558 926 2608 plane
955 2558 1245 2609 comperissem
1274 2559 1364 2608 ipsa
1392 2571 1445 2606 re,
1478 2572 1693 2609 nunquam

110 2622 341 2661 crediturus
365 2622 515 2661 fuerim
544 2624 711 2661 tantum
739 2636 827 2661 esse
855 2623 964 2670 mali,
994 2637 1079 2662 non
1108 2623 1240 2661 dicam
1271 2623 1379 2661 inter
1406 2623 1599 2671 eruditos,
1619 2624 1691 2662 sed

152 2742 180 2762 2.
207 2731 358 2762 minitas
373 2733 416 2762 H.
583 2732 615 2763 6.
639 2734 687 2762 F':
711 2732 872 2762 sementa
888 2734 926 2762 E.
1095 2741 1123 2770 7.
1149 2733 1178 2761 E
1195 2733 1305 2770 Corriy.
1322 2743 1328 2762 z
1352 2712 1609 2762 tumultuariae
1625 2735 1689 2764 EF.

109 2784 161 2813 27.
186 2777 236 2805 F:
260 2774 430 2814 pertinet,
449 2775 620 2813 pecuniae
636 2777 674 2806 E.

155 2873 203 2893 10.
229 2861 513 2902 AntuuerpIam]
533 2861 596 2892 See
612 2861 678 2902 Ep.
695 2871 758 2902 934
773 2885 780 2892 .
811 2863 831 2892 8
850 2872 884 2891 n.
922 2860 1082 2892 troubles
1098 2860 1187 2891 with
1206 2861 1295 2900 Lee;
1320 2861 1362 2892 cf.
1382 2862 1445 2901 Ep.
1464 2863 1538 2901 936.
1558 2872 1597 2901 31
1612 2872 1682 2902 seq.

155 2916 166 2935 1
176 2915 203 2937 1.
229 2904 458 2945 Mechliniae]
476 2905 539 2935 See
555 2914 588 2944 p.
606 2914 679 2944 507.
931 2904 978 2936 Or
989 2904 1139 2944 perhaps
1152 2904 1252 2935 those
1265 2905 1420 2936 referred
1433 2907 1467 2936 to
1481 2905 1518 2936 in
1533 2906 1595 2946 Ep.
1610 2907 1685 2945 946.

154 2959 201 2988 13.
225 2947 402 2988 obseruio]
421 2947 471 2979 cf.
489 2948 552 2988 Ep.
569 2948 643 2987 867.
660 2958 700 2987 37
717 2957 753 2979 n.
974 2957 1022 2986 19.
1048 2947 1236 2988 Apologia]
1261 2948 1323 2979 See
1340 2947 1402 2988 Ep.
1423 2957 1495 2987 934.
1515 2958 1535 2988 3
1551 2959 1586 2980 n.

155 3001 203 3029 17.
227 2991 272 3022 ad
289 2990 447 3032 Galatas]
465 2992 530 3022 See
546 2992 609 3031 Ep.
624 2992 698 3031 956.
972 3000 1021 3021 20.
1047 2990 1176 3031 tridui]
1195 2990 1246 3022 Cf.
1266 2991 1328 3031 Ep.
1347 2993 1422 3029 948.
1439 3002 1491 3029 42.

193 3034 409 3076 tragoediae]
430 3034 606 3075 Probably
624 3044 718 3066 some
741 3034 778 3066 of
798 3034 860 3066 the
973 3043 1022 3065 22.
1049 3034 1234 3074 Veianius]
1253 3034 1304 3065 Cf.
1326 3034 1410 3065 Hor.
1430 3037 1488 3072 Ep.
1512 3045 1537 3066 t.
1561 3045 1587 3066 1.
1607 3047 1638 3073 4.
