2034 3433
293 152 374 191 342
756 149 1007 189 LETTERS
1047 149 1117 188 OF
1155 149 1421 189 ERASMUS
1764 145 1803 201 [1
1813 159 1835 196 5
1844 161 1858 186 1
1868 150 1891 184 8

292 257 538 297 Admiratus
565 269 659 295 sum
685 267 772 292 non
798 267 946 303 parum
973 252 1081 302 quod
1106 252 1282 292 minime
1306 252 1564 302 rescripseris
1586 253 1627 290 te
1651 251 1892 291 Budaeanas

294 336 398 373 quas
417 323 467 362 ad
488 324 530 360 te
551 321 645 360 dedi
664 320 805 358 literas
824 317 1037 368 accepisse,
1060 319 1304 368 praesertim
1333 331 1429 356 cum
1448 320 1495 356 tu
1515 317 1674 356 interea
1692 316 1892 366 temporis

292 387 358 426 bis
378 388 427 426 ad
449 387 630 425 Neuium
651 385 792 423 literas
811 383 984 422 miseris.

238 467 273 499 15
346 452 504 491 Badius
524 451 603 489 fuit
623 450 732 500 apud
752 462 837 497 nos,
860 449 1044 487 viximus
1062 448 1291 498 genialiter.
1353 448 1486 498 Super
1501 447 1637 486 Fabro
1657 446 1894 497 Stapulensi

291 518 400 557 facta
424 519 485 555 est
513 515 669 554 mentio
697 514 743 552 in
772 513 966 552 conuiuio
987 528 996 561 3
1025 513 1209 563 poenitet
1229 527 1271 552 se
1297 526 1484 563 vnquam
1510 513 1738 552 Erasmum
1763 511 1896 551 irrita-

292 583 412 630 uisse,
433 595 508 620 nec
524 593 798 631 responsurus
813 581 878 618 est
894 579 976 617 nisi
991 579 1044 617 ad
1060 579 1262 618 Calendas
1281 580 1467 618 Graecas.
1516 578 1676 618 Paulus
1686 577 1895 618 Aemilius

291 648 472 698 reliquos
492 646 765 685 historiarum
786 658 958 684 suarum
977 643 1110 682 libros
1128 644 1321 683 formulis
1341 644 1602 683 excudendos
1621 644 1753 682 Badio
1771 643 1895 682 tradi-

291 714 363 752 dit.
419 712 619 762 Intelligo
642 711 744 750 item
768 710 986 749 Budaeum
1009 709 1204 758 epistolas
1228 710 1433 761 colligere.
1492 709 1707 748 Nimirum
1733 707 1894 748 curabit

235 793 273 815 20
291 791 359 817 eas
378 778 569 825 edendas,
593 790 677 815 non
698 776 787 815 sine
808 776 1026 814 doctorum
1046 775 1237 813 omnium
1257 777 1298 814 et
1318 775 1590 814 admiratione
1609 777 1650 814 et
1669 775 1818 813 fructu.

343 843 421 882 Est
440 843 548 893 apud
570 856 655 889 nos,
679 843 714 880 si
733 840 893 890 superis
913 839 1058 890 placet,
1081 840 1336 890 sycophanta
1356 840 1425 879 ille
1445 840 1745 891 Hypsistrotus
1763 839 1895 878 instar

290 908 428 947 vlulae
456 908 618 947 inuisus
648 907 853 946 omnibus.
918 906 963 945 Is
991 919 1103 944 nunc
1132 918 1221 944 rem
1248 906 1335 956 agit
1363 906 1543 945 alienam
1570 918 1741 956 prorsus
1768 918 1792 944 a
1820 917 1895 944 sua

290 974 519 1013 sodalitate.
590 973 746 1012 Vendit
774 971 938 1010 libellos
967 971 1064 1010 illos
1095 984 1195 1009 suos
1224 971 1519 1021 ineptissimos,
1557 971 1709 1022 quibus
1741 969 1893 1008 indidit

290 1038 464 1078 titulum
484 1038 723 1089 Apologiae.
782 1037 875 1076 Hos
899 1036 1099 1075 minutuli
1125 1037 1197 1075 isti
1221 1036 1454 1076 libelliones
1480 1037 1783 1076 circunforanei
1807 1037 1895 1075 tan-

236 1122 250 1142 2
257 1122 273 1154 5
292 1118 417 1155 quam
453 1118 673 1155 praecones
710 1104 927 1151 vendunt3
974 1102 1311 1152 compendiolum
1348 1105 1498 1150 autem,
1535 1103 1786 1153 quantulum
1819 1104 1892 1148 est,

291 1171 500 1209 scabiosus
545 1173 587 1210 et
630 1171 756 1208 miser
793 1169 940 1219 accipit
988 1168 1297 1218 Hypsistrotus.
1374 1168 1503 1206 Hunc
1540 1181 1664 1207 nemo
1702 1168 1896 1218 dignatur

291 1236 481 1286 colloqui,
506 1249 627 1275 nemo
647 1235 713 1274 vel
734 1235 898 1284 salutat,
922 1234 1004 1273 nisi
1019 1234 1195 1272 fortasse
1215 1234 1388 1272 insanae
1407 1234 1608 1284 quaedam
1623 1236 1664 1272 et
1684 1234 1896 1272 exfututae

292 1301 427 1350 lenae;
466 1314 703 1352 quanquam
738 1314 792 1339 ne
822 1314 892 1339 eae
926 1300 1095 1351 quidem
1130 1312 1204 1338 suo
1238 1299 1492 1346 nebulonem
1528 1288 1754 1350 dignentur
1791 1312 1895 1338 com-

292 1367 457 1405 mercio.
545 1367 734 1406 Gorradit
768 1367 1043 1416 vndecunque
1080 1366 1218 1416 potest
1256 1365 1487 1415 pecuniam,
1527 1366 1597 1404 sed
1635 1365 1697 1404 nil
1733 1367 1899 1416 praeter

233 1449 275 1480 30
292 1445 442 1471 aurum
463 1433 727 1471 Tolosanum.

345 1498 543 1549 Dialogus
567 1498 706 1536 nescio
733 1497 850 1536 cuius
877 1496 1044 1544 autoris,
1067 1509 1236 1546 prorsus
1261 1498 1403 1535 tamen
1426 1495 1590 1544 eruditi,
1614 1497 1663 1534 de
1692 1495 1804 1534 Iulio
1827 1496 1895 1534 hic

291 1564 447 1613 passim
477 1563 698 1602 venditur:
741 1563 854 1601 hunc
888 1575 1010 1600 nemo
1045 1575 1129 1600 non
1160 1561 1271 1609 emit,
1306 1574 1429 1600 nemo
1459 1574 1543 1600 non
1576 1561 1701 1600 habet
1734 1562 1779 1600 in
1811 1575 1889 1601 ore.

293 1627 420 1666 Hunc
439 1630 479 1666 te
499 1628 651 1667 vidisse
671 1627 855 1666 maxime
874 1627 1027 1666 vellem
1044 1640 1053 1674 ;
1084 1639 1323 1677 quanquam
1342 1639 1427 1664 non
1449 1625 1624 1664 dubium
1643 1627 1747 1676 quin
1770 1627 1893 1666 isthic

291 1706 451 1744 quoque
488 1694 761 1732 venundetur.
825 1692 1115 1731 Ferdinandus
1152 1691 1466 1730 illustrissimus
1507 1691 1707 1742 Princeps
1744 1692 1892 1731 faustis

233 1772 272 1805 35
292 1758 440 1798 auibus
462 1759 672 1809 applicuit,
705 1759 846 1809 paucis
869 1771 920 1797 ex
945 1757 1202 1797 nostratibus
1228 1757 1459 1796 comitatus.
1517 1757 1654 1796 Aiunt
1676 1758 1790 1797 hunc
1807 1771 1892 1797 non

292 1823 385 1862 falsi
419 1826 582 1863 autores
615 1825 723 1863 comi
753 1827 793 1863 et
824 1823 981 1863 affabili
1016 1836 1104 1862 esse
1136 1823 1316 1873 ingenio,
1346 1822 1532 1861 moribus
1565 1823 1742 1873 optimis,
1772 1826 1814 1862 et
1840 1824 1892 1863 ad

292 1889 542 1928 miraculum
560 1903 689 1940 vsque
709 1889 858 1928 Latine
878 1889 1059 1936 doctum,
1080 1901 1155 1926 nec
1174 1888 1498 1938 ineloquentem.

346 1955 396 1993 D.
413 1955 576 1994 Marcus
591 1954 800 1993 Laurinus
820 1954 927 2005 apud
944 1967 1013 1993 me
1032 1955 1219 1992 versatus
1238 1954 1301 1992 est
1321 1953 1408 1992 dies
1426 1952 1594 2003 aliquot.
1635 1953 1698 1992 De
1717 1956 1758 1993 te
1777 1955 1893 1993 totus

293 2021 433 2058 noster
458 2020 540 2058 fuit
568 2032 714 2067 sermo,
745 2021 833 2058 tota
860 2018 1164 2066 confabulatio;
1196 2018 1320 2057 iussit
1347 2019 1389 2056 te
1417 2017 1695 2068 oppidoquam
1722 2018 1888 2058 saluere.

232 2097 276 2128 40
292 2084 482 2124 Sixtinus
501 2086 551 2124 ad
572 2098 638 2124 me
659 2085 803 2124 literas
829 2084 958 2123 misit.
1021 2084 1082 2122 De
1106 2083 1221 2122 More
1244 2083 1353 2122 nihil
1378 2083 1512 2122 audio.
1573 2083 1816 2123 Franciscus
1842 2098 1892 2123 ex

292 2149 514 2189 Britannia
533 2150 746 2189 Luteciam
760 2149 894 2200 petiit.
954 2150 1110 2188 Beatus
1125 2149 1351 2188 Rhenanus
1366 2149 1403 2188 si
1417 2148 1524 2187 belle
1539 2149 1660 2198 valet,
1676 2150 1890 2200 impendio

291 2215 485 2264 gratulor.
537 2216 651 2254 Bene
669 2215 773 2264 vale,
793 2215 853 2254 mi
874 2215 1054 2254 Erasme.
1103 2214 1311 2253 onrcula
1329 2227 1421 2253 mea
1439 2214 1523 2253 iam
1542 2215 1684 2264 partui
1702 2217 1890 2266 proxima

292 2283 333 2318 te
352 2280 448 2330 plus
468 2280 622 2320 millies
640 2280 804 2320 salutat.
854 2280 1149 2331 Antuuerpiae.
1199 2279 1418 2320 XIX.Iunii.
1485 2277 1629 2333 [Amo
1649 2279 1855 2333 M.D.X1x.]

339 2404 389 2425 12.
416 2397 451 2425 te
464 2394 675 2426 Budaeanas
691 2418 698 2425 .
720 2419 728 2426 .
745 2419 753 2426 .
774 2404 823 2433 13.
840 2394 1015 2434 accepisse
1029 2403 1087 2424 om.
1099 2396 1135 2424 F.
1225 2404 1278 2433 24.
1295 2397 1341 2428 F:
1354 2395 1519 2427 mix-,utili
1530 2399 1568 2426 E.
1653 2399 1704 2428 26.
1723 2398 1889 2435 FOmwiqA

293 2438 465 2478 dignatus
482 2441 520 2469 Ε.
631 2447 683 2478 27.
709 2438 885 2477 colloquio
901 2441 943 2469 H.
1065 2437 1224 2470 fortassis
1239 2440 1281 2469 H.
1380 2439 1564 2471 exfututae
1580 2443 1609 2470 E
1623 2451 1632 2471 ι
1654 2441 1834 2472 veneficae
1848 2443 1887 2471 F.

293 2482 358 2556 2223
369 2492 430 2556 οἳ
446 2485 474 2512 Ε
491 2493 499 2513 z
522 2482 589 2513 hae
604 2484 647 2513 H.
758 2481 955 2522 dignantur
971 2483 1016 2512 H.
1157 2482 1210 2520 38.
1237 2481 1278 2514 D.
1297 2492 1356 2514 om.
1373 2484 1415 2514 H.
1551 2493 1603 2523 43.
1627 2485 1734 2516 Anno
1749 2493 1892 2516 mamm

292 2535 313 2555 a
361 2549 368 2557 .
423 2549 430 2556 .

339 2645 388 2667 12.
414 2634 646 2674 Budaeanas]
664 2634 715 2666 Cf.
734 2635 797 2674 Ep.
814 2635 889 2673 846.
906 2643 971 2673 3,4.
1124 2635 1255 2674 situm;
1283 2636 1326 2667 cf.
1342 2640 1446 2676 Λείας).
1463 2639 1539 2678 998.

339 2689 389 2719 17.
413 2678 611 2718 Aemilius]
628 2678 679 2709 Cf.
698 2678 762 2718 Ep.
783 2679 853 2718 136.
874 2687 889 2708 1
905 2688 940 2709 n.
1167 2688 1219 2717 31.
1247 2679 1432 2722 Dialogus]
1449 2682 1512 2713 See
1530 2683 1592 2722 Ep.
1612 2691 1675 2721 502
1692 2682 1823 2714 introd.

338 2732 388 2762 19.
411 2721 612 2762 Budaeum]
624 2721 708 2752 BEl.
723 2722 897 2761 appeared
908 2723 946 2752 in
963 2729 1056 2760 1520.
1166 2732 1220 2761 34.
1246 2722 1512 2766 Ferdinandus]
1531 2725 1582 2757 cf.
1599 2726 1663 2766 Ep.
1678 2727 1754 2765 846.
1775 2735 1814 2766 15
1823 2736 1860 2758 n.

337 2775 388 2797 21.
413 2765 683 2806 Hypsistrotus]
698 2765 896 2796 Hochstrat
911 2776 919 2804 ;
935 2766 979 2798 cf.
991 2765 1056 2804 Ep.
1169 2776 1222 2804 42.
1248 2768 1423 2810 gratulor]
1476 2768 1550 2800 The
1598 2771 1736 2811 change
1784 2769 1891 2801 twice

292 2810 367 2840 808.
386 2810 453 2841 611,
1126 2809 1340 2842 introduced
1362 2813 1401 2842 in
1423 2812 1450 2843 F
1470 2812 1527 2844 for
1548 2813 1571 2844 1.
1587 2813 1608 2843 8
1630 2815 1746 2854 might
1767 2814 1810 2844 be
1831 2823 1888 2844 ex-

337 2862 389 2890 3ο.
415 2852 644 2893 Tolosanum]
662 2855 683 2883 i.
697 2862 722 2883 e.
743 2851 928 2892 sacrilegio
952 2862 1058 2892 quae·
1126 2852 1262 2892 pected.
1302 2855 1476 2896 Probably
1489 2856 1564 2888 this
1579 2866 1651 2888 was
1668 2856 1889 2889 overlooked.
