2034 3433
140 182 238 235 ᾷῑὸ]
549 184 619 223 ΤΟ
656 184 849 223 ERARD
888 185 962 223 DE
1002 185 1076 224 LA
1115 184 1311 224 MARCK
1635 185 1711 223 481

139 299 363 335 paucorum
383 287 543 327 dierum
562 287 856 327 consuetudine
883 288 1009 326 talem
1032 301 1122 326 eam
1142 289 1336 338 expertus
1355 301 1459 336 sum,
1485 289 1529 326 vt
1551 287 1613 326 illi
1632 301 1716 338 per-

137 364 263 401 quam
286 352 465 403 maligne
490 365 699 404 parceque,
724 366 768 391 ac
793 365 918 402 prope
944 352 1119 391 dixerim
1142 352 1292 400 inuide,
1316 355 1433 392 tuam
1461 352 1713 400 felicitatem,
1736 363 1752 393 5

138 417 222 456 imo
237 420 420 457 nostram
433 418 584 468 potius,
597 417 788 456 retulisse
803 417 1049 456 viderentur.
1100 417 1246 468 Itaque
1261 418 1433 456 mutatis
1448 418 1491 456 in
1505 417 1717 456 diuersum

140 495 276 521 rerum
293 482 464 531 vicibus,
486 483 640 521 factum
659 484 720 521 est
739 485 785 520 vt
804 485 849 520 tu
867 483 949 520 iam
969 483 1127 532 pridem
1144 484 1401 532 quorundam
1416 482 1718 533 praedicatione

141 548 339 586 maiorem
376 547 420 586 in
457 547 629 586 modum
666 547 947 585 inflammatus
983 549 1027 586 in
1064 547 1195 586 nostri
1232 547 1400 586 videndi
1440 547 1713 598 desyderium,

140 625 162 650 a
182 625 400 662 congressu
420 612 670 651 moderatius
689 624 825 650 amare
846 611 1034 661 coeperis,
1051 612 1195 661 opinor
1209 612 1515 662 quamprimum
1532 614 1715 662 expostu-

140 676 300 716 laturus
323 689 417 715 cum
443 676 509 715 his
535 676 606 726 qui
630 676 708 715 tibi
733 689 782 714 ex
805 676 964 715 tantula
991 689 1132 715 musca
1158 678 1322 715 tantum
1340 677 1511 716 fecerint
1529 677 1715 727 elephan-
1739 685 1776 708 10

141 744 255 780 tum:
284 755 359 791 ego
379 743 530 790 contra,
550 742 620 792 qui
639 741 753 791 prius
770 741 872 780 satis
896 754 1046 791 magno
1072 742 1242 780 tenebar
1261 742 1322 780 tui
1343 742 1566 792 desyderio,
1588 742 1716 780 simul

140 809 262 856 atque
283 807 427 846 datum
454 808 515 845 est
536 819 671 845 coram
691 808 730 844 et
750 807 937 845 cominus
957 808 998 845 te
1017 806 1302 856 contemplari,
1322 809 1433 845 totus
1459 809 1600 857 raptus
1623 820 1716 846 sum

141 872 183 909 in
217 884 397 910 amorem
427 873 469 910 et
499 870 817 910 admirationem
849 874 944 909 tuae
973 871 1284 922 magnitudinis,
1316 885 1491 922 moxque
1523 885 1617 911 cum
1651 871 1717 910 his

139 936 397 986 expostulaui
415 936 485 986 qui
503 938 545 975 te
564 936 670 974 mihi
688 938 773 974 tam
795 936 975 985 maligne
995 936 1273 986 depinxerant.

161 1020 163 1022 ·
195 1001 335 1052 Neque
353 1014 449 1040 vero
468 1001 535 1039 hic
555 1000 880 1040 commemorabo
906 1001 1233 1040 vetustissimam
1256 1001 1392 1050 gentis
1418 1004 1510 1039 tuae
1531 1001 1717 1040 nobilita·
1741 1015 1776 1048 ¹5

141 1068 225 1106 tem
254 1065 561 1116 clarissimaque
588 1066 792 1105 maiorum
821 1068 1050 1114 stemmata,
1073 1079 1157 1104 non
1187 1065 1357 1104 ditionis
1386 1066 1715 1116 amplitudinem,

142 1144 223 1169 non
239 1131 368 1170 totius
386 1130 565 1181 corporis
588 1144 755 1180 prorsus
780 1130 985 1170 heroicam
1013 1131 1280 1179 maiestatem,
1303 1144 1405 1181 quae
1428 1130 1571 1181 procul
1593 1131 1718 1170 etiam

140 1195 343 1235 eximium
379 1195 607 1246 principem
643 1198 832 1244 testetur,
867 1208 1101 1246 quanquam
1134 1195 1243 1234 haud
1277 1208 1370 1234 sum
1407 1195 1570 1235 nescius
1606 1196 1719 1234 hisce

141 1274 302 1311 quoque
321 1261 442 1299 rebus
460 1260 589 1299 animi
608 1259 740 1299 doteis
765 1260 1054 1298 commendari.
1115 1259 1219 1297 Mihi
1240 1260 1372 1309 magis
1399 1259 1594 1298 admirari
1617 1259 1718 1298 libet

141 1339 244 1376 quae
277 1326 409 1376 magis
440 1328 512 1364 tua
542 1328 652 1373 sunt,
688 1325 975 1364 incredibilem
1005 1338 1171 1363 morum
1204 1324 1459 1373 suauitatem,
1493 1325 1601 1363 nulli
1634 1338 1717 1363 non
1739 1341 1778 1363 20

140 1391 305 1429 obuiam
333 1393 454 1442 atque
482 1390 707 1441 expositam
737 1391 984 1437 comitatem,
1010 1403 1090 1440 qua
1117 1390 1165 1428 fit
1193 1391 1250 1437 vt,
1282 1403 1525 1440 quocunque
1561 1392 1599 1427 te
1629 1404 1719 1428 con-

139 1457 323 1505 uerteris,
346 1456 534 1505 protinus
553 1456 801 1494 hilarescant
822 1456 960 1494 omnia
979 1470 988 1503 ;
1017 1455 1230 1505 ingenium
1254 1455 1358 1492 mire
1385 1454 1576 1493 dextrum
1605 1458 1645 1493 et
1674 1455 1718 1493 in

140 1520 280 1559 omnia
304 1521 504 1569 versatile,
529 1533 731 1571 nusquam
758 1534 842 1558 non
868 1520 946 1559 sibi
972 1533 1171 1570 praesens,
1194 1532 1398 1570 nusquam
1424 1533 1508 1558 non
1538 1533 1719 1570 exprom-

140 1587 270 1635 ptum,
292 1585 492 1625 iudicium
513 1586 558 1624 in
579 1586 692 1624 omni
712 1599 858 1636 genere
881 1598 1020 1624 rerum
1041 1585 1259 1635 singulare,
1280 1584 1387 1634 quod
1414 1587 1556 1634 suapte
1576 1587 1720 1623 natura

138 1650 425 1690 felicissimum
457 1651 617 1690 felicius
649 1651 828 1689 reddidit
866 1651 1140 1701 plurimarum
1173 1663 1313 1688 rerum
1346 1663 1454 1697 vsus,
1489 1650 1720 1689 inauditam
1739 1663 1753 1685 2
1761 1665 1776 1695 5

138 1716 302 1755 consilii
328 1716 428 1765 vim,
450 1730 529 1767 quo
558 1716 727 1755 nomine
756 1718 895 1755 nostro
928 1729 1087 1766 quoque
1119 1715 1303 1765 Principi
1322 1717 1569 1765 nostraeque
1603 1716 1720 1754 aulae

139 1781 347 1830 gratulor:
375 1782 426 1820 ad
446 1782 545 1821 haec
565 1782 675 1820 haud
695 1782 906 1831 vulgarem
927 1781 1057 1819 animi
1076 1780 1392 1831 propensionem
1412 1793 1505 1830 erga
1524 1780 1718 1830 pietatem

139 1859 184 1883 ac
203 1846 331 1884 bonas
349 1845 520 1894 litteras,
545 1846 695 1896 quibus
712 1846 897 1896 vtrisque
916 1846 1142 1896 praemines
1162 1845 1247 1895 ipse
1264 1859 1272 1891 ;
1301 1858 1395 1883 cum
1414 1845 1561 1894 primis
1580 1848 1719 1884 autem

139 1913 384 1961 perpetuum
401 1911 514 1961 pacis
533 1912 729 1959 studium,
752 1911 824 1961 qui
848 1914 941 1961 post
961 1913 1024 1949 tot
1048 1910 1223 1949 bellaces
1243 1910 1467 1960 Episcopos
1486 1910 1720 1948 incredibili

139 1975 358 2025 prudentia
369 1976 427 2014 sic
443 1976 678 2015 moderatus
693 1989 735 2015 es
746 1975 956 2026 populum,
976 1976 1127 2026 alioqui
1142 1976 1243 2014 satis
1257 1975 1307 2014 ad
1322 1975 1430 2013 bella
1440 1975 1715 2024 praecipitem,
1738 1989 1778 2020 30

140 2043 186 2079 vt
206 2053 281 2078 nec
301 2040 373 2079 ille
393 2041 586 2091 cuiquam
606 2041 777 2091 praedae
798 2041 924 2080 fuerit
952 2054 1024 2080 nec
1052 2054 1285 2091 quenquam
1311 2040 1437 2078 armis
1456 2040 1718 2080 lacessiuerit.

141 2105 332 2144 Arduum
352 2118 397 2143 ac
424 2118 563 2145 rarum
592 2109 654 2145 est
679 2107 856 2156 probum
882 2120 998 2156 agere
1018 2107 1260 2156 principem,
1283 2106 1415 2144 rarius
1441 2105 1650 2156 integrum
1679 2108 1720 2145 et

141 2172 425 2220 incorruptum
444 2171 690 2220 praesulem.
745 2172 806 2210 Tu
835 2184 944 2210 vnus
967 2174 1174 2221 vtrunque
1198 2183 1352 2209 munus
1381 2171 1439 2208 sic
1468 2173 1646 2220 praestas
1673 2174 1720 2210 vt

141 2236 211 2274 vix
236 2234 342 2273 alius
367 2235 615 2274 alterutrum
641 2236 770 2286 possit
796 2235 1051 2282 absolutius3
1081 2249 1155 2274 nec
1175 2235 1315 2274 minus
1335 2235 1545 2286 religionis
1564 2236 1720 2274 antisti-

141 2303 227 2338 tem
245 2299 351 2349 ger'is
370 2312 494 2349 quam
514 2300 759 2350 reipublicae
778 2301 933 2339 ducem.
1739 2313 1777 2345 35

194 2365 350 2403 Verum
370 2364 468 2403 haec
492 2364 592 2403 alias
616 2366 787 2404 fortasse
817 2364 1106 2415 tempestiuius
1134 2364 1361 2403 referentur
1384 2366 1436 2411 et,
1459 2366 1504 2402 vt
1531 2364 1715 2411 arbitror,

140 2430 235 2469 aliis
255 2429 406 2468 rectius
426 2442 548 2479 quam
570 2430 658 2469 tibi.
716 2432 775 2469 At
803 2431 969 2476 interea,
992 2443 1043 2468 ne
1071 2429 1197 2468 talem
1226 2428 1473 2478 Principem,
1503 2442 1526 2467 a
1554 2443 1633 2479 quo
1662 2431 1719 2468 sic

141 2507 271 2532 essem
291 2496 534 2543 prouocatus
555 2494 706 2542 officiis,
725 2495 857 2533 denuo
876 2507 1027 2532 vacuus
1047 2496 1087 2532 et
1107 2494 1345 2544 asymbolus
1361 2494 1630 2541 conuenirem,
1647 2496 1720 2532 aut

141 2572 193 2597 ne
223 2560 388 2608 putares
416 2558 467 2596 ab
499 2558 577 2596 hac
613 2561 685 2597 t-ua
716 2559 1009 2597 florentissima
1038 2559 1258 2597 Academia
1287 2560 1447 2608 praeter
1474 2558 1720 2596 aromatiten

143 2622 251 2661 nihil
269 2622 394 2668 mitti,
416 2622 667 2662 litterarium
686 2623 763 2662 hoc
782 2623 993 2662 xeniolum
1012 2623 1196 2674 pauculis
1215 2623 1327 2662 hisce
1347 2622 1491 2661 diebus
1511 2623 1717 2670 adornaui,
1737 2636 1779 2667 40

265 2719 317 2750 26.
342 2719 400 2749 cui
415 2729 530 2759 nuper
548 2719 738 2751 adiunctus
754 2730 790 2751 es
804 2724 868 2758 post
884 2720 984 2751 aulae
1000 2722 1071 2750 add.
1090 2721 1116 2750 δ.
1250 2729 1301 2758 31.
1327 2719 1388 2750 ille
1404 2731 1423 2749 α
1439 2731 1445 2749 :
1470 2720 1542 2759 ipse
1559 2731 1588 2758 η.

187 2817 222 2843 4.
244 2804 517 2845 consuetudine]
539 2805 613 2836 The
630 2807 715 2837 visit
731 2806 769 2837 of
781 2806 900 2837 which
964 2808 1001 2837 to
1025 2806 1086 2836 the
1110 2805 1258 2837 Council
1283 2805 1322 2836 of
1349 2806 1507 2836 Brabant
1538 2805 1628 2836 after
1657 2805 1720 2836 the

144 2849 311 2880 Erasmus
328 2848 399 2879 had
417 2850 505 2880 been
519 2849 767 2889 disappointed
784 2850 822 2879 in
838 2850 899 2880 the
965 2851 1081 2888 treaty
1097 2849 1134 2880 of
1147 2849 1196 2880 St.
1215 2849 1343 2880 Trond.
1388 2849 1444 2879 He
1465 2858 1536 2879 was
1559 2848 1632 2879 also
1653 2858 1719 2880 one

144 2894 297 2923 autumn
315 2891 374 2932 (cf.
398 2892 459 2932 Ep.
482 2893 555 2932 867.
573 2893 707 2932 83,185)
730 2893 801 2923 had
822 2903 900 2932 per·
967 2893 1004 2923 of
1017 2892 1079 2922 the
1096 2892 1174 2923 first
1190 2892 1368 2923 members
1383 2893 1421 2923 of
1438 2892 1499 2923 the
1515 2901 1596 2922 new
1613 2892 1720 2932 Privy

143 2936 233 2975 haps
255 2934 528 2975 been'reoently
550 2935 654 2975 paid:
689 2945 729 2966 or
750 2936 812 2967 the
835 2936 900 2976 Bp.
967 2935 1114 2966 Council
1139 2935 1356 2966 constituted
1380 2945 1424 2966 on
1456 2945 1494 2974 19
1520 2935 1593 2966 Oct.
1617 2944 1717 2975 1520:

144 2989 227 3018 may
243 2978 333 3009 have
350 2988 449 3010 come
465 2981 501 3010 to
517 2978 688 3011 Louvain.
765 3010 769 3012 ,
968 2979 1031 3010 See
1048 2979 1177 3010 Henne
1194 2979 1232 3009 ii.
1251 2988 1358 3018 322,3.

187 3023 272 3053 2611.
290 3021 420 3063 nuper]
428 3022 539 3053 Erard
549 3022 620 3053 had
631 3022 718 3054 been
726 3021 901 3053 admitted
1012 3032 1063 3061 39.
1090 3021 1321 3063 aromatiten]
1339 3021 1389 3053 Of.
1407 3021 1470 3061 Ep.
1492 3031 1562 3060 140.
1580 3023 1630 3052 16.

209 3087 318 3107 Anum
338 3088 380 3107 111
909 3090 925 3115 1
947 3078 959 3114 i
