2034 3433
131 156 227 212 917]
565 160 635 200 ΤΟ
671 159 822 198 JOHN
861 159 934 198 DE
975 161 1049 199 LA
1087 161 1280 200 PARRA
1629 161 1709 199 493

130 261 200 300 sed
229 263 343 300 tanta
371 262 623 310 dexteritate,
644 260 749 300 mihi
777 261 904 309 crede,
930 265 987 311 vt,
1017 263 1052 301 si
1081 263 1252 303 titulum
1279 264 1446 311 adimas,
1472 265 1591 313 putes
1619 277 1707 302 rem

127 339 212 365 non
241 326 367 365 huius
392 327 571 377 regionis
596 339 669 364 nec
694 325 820 364 huius
845 338 932 365 esse
957 328 1095 375 seculi,
1126 329 1258 378 magis
1286 330 1427 367 autem
1456 328 1709 367 felicissimis

128 391 212 430 illis
232 391 437 431 Ciceronis
456 404 501 430 ac
528 391 702 430 Senecae
721 391 976 440 temporibus
995 395 1147 441 natam,
1169 393 1319 443 quibus
1341 393 1481 443 coquis
1507 395 1547 431 et
1567 393 1709 442 apiciis

128 456 342 506 aliquanto
361 455 455 507 plus
475 457 561 495 erat
587 455 842 505 eloquentiae
867 470 991 506 quam
1015 470 1126 496 nunc
1152 460 1214 496 est
1239 458 1291 496 iis
1311 458 1380 508 qui
1406 458 1537 496 videri
1561 457 1708 496 volunt

129 521 238 560 orbis
266 521 462 572 magistri.
521 520 640 559 Artis
667 520 1058 560 obseruantissimus
1086 524 1158 569 est,
1191 523 1262 561 sed
1292 524 1378 561 eius
1406 523 1706 562 affectationem
1726 537 1769 568 30

128 586 186 625 ita
218 586 452 625 dissimulat
485 587 530 624 vt
564 598 688 635 neges
722 599 809 624 rem
842 585 1127 625 adumbratam
1160 588 1236 637 agi.
1308 588 1436 626 Video
1470 588 1580 626 hunc
1611 601 1707 627 cum

127 651 274 701 primis
304 664 391 690 esse
424 650 616 689 idoneum
651 651 721 700 qui
758 653 799 689 et
833 651 910 690 tibi
943 651 987 690 in
1025 651 1279 690 instituendo
1319 653 1578 692 Ferdinando
1612 653 1707 692 sub-

128 715 318 755 sidiarius
347 715 411 765 sit,
444 717 703 766 praestetque
735 729 786 754 ne
819 716 913 766 quis
946 716 1082 755 aulam
1116 716 1239 756 istam
1269 719 1314 755 vt
1348 717 1552 756 infantem
1586 719 1707 768 atque

128 781 335 831 elinguem
367 782 615 819 contemnat.
686 781 752 819 Ad
790 781 914 819 huius
952 781 1066 820 dotes
1104 784 1144 820 et
1182 781 1285 820 illud
1320 782 1484 827 accedit,
1521 783 1626 833 quod
1666 784 1707 821 et

127 845 352 896 Hispanice
376 845 508 895 callet,
537 847 681 896 vtpote
708 847 831 884 natus
858 845 1083 896 Hispanus,
1111 848 1150 885 et
1178 845 1333 885 Gallice
1356 846 1545 896 perbelle,
1569 849 1615 886 vt
1635 849 1707 898 qui
1725 859 1766 891 35

126 911 311 950 Lutetiae
339 911 497 950 diutule
521 911 576 949 sit
599 913 797 950 versatus.
859 911 1059 950 Nostrum
1089 924 1321 950 sermonem
1352 911 1550 962 intelligit
1577 913 1707 963 magis

127 989 250 1025 quam
269 978 397 1016 sonat.
457 977 613 1015 Verum
639 976 748 1014 haud
773 975 865 1025 scio,
889 976 1071 1026 primum
1098 990 1151 1015 an
1179 976 1295 1015 Card.
1321 975 1476 1024 Croius,
1504 977 1569 1015 cui
1593 991 1706 1027 prae-

128 1043 265 1091 ceptor
284 1043 356 1090 est,
377 1054 574 1092 passurus
593 1041 647 1080 sit
673 1041 884 1080 hominem
910 1054 933 1079 a
959 1054 1002 1079 se
1028 1041 1365 1091 diuelli—diligit
1388 1041 1499 1079 enim
1520 1054 1630 1090 eum,
1650 1042 1707 1082 ita

126 1107 170 1144 vt
202 1108 394 1154 meretur,
425 1106 695 1154 effusissime3
729 1105 875 1144 deinde
904 1119 958 1144 an
989 1106 1175 1155 expediat
1203 1107 1398 1145 iuuenem
1427 1107 1705 1156 amplissimae

127 1171 312 1210 fortunae
344 1184 537 1221 raraeque
574 1170 728 1210 indolis
761 1171 837 1209 tali
867 1171 1092 1209 formatore
1130 1171 1289 1209 nudari.
1362 1171 1554 1220 Impense
1586 1172 1706 1211 faueo
1723 1186 1767 1216 40

126 1235 310 1287 Principi
329 1236 589 1275 Ferdinando
606 1251 614 1284 ;
643 1236 713 1275 sed
733 1236 792 1274 ita
817 1236 867 1274 de
894 1249 960 1274 me
986 1236 1161 1275 meritus
1180 1237 1241 1275 est
1260 1236 1375 1275 Card.
1401 1238 1445 1275 vt
1466 1250 1551 1275 non
1570 1237 1706 1275 ausim

125 1300 262 1339 moliri
287 1301 505 1352 quiequam
525 1302 632 1352 quod
659 1301 722 1340 illi
747 1301 801 1339 sit
824 1301 1085 1340 incommodo
1105 1301 1305 1340 futurum.
1366 1301 1581 1340 Postremo
1609 1315 1706 1340 non-

125 1365 224 1404 dum
243 1366 373 1405 habeo
393 1368 652 1416 compertum
671 1379 724 1404 an
739 1366 866 1404 Viues
884 1366 971 1416 ipse
990 1366 1191 1405 sustineat
1206 1366 1328 1405 auelli
1347 1380 1370 1404 a
1389 1368 1506 1405 tanto
1519 1368 1705 1416 patrono,

125 1431 190 1469 cui
208 1443 251 1469 se
271 1432 390 1470 nouit
410 1444 497 1469 esse
518 1431 820 1471 charissimum.
876 1431 991 1480 Quod
1017 1432 1053 1469 si
1078 1431 1153 1469 hac
1181 1431 1226 1469 in
1253 1432 1366 1480 parte
1393 1433 1463 1469 tua
1488 1431 1706 1480 prudentia

123 1508 287 1534 mecum
306 1496 442 1543 sentit,
466 1496 666 1546 proximis
684 1496 817 1534 literis
836 1496 963 1534 alium
990 1495 1068 1534 tibi
1091 1496 1324 1545 designabo.
1382 1497 1496 1535 Bene
1517 1496 1618 1544 vale,
1641 1497 1706 1535 vir
1722 1507 1762 1538 45

123 1560 282 1599 eximie.
342 1560 514 1599 Louanii
536 1560 587 1599 id.
613 1560 706 1599 Feb.
729 1562 856 1599 Anno
876 1573 916 1599 M.
936 1574 974 1598 D.
1000 1574 1086 1599 XIX.

513 1678 609 1718 918.
671 1677 734 1719 To
767 1677 927 1718 ERARD
958 1688 1017 1718 DE
1047 1688 1104 1718 LA
1136 1676 1313 1718 MARCK.

169 1746 330 1793 Farrago
348 1759 385 1793 p.
403 1757 481 1791 304.
1386 1745 1561 1781 Louvain.

169 1806 207 1840 F.
225 1818 261 1852 p.
278 1816 367 1849 412:
393 1805 483 1841 HN:
512 1805 627 1841 Lond.
646 1816 680 1839 x.
700 1814 741 1849 3:
768 1804 840 1839 LB.
861 1805 939 1849 388.
1288 1815 1330 1849 19
1346 1804 1537 1849 February
1557 1814 1656 1849 1519.

370 1883 678 1925 [Accompanying
693 1882 756 1913 the
772 1884 1014 1922 presentation
1031 1893 1120 1924 copy
1136 1885 1173 1915 of
1187 1896 1206 1913 a
1224 1885 1262 1914 in
1279 1885 1340 1924 Ep.
1356 1885 1451 1926 916.]

123 1969 517 2000 REVERENDISSIMO
554 1969 595 1999 D.
628 1969 670 1998 D.
703 1969 882 1999 ERARDO
918 1970 978 1999 DE
1010 1970 1177 2011 MARCA,
1210 1969 1418 2001 EPISCOPO
1451 1969 1703 2008 LEODIENSI,

625 2036 828 2067 ERASMVS
859 2037 1082 2068 ROTEROD.
1105 2037 1138 2067 S.
1161 2037 1202 2068 D.

177 2109 541 2151 annnmmssmr.
560 2111 742 2159 Praesul,
767 2112 890 2150 mitto
907 2112 1141 2151 celsitudini
1159 2114 1253 2151 tuae
1274 2113 1554 2162 qualecunque
1573 2112 1704 2150 animi

121 2177 166 2215 in
185 2179 226 2216 te
245 2176 327 2216 mei
347 2176 653 2223 documentum,
676 2176 952 2225 Paraphrasin
971 2177 1015 2215 in
1037 2177 1137 2216 duas
1157 2177 1366 2226 Epistolas
1385 2177 1434 2215 ad
1455 2176 1700 2216 Corinthios.

123 2243 236 2292 Opus
268 2241 404 2280 modis
434 2230 630 2279 omnibus
659 2254 815 2279 nouum
845 2243 917 2288 est,
950 2242 985 2280 si
1014 2255 1098 2280 non
1127 2244 1308 2281 meretur
1336 2242 1415 2280 alio
1443 2242 1568 2280 titulo
1597 2255 1703 2280 com-

123 2305 321 2345 mendari.
380 2305 596 2344 Certamen
617 2307 703 2344 erat
728 2306 839 2344 inter
863 2307 1168 2356 typographum
1188 2320 1232 2345 ac
1259 2320 1336 2356 me,
1358 2309 1499 2345 vtrum
1519 2306 1590 2344 ille
1609 2306 1703 2356 plus

122 2370 338 2410 excuderet
357 2370 535 2421 singulis
555 2370 700 2409 diebus
725 2371 810 2409 suis
828 2371 1020 2410 formulis
1045 2384 1098 2410 an
1123 2384 1197 2421 ego
1220 2385 1312 2410 meo
1333 2372 1487 2410 calamo
1508 2372 1702 2410 describe·
1721 2379 1739 2411 5

121 2449 219 2474 rem.
279 2435 437 2485 Opinor
470 2448 573 2484 opus
600 2435 811 2474 victurum
840 2436 906 2474 vel
935 2435 1081 2474 inuitis
1112 2435 1371 2485 misoglottis.
1431 2436 1494 2473 Tu
1525 2449 1598 2485 pro
1632 2438 1702 2474 tua

122 2500 381 2539 humanitate
400 2500 500 2538 boni
519 2500 720 2538 consules.
781 2500 859 2549 Qui
885 2501 1065 2539 codicem
1086 2500 1231 2548 reddit,
1254 2501 1416 2539 iuuenis
1434 2503 1496 2539 est
1516 2500 1703 2539 eruditus

122 2564 356 2614 ingeniique
401 2564 697 2611 candidissimi,
737 2565 787 2604 ab
832 2566 933 2604 actis
977 2565 1118 2615 oppidi
1161 2565 1515 2615 Antuuerpiensis‚
1559 2565 1703 2603 melior

121 2629 282 2668 animae
309 2642 424 2668 meae
446 2642 566 2680 pars:
601 2630 723 2679 hunc,
754 2643 913 2681 quaeso,
935 2644 1009 2681 pro
1036 2633 1106 2669 tua
1134 2630 1392 2669 humanitate
1419 2630 1698 2679 complectere,

123 2707 167 2732 ac
187 2694 289 2732 bene
308 2694 410 2733 vale.
471 2694 660 2734 Louanii.
713 2696 938 2734 Vndecimo
959 2695 1041 2734 Cal.
1066 2695 1184 2733 Mart.
1243 2696 1363 2733 ANNo
1384 2708 1424 2732 M.
1442 2708 1480 2732 D.
1505 2708 1590 2733 XIX.
1722 2706 1763 2728 10

478 2780 554 2811 918.
576 2789 641 2812 rrr,
665 2789 712 2811 nn
728 2783 776 2812 E:
801 2791 824 2812 A
839 2784 880 2812 H.
1032 2791 1060 2812 1.
1084 2780 1290 2812 Reuerende
1306 2783 1342 2811 F.

166 2867 240 2897 917.
259 2867 311 2898 28.
336 2866 479 2907 apiciis]
496 2866 547 2898 Cf.
565 2868 659 2898 Tert.
676 2870 766 2906 Apol.
785 2877 818 2908 3.
945 2868 979 2898 It
1008 2877 1081 2898 was
1111 2867 1261 2907 perhaps
1285 2876 1331 2898 an
1363 2867 1539 2898 ‘advanee
1570 2867 1676 2907 copy’
1692 2878 1700 2906 3

165 2910 240 2941 918.
258 2920 287 2948 7.
304 2909 476 2950 codicem]
491 2909 565 2941 The
579 2911 756 2942 reference
768 2912 876 2942 above
947 2920 1004 2942 see
1018 2921 1051 2951 p.
1069 2910 1142 2948 480.

122 2956 158 2985 to
178 2954 239 2985 the
260 2953 398 2993 printer
417 2953 588 2993 probably
603 2954 778 2986 indicates
796 2955 876 2986 that
1033 2952 1190 2994 iuuenis]
1235 2952 1429 2992 Evidently
1474 2953 1587 2985 Gilles
1603 2964 1611 2993 ;
1655 2953 1699 2985 cf.

121 2997 183 3028 the
199 2997 287 3029 book
298 3006 371 3028 was
383 2996 497 3028 notin
510 3006 576 3028 τηε.
592 3008 600 3028 :
617 2996 660 3030 cf.
673 2997 737 3038 Ep.
755 3008 828 3037 441.
847 3007 876 3031 1.
949 2998 1035 3038 Epp.
1054 3007 1126 3037 312.
1146 2997 1202 3028 tit.
1220 3006 1268 3038 n.‚
1288 3006 1359 3037 531.
1379 3006 1454 3036 527.
