2034 3433
155 154 249 208 786]
708 155 779 194 TO
815 155 965 195 JOHN
1004 154 1180 195 COLET
1654 154 1729 191 241

153 259 345 299 frontem.
416 259 520 308 Quid
554 259 667 298 enim
704 259 986 309 impudentius
1018 259 1083 297 his
1120 258 1297 297 assiduis
1334 256 1733 296 condonationibus‘?

153 326 207 364 Et
233 338 345 364 nunc
374 325 531 365 bellum
558 324 809 374 praetexitur
835 325 879 362 in
905 324 1067 372 Turcas,
1090 337 1182 362 cum
1205 337 1247 362 re
1267 322 1309 362 id
1330 325 1472 373 agatur
1490 325 1535 361 vt
1556 322 1733 372 Hispani
1753 330 1790 361 25

153 390 413 440 depellantur
449 403 471 428 e
510 389 690 439 Neapoli.
762 389 868 427 Nam
907 389 1151 428 Laurentius
1188 401 1315 438 nepos
1353 387 1618 437 Campaniam
1656 386 1734 425 sibi

152 455 361 495 vindicare
403 456 582 503 conatur,
618 455 704 493 filia
748 454 954 493 Nauarrae
1001 454 1125 503 Regis
1169 454 1214 492 in
1254 466 1421 492 vxorem
1464 453 1597 491 ducta.
1655 451 1733 500 Qui

152 519 361 557 tumultus
387 519 422 557 si
442 518 675 568 procedant,
699 517 953 556 tolerabilius
975 517 1101 555 fuerit
1123 517 1345 555 Turcarum
1365 515 1585 566 imperium
1608 527 1731 564 quam

152 584 301 624 horum
321 584 647 624 Christianorum
668 584 786 622 ferre.

205 650 283 689 Sed
317 650 518 689 facessant
546 649 714 687 inutiles
751 648 1038 699 querimoniae.
1096 647 1241 686 Habeo
1271 647 1445 697 gratiam
1482 646 1589 697 quod
1626 646 1732 696 apud
1752 655 1792 686 30

152 715 306 766 Regem
324 715 541 764 negocium
567 727 708 752 meum
731 716 917 753 amanter
935 726 1050 763 agere
1073 712 1262 763 coeperis,
1284 714 1404 762 atque
1421 712 1605 762 perficias
1625 724 1732 761 rogo.

152 779 259 819 Nam
288 780 438 818 viatico
464 779 602 828 amplo
630 791 742 816 nunc
771 791 873 828 opus
900 779 973 826 est,
1006 791 1056 816 ne
1085 777 1198 825 desit,
1225 777 1260 815 si
1288 777 1384 826 quid
1413 777 1517 815 forte
1545 776 1730 815 acciderit

150 858 291 884 eorum
325 857 427 895 quae
457 844 590 882 solent
619 843 792 882 homini.
851 843 907 882 Et
939 845 1001 881 est
1032 843 1196 881 animus
1227 842 1517 881 bibliothecam
1550 843 1731 880 nostram

149 923 308 960 augere.
368 909 475 958 Quid
491 911 552 948 est
567 909 644 947 hoc
656 910 676 946 ⁶?
731 909 869 947 Toties
888 921 911 946 a
931 920 996 946 me
1017 909 1203 957 captatus
1221 908 1282 945 est
1301 907 1388 945 Rex
1407 908 1447 945 et
1467 905 1731 945 Reuerendis-

150 974 293 1014 simus.
351 974 489 1014 Toties
525 973 629 1012 retia
656 972 845 1011 fallunt?
899 972 1121 1011 Montioius
1148 973 1314 1011 tantum
1341 973 1461 1019 amat,
1487 971 1609 1021 idque
1636 983 1732 1009 sane
1749 980 1787 1013 35

150 1043 211 1079 est
244 1040 422 1091 aliquid3
460 1040 530 1078 sed
559 1039 666 1077 nihil
693 1039 743 1076 ad
777 1039 884 1076 hanc
916 1038 1222 1088 profectionem.
1278 1037 1480 1085 Queritur,
1517 1039 1563 1076 vt
1596 1036 1727 1084 audio,

150 1106 258 1155 quod
287 1119 372 1144 non
401 1104 624 1155 acceperim
655 1103 933 1142 conditionem
964 1117 1095 1153 nuper
1122 1117 1145 1141 a
1173 1103 1284 1153 Rege
1311 1102 1504 1141 oblatam.
1564 1101 1731 1141 Oblatae

149 1173 248 1209 sunt
267 1170 395 1209 librae
411 1183 472 1218 40,
493 1171 533 1208 et
549 1171 716 1208 centum
731 1169 857 1208 libras
871 1183 938 1207 me
956 1182 1116 1218 sperare
1129 1168 1273 1207 voluit.
1332 1168 1436 1206 Rem
1450 1181 1547 1207 vero
1563 1180 1725 1214 nouam,

150 1236 282 1275 voluit
310 1238 356 1274 vt
383 1248 589 1286 sperarem
614 1234 723 1284 quod
752 1234 815 1272 illi
842 1248 924 1273 non
953 1235 1043 1273 ausi
1070 1236 1168 1272 sunt
1196 1232 1434 1283 promittere
1449 1248 1458 1281 ;
1495 1233 1617 1271 toties
1645 1234 1729 1272 iam

148 1303 341 1351 expertus
358 1314 443 1339 non
463 1299 660 1350 praestita
678 1299 805 1338 fuisse
824 1313 908 1338 non
929 1299 1060 1338 dicam
1080 1299 1288 1349 promissa,
1313 1299 1384 1337 sed
1405 1298 1590 1336 deierata.
1746 1308 1787 1339 40

204 1366 392 1404 Demiror
410 1378 543 1415 neque
565 1365 831 1403 Franciscum
852 1378 984 1415 neque
1003 1364 1238 1403 Vnoculum
1259 1363 1477 1413 quicquam
1497 1362 1729 1402 litterarum

148 1433 313 1470 tuarum
337 1430 418 1469 huc
441 1430 641 1468 retulisse.
702 1429 781 1468 Sed
808 1429 877 1468 ille
904 1442 1025 1468 suum
1051 1431 1114 1467 est
1136 1429 1282 1468 solitus
1306 1441 1421 1478 agere
1440 1428 1667 1478 negocium,
1690 1431 1729 1466 et

147 1496 271 1534 Petro
290 1508 376 1533 non
393 1495 474 1533 fuit
501 1494 636 1533 ocium
659 1508 683 1533 a
705 1495 1102 1544 compotationibus;
1130 1495 1230 1533 adeo
1258 1495 1304 1532 vt
1326 1506 1420 1532 cum
1447 1493 1730 1544 Antwerpiam

146 1560 381 1611 appulisset,
410 1573 495 1598 non
518 1559 679 1598 licuerit
701 1559 918 1598 hominem
944 1560 1076 1610 primo
1100 1559 1164 1598 die
1192 1559 1420 1606 conuenire,
1448 1558 1506 1597 ita
1526 1558 1624 1597 vino
1647 1562 1729 1598 erat

145 1625 341 1676 sepultus.
399 1625 519 1664 Nunc
546 1638 686 1663 meum
709 1625 838 1674 ipsius
862 1624 1064 1663 famulum
1090 1625 1196 1663 istuc
1221 1624 1316 1663 misi
1338 1623 1408 1674 qui
1433 1624 1538 1661 mihi
1561 1624 1729 1664 certiora
1745 1635 1785 1666 45

145 1691 195 1729 de
220 1690 395 1740 singulis
419 1689 575 1729 referat.
633 1690 747 1739 Rogo
775 1703 827 1728 ne
855 1690 991 1729 inanis
1019 1690 1069 1728 ad
1098 1703 1173 1728 nos
1201 1690 1348 1737 redeat,
1371 1691 1411 1727 et
1439 1689 1576 1728 redeat
1604 1703 1728 1740 quam

145 1755 235 1794 fieri
263 1757 398 1805 potest
428 1755 663 1802 celerrime;
701 1755 899 1805 siquidem
928 1768 1010 1794 vna
1041 1755 1140 1794 haec
1172 1767 1235 1793 res
1263 1756 1447 1793 moratur
1474 1767 1610 1793 meam
1636 1769 1727 1805 pro-

145 1820 377 1859 fectionem.
435 1819 601 1858 Adhibe
619 1819 670 1858 ad
696 1820 913 1870 negocium
940 1820 1218 1868 Tunstallum,
1241 1820 1453 1859 hominem
1475 1833 1571 1858 vere
1598 1821 1728 1859 amico

145 1885 335 1923 amicum.
390 1884 616 1923 Pecuniam
636 1898 685 1923 ex
706 1885 877 1924 consilio
901 1886 1051 1924 Sixtini
1073 1885 1168 1924 iube
1188 1885 1337 1935 deponi
1364 1885 1471 1935 apud
1491 1885 1724 1933 Maruffum,

146 1949 217 1999 qui
253 1949 444 1988 ministro
473 1950 541 1988 det
574 1951 851 2000 syngrapham
881 1965 960 2001 qua
988 1951 1106 1989 liceat
1134 1951 1269 1989 vbiuis
1306 1950 1493 2000 recipere,
1530 1953 1570 1989 et
1603 1964 1724 2001 quam
1744 1962 1785 1993 50

146 2013 322 2052 minimo
351 2014 511 2053 damno.
583 2016 633 2053 D.
670 2016 916 2065 Vrsewycus
953 2018 1048 2054 ante
1080 2029 1236 2054 annum
1268 2015 1457 2065 promisit
1489 2029 1651 2066 equum,
1685 2018 1724 2054 et

146 2078 219 2117 hac
241 2092 312 2128 spe
342 2077 507 2117 Nouum
531 2080 844 2118 Testamentum
872 2081 935 2119 illi
961 2081 1122 2120 donaui.
1181 2081 1297 2129 Quod
1323 2080 1358 2119 si
1380 2080 1525 2119 scirem
1550 2081 1612 2118 illi
1638 2095 1723 2120 rem

146 2142 258 2181 cordi
295 2156 380 2181 non
408 2156 506 2191 esse,
539 2157 623 2182 non
651 2145 918 2184 sollicitarem
952 2146 1174 2184 hominem.
1231 2146 1275 2184 Si
1302 2145 1474 2189 videtur,
1506 2146 1636 2184 scribe
1663 2146 1724 2184 illi

145 2208 227 2247 duo
246 2208 371 2246 verba
389 2222 461 2258 per
479 2209 685 2248 famulum
704 2223 856 2248 meum.

199 2273 394 2312 Gratulor
412 2273 488 2311 tibi
508 2273 579 2323 qui
597 2274 769 2312 Mariam
788 2275 938 2314 habeas
957 2276 1079 2324 domi,
1093 2275 1392 2321 turbulentum,
1406 2275 1584 2324 inquam,
1602 2275 1720 2315 illum
1742 2286 1780 2320 55

144 2337 357 2376 hominem
372 2352 383 2386 3
413 2351 536 2388 quem
554 2340 602 2377 vt
616 2339 719 2378 meis
733 2339 869 2378 verbis
885 2340 1100 2390 diligenter
1115 2340 1267 2379 salutes
1282 2339 1477 2378 maiorem
1492 2340 1536 2378 in
1550 2342 1720 2381 modum

144 2405 185 2441 te
213 2416 321 2453 rogo.
392 2403 499 2442 Nam
525 2405 565 2442 et
587 2418 679 2442 amo
704 2404 825 2443 illum
852 2418 900 2443 ex
927 2405 1088 2444 intimis
1121 2405 1248 2444 animi
1275 2404 1496 2454 affectibus,
1527 2407 1568 2444 et
1595 2407 1720 2446 debeo

736 2544 788 2572 44.
815 2534 867 2565 ita
884 2537 959 2565 LB:
982 2535 1042 2566 ina
1058 2537 1125 2566 MS.

186 2654 239 2682 24.
261 2643 595 2686 condonationibus]
619 2647 668 2677 To
687 2647 785 2678 Colet
801 2648 902 2679 Eras—
967 2648 985 2678 I
1012 2657 1069 2678 am
1101 2646 1230 2678 unable
1260 2650 1296 2679 to
1322 2647 1466 2688 explain
1497 2647 1571 2679 this
1602 2659 1718 2682 name.

144 2696 224 2718 mus
254 2687 359 2718 could
388 2691 542 2720 venture
575 2693 612 2720 to
643 2690 749 2730 speak
779 2691 901 2731 boldly
965 2691 1037 2721 The
1047 2691 1248 2722 conditions
1258 2692 1376 2722 would
1388 2692 1427 2722 fit
1441 2691 1534 2722 Wm.
1548 2693 1716 2731 Latimer;

142 2731 249 2762 about
265 2730 509 2770 indulgences.
966 2735 1024 2765 his
1043 2735 1291 2765 ‘turbulence'
1317 2735 1423 2775 being
1446 2736 1504 2766 his
1527 2735 1657 2767 refusal
1682 2738 1719 2768 to

186 2783 238 2812 30.
263 2774 359 2814 apud
375 2774 520 2816 Regem]
539 2775 590 2807 Cf.
608 2777 670 2816 Ep.
686 2779 748 2816 657
766 2777 896 2808 introd.
965 2778 1048 2818 help
1071 2779 1109 2808 in
1133 2778 1300 2817 teaching
1323 2778 1448 2809 Fisher
1469 2788 1507 2809 or
1529 2778 1586 2810 his
1607 2780 1717 2811 reluc-

185 2826 239 2856 37.
263 2817 523 2859 conditionem]
543 2819 596 2851 Cf.
615 2820 677 2860 Ep.
696 2822 770 2859 694.
790 2830 830 2851 10
847 2831 881 2851 n.
965 2823 1067 2851 tance
1087 2823 1123 2852 to
1140 2821 1225 2861 help
1239 2821 1404 2852 Erasmus
1420 2823 1509 2853 with
1527 2823 1589 2853 the
1617 2829 1717 2854 notes

184 2861 237 2898 38.
263 2860 321 2901 40]
339 2861 411 2891 But
428 2862 471 2892 cf.
489 2862 552 2901 Ep.
573 2872 646 2901 775.
668 2873 707 2902 19
724 2874 759 2895 n.
964 2874 1009 2894 on
1033 2864 1094 2894 the
1119 2864 1204 2895 New
1225 2864 1428 2896 Testament
1448 2865 1508 2905 (cf.
1535 2866 1623 2906 Epp.
1641 2877 1713 2906 417,

185 2914 239 2941 41.
261 2904 480 2945 Vnoculum]
499 2905 670 2945 Meghen3
694 2908 736 2938 cf.
752 2907 791 2938 11.
810 2917 894 2946 1,43.
963 2909 1037 2947 481,
1063 2917 1135 2946 520,
1161 2917 1236 2948 540,
1265 2909 1357 2948 886).
1411 2909 1485 2939 The
1514 2911 1715 2950 corruption

184 2956 234 2985 51.
258 2947 484 2988 Vrsewycus]
497 2948 547 2980 Cf.
558 2949 720 2989 Epp.451.
731 2960 763 2988 3,
777 2960 850 2989 452.
867 2962 897 2989 4.
964 2960 1045 2990 may
1061 2951 1151 2981 have
1166 2952 1282 2982 arisen
1299 2953 1390 2983 from
1402 2961 1422 2982 a
1434 2952 1588 2984 division
1603 2954 1642 2984 of
1653 2954 1715 2985 the

184 2999 237 3029 55.
262 2990 430 3033 Mariam]
454 2991 540 3022 Like
559 2993 701 3023 Brewer
724 2994 777 3034 (ii.
795 2996 896 3034 3992>
967 3003 1070 3025 name
1086 3004 1131 3026 on
1147 2997 1185 3025 to
1197 2996 1268 3026 two
1284 2994 1385 3036 lines,
1405 2998 1480 3028 Lata
1484 2998 1633 3038 smerum.

207 3056 313 3075 Acmen
331 3055 370 3075 111
912 3062 937 3087 fg
