2034 3433
326 187 407 227 544
791 189 1044 229 LETTERS
1082 190 1151 229 OF
1188 190 1454 230 ERASMUS

1801 188 1929 243 [1519

324 293 509 333 breuiter
522 292 617 332 istis
631 292 842 331 simillimi
858 306 867 340 3
886 292 954 331 vel
970 292 1089 343 quasi
1102 293 1329 333 Lutherius
1343 293 1456 333 hisce
1470 293 1686 344 praesidiis
1698 293 1929 333 instructus

325 362 442 407 esset,
480 371 525 397 ac
563 371 649 397 non
686 357 821 407 magis
857 357 1115 397 scholasticis
1151 358 1418 407 literis—his,
1454 359 1639 409 inquam,
1675 371 1778 409 quae
1817 372 1928 398 nunc

324 423 593 463 scholasticae
611 424 824 462 vocantur.

381 489 488 528 Cum
508 487 697 537 proxime
717 489 863 528 Caesar
882 490 989 527 esset
1011 489 1279 538 Antuerpiae‚
1304 489 1680 528 reuerendissimus
1701 488 1934 528 Gardinalis

265 570 306 603 95
327 553 590 602 Sedunensis,
614 553 740 592 homo
767 554 913 592 doctus
939 553 1142 604 liberique
1165 553 1322 603 iudicii,
1344 567 1410 592 me
1434 557 1600 593 vocarat
1618 555 1669 594 ad
1696 553 1930 604 prandium.

325 618 449 667 Huic,
478 622 526 658 vt
553 632 603 658 ex
631 618 721 657 eius
749 618 954 669 colloquio
985 618 1123 667 didici,
1155 619 1340 670 theologi
1370 619 1508 658 nescio
1543 619 1615 670 qui
1643 620 1935 669 persuaserant

326 683 594 723 mendacium
615 684 806 722 omnium
831 684 1260 734 impudentissimum,
1284 698 1351 723 me
1374 684 1421 722 in
1448 684 1605 724 cantico
1627 684 1746 723 diuae
1766 683 1930 733 Mariae,

325 748 443 788 cuius
462 749 636 787 initium
655 751 718 787 est
740 752 748 768 ‘
761 749 1003 799 Magnificat
1026 749 1195 799 anima,’
1214 763 1289 799 pro
1311 749 1548 789 ‘Abraham
1577 753 1617 789 et
1645 750 1798 788 semini
1817 749 1908 788 eius
1925 749 1936 765 '

325 815 510 852 mutasse
534 815 544 833 ‘
559 816 601 852 et
620 814 855 853 seminibus
873 814 991 863 eius‚'
1007 828 1093 853 non
1114 817 1268 865 absque
1287 814 1452 865 ingenti
1471 815 1652 865 periculo
1673 815 1935 854 Christianae

248 897 309 919 100
325 879 435 928 fidei,
460 880 567 929 quod
588 879 745 918 Paulus
763 879 976 929 scripserit
998 894 1084 918 non
1108 881 1175 919 ‘in
1201 880 1454 919 seminibus’
1481 882 1553 919 sed
1574 881 1644 918 ‘in
1673 880 1832 919 semine
1860 881 1935 918 tuo

327 945 436 994 quod
456 947 518 983 est
538 945 731 984 Christus
744 945 768 982 ’-
829 946 1014 984 Domum
1035 959 1226 984 reuersus
1245 946 1345 984 adeo
1365 945 1559 995 codicem,
1581 959 1627 984 ac
1648 945 1937 996 depraehendo

327 1023 454 1060 quam
474 1010 603 1048 fuerit
629 1011 670 1048 et
695 1010 849 1049 effrons
875 1013 916 1049 et
943 1024 1084 1049 excors
1109 1011 1182 1050 ille
1209 1010 1399 1062 quisquis
1423 1011 1503 1050 hoc
1527 1025 1578 1050 ex
1602 1024 1645 1050 se
1673 1012 1938 1049 commentus

327 1077 424 1114 erat.

384 1141 488 1180 Erat
513 1141 618 1180 alter
643 1141 815 1192 quidam
845 1142 1035 1191 κηρυκτὴς,
1061 1142 1134 1192 qui
1159 1141 1421 1181 lamentabili
1447 1155 1547 1181 voce
1572 1142 1807 1193 deplorauit
1826 1143 1935 1193 apud

249 1223 307 1256 105
327 1207 532 1257 populum
569 1209 632 1245 tot
662 1206 830 1257 vigilias
867 1220 942 1257 pro
975 1207 1130 1246 tuenda
1163 1206 1244 1245 fide
1279 1207 1437 1246 Christi
1471 1210 1685 1258 susceptas
1715 1208 1862 1246 inanes
1891 1219 1939 1246 ac

327 1272 492 1312 steriles
521 1285 621 1311 esse.
685 1272 815 1321 ‘Quid
844 1275 1030 1322 superest
1060 1272 1209 1320 nobis,'
1235 1272 1374 1322 inquit
1401 1272 1507 1311 ‘nisi
1535 1275 1582 1313 vt
1611 1276 1778 1313 nostros
1810 1273 1939 1311 libros

328 1338 600 1377 conficiamus
633 1337 679 1375 in
710 1337 862 1388 ignem,
895 1340 1038 1387 postea
1069 1351 1195 1388 quam
1234 1338 1466 1377 extiterunt
1495 1338 1568 1388 qui
1596 1339 1720 1378 nouis
1748 1338 1870 1377 libris
1897 1340 1939 1377 et

328 1403 452 1442 Pater
490 1404 632 1442 noster
670 1403 880 1453 corrigant
918 1406 958 1441 et
996 1403 1291 1453 Magnificat‘?'
1310 1406 1403 1442 tum
1433 1403 1548 1442 enim
1579 1417 1722 1443 recens
1753 1404 1940 1443 exierant

330 1468 641 1507 Annotationes
659 1482 775 1507 meae
795 1469 840 1507 in
861 1469 1029 1507 Nouum
1050 1470 1380 1508 Testamentum.

385 1535 481 1585 Ipse
517 1536 725 1584 quendam
763 1535 907 1574 audiui
943 1535 1223 1584 Carmelitam,
1257 1535 1476 1574 hominem
1507 1535 1630 1574 bonis
1659 1535 1860 1574 lateribus
1894 1549 1941 1574 ac

331 1600 456 1639 titulo
477 1601 668 1651 pileoque
688 1601 870 1640 violaceo
891 1600 1121 1651 theologiae
1141 1601 1362 1640 doctorem.
1422 1601 1468 1639 Is
1488 1614 1583 1639 cum
1607 1601 1779 1639 sentiret
1799 1601 1943 1640 adesse

330 1680 399 1705 me
419 1666 593 1715 (stabam
614 1666 728 1705 enim
755 1681 777 1705 e
800 1666 995 1718 regione),
1019 1681 1068 1705 ex
1095 1667 1273 1717 peccatis
1292 1667 1429 1706 tribus
1449 1667 1494 1705 in
1517 1667 1721 1717 Spiritum
1747 1669 1941 1706 sanctum

332 1732 413 1771 duo
452 1732 560 1771 mihi
596 1732 802 1782 impegit:
843 1733 1240 1783 praesumptionem,
1283 1732 1355 1783 qui
1393 1732 1516 1771 nouis
1543 1732 1665 1771 libris
1699 1733 1942 1771 damnarem

331 1810 478 1837 omnes
513 1799 682 1846 veteres,
715 1798 816 1836 adeo
853 1799 901 1836 vt
938 1812 1023 1837 non
1062 1798 1296 1837 dubitarem
1329 1801 1371 1836 et
1403 1797 1634 1836 orationem
1674 1798 1940 1837 Dominicam

252 1880 312 1913 115
330 1864 551 1902 emendare
570 1865 612 1902 et
631 1863 784 1902 Mariae
805 1863 1012 1902 canticum
1029 1878 1037 1911 ;
1067 1866 1159 1902 tum
1177 1863 1540 1913 impugnationem
1556 1863 1722 1913 agnitae
1735 1863 1940 1911 veritatis,

330 1928 440 1979 quod
469 1928 625 1967 auditis
653 1929 800 1967 eodem
829 1928 894 1966 die
923 1928 1084 1967 duobus
1113 1928 1484 1976 concionatoribus,
1507 1928 1553 1966 in
1583 1941 1710 1967 coena
1739 1928 1939 1967 dixissem

331 1996 529 2033 neutrum
568 1993 671 2033 satis
712 1993 969 2032 intellexisse
1005 2008 1130 2033 suum
1164 1994 1315 2033 thema.
1375 1994 1477 2033 Erat
1516 1996 1657 2032 autem
1696 2008 1748 2032 ex
1789 1993 1940 2043 prioris

331 2059 529 2110 epistolae
567 2059 684 2098 Petri
720 2059 855 2109 capite
889 2059 953 2097 iiii
968 2073 978 2107 3
1013 2060 1179 2098 ‘Estote
1215 2060 1454 2110 prudentes
1485 2061 1528 2098 et
1561 2059 1733 2109 vigilate
1770 2059 1817 2098 in
1850 2072 1938 2098 ora-

331 2125 530 2174 tionibus,
553 2127 651 2163 ante
678 2125 820 2163 omnia
845 2128 986 2164 autem
1012 2125 1058 2163 in
1083 2124 1398 2175 vobismetipsis
1424 2124 1672 2163 charitatem
1696 2124 1940 2164 continuam

257 2208 316 2230 120
331 2191 561 2230 habentes.'
616 2190 701 2229 Hic
737 2191 849 2229 bona
887 2190 1098 2229 concionis
1143 2204 1238 2240 pars
1285 2192 1532 2240 consumpta
1563 2192 1626 2228 est
1662 2189 1708 2228 in
1750 2189 1941 2240 partibus

333 2256 589 2307 prudentiae,
622 2269 718 2295 cum
747 2257 901 2295 Graece
929 2256 985 2294 sit
1014 2257 1289 2306 σωφρονήσατε
1313 2269 1322 2304 ;
1352 2256 1460 2294 bona
1487 2255 1533 2293 in
1566 2253 1902 2305 ‘vobismetipsis
1915 2254 1936 2304 ³,

251 1551 313 1574 110

376 2369 431 2401 91.
457 2360 637 2391 Lutherus
653 2363 692 2393 E.
782 2360 881 2392 hisce
897 2371 941 2392 a:
964 2360 1023 2391 his
1038 2363 1075 2391 E.
1203 2370 1258 2400 94.
1282 2358 1612 2390 reuerendissimus
1627 2368 1672 2389 a:
1697 2356 1938 2388 reuerendiss.

334 2404 376 2436 D.
395 2407 446 2436 E:
469 2404 654 2435 Mattheus
669 2406 712 2435 H.
859 2405 911 2443 98.
937 2406 991 2435 est
1007 2415 1066 2436 om.
1082 2407 1119 2435 E.
1272 2413 1344 2434 101.
1367 2403 1524 2433 Domum
1540 2424 1550 2433 .
1568 2424 1576 2433 .
1597 2424 1605 2433 .
1626 2411 1699 2441 103.
1715 2403 1792 2432 erat
1807 2402 1882 2432 add.
1899 2403 1937 2432 F.

336 2457 406 2486 114.
435 2449 634 2479 orationem
651 2458 693 2479 a:
716 2448 960 2488 precationem
975 2450 1014 2480 F.
1062 2450 1106 2486 Cf.
1123 2451 1181 2486 Ep.
1200 2456 1276 2487 541.
1293 2448 1346 2479 86.

377 2578 432 2609 95.
458 2568 696 2609 Sedunensis]
714 2568 765 2600 Cf.
786 2568 850 2608 Ep.
868 2569 943 2608 584.
962 2577 1060 2607 23·5·

377 2622 430 2653 99.
455 2612 630 2653 mutasse]
671 2613 716 2643 In
749 2612 848 2643 Luke
883 2623 910 2644 1.
943 2620 1006 2651 55:
1043 2611 1105 2642 the

334 2656 463 2696 charge
480 2657 511 2687 is
527 2657 628 2696 quite
644 2655 809 2688 baseless.

1170 2567 1283 2607 1518),
1299 2566 1373 2597 and
1396 2567 1435 2596 in
1461 2566 1572 2597 Lond.
1595 2566 1682 2596 xxii.
1702 2575 1757 2605 31,
1781 2565 1852 2596 LB.
1872 2574 1940 2605 979

1168 2611 1269 2653 (1108
1285 2612 1375 2651 c-E).
1420 2610 1507 2641 This
1531 2609 1640 2640 latter
1660 2609 1749 2639 adds
1773 2609 1854 2639 that
1876 2609 1942 2639 the

1166 2654 1342 2694 preacher
1356 2663 1430 2684 was
1453 2653 1516 2684 the
1536 2653 1639 2683 Prior
1659 2653 1699 2683 of
1716 2652 1779 2683 the
1795 2651 1938 2683 Carme-

383 2709 455 2732 100.
480 2699 632 2740 Paulus]
651 2699 730 2731 Gal.
749 2709 781 2739 3.
802 2700 853 2731 16.

382 2752 452 2775 101.
480 2742 653 2784 codicem]
670 2743 745 2773 The
758 2742 907 2783 printed
921 2742 1011 2774 book
1027 2752 1035 2781 3
1059 2741 1104 2773 cf.

335 2786 360 2818 1.
381 2796 443 2826 142
459 2785 532 2817 and
549 2787 612 2826 Ep.
630 2796 706 2825 441.
729 2796 757 2819 1.

385 2840 458 2869 104.
483 2830 656 2871 κηρυκτὴς]
673 2830 727 2863 cf.
746 2830 812 2870 Ep.
828 2839 903 2869 541.
922 2831 964 2861 82
981 2838 1052 2868 seq.

385 2883 398 2902 1
407 2883 454 2905 10.
473 2873 721 2914 Garmelitam]
735 2874 821 2905 This
833 2873 978 2914 episode
989 2873 1020 2903 is
1031 2872 1106 2903 also

338 2916 474 2948 related
490 2917 530 2948 in
546 2927 633 2956 very
649 2917 789 2948 similar
801 2917 975 2957 language
991 2917 1030 2946 in
1044 2915 1106 2947 the

339 2962 440 2990 notes
466 2970 513 2991 on
543 2970 558 2991 1
592 2961 667 2992 Pet.
697 2971 729 3000 4.
763 2961 818 3001 7‚8
852 2960 929 3000 &the
960 2969 1106 3000 passage

339 3003 446 3043 being
462 3004 577 3034 added
592 3006 631 3035 In
648 3004 713 3035 the
729 3004 871 3035 edition
883 3004 921 3035 of
937 3013 1030 3043 1519,
1045 3002 1106 3033 the

339 3047 441 3078 notes
458 3048 496 3078 of
507 3047 630 3079 which
647 3056 738 3079 were
753 3047 952 3088 completed
963 3056 1007 3087 23
1016 3046 1106 3086 Aug.

1168 2699 1250 2728 lites
1273 2699 1310 2728 at
1332 2697 1508 2737 Antwerp
1525 2696 1586 2737 (cf.
1610 2696 1633 2728 l.
1655 2696 1745 2736 132),
1768 2695 1831 2726 the
1855 2695 1938 2727 date

1167 2741 1433 2780 Whitsunday3
1458 2740 1591 2780 clearly
1605 2749 1646 2780 31
1662 2739 1745 2778 May
1760 2748 1855 2779 1517,
1872 2739 1946 2770 the·

1168 2784 1255 2824 only
1276 2784 1524 2824 Whitsunday
1547 2793 1594 2815 on
1619 2782 1741 2814 which
1765 2782 1939 2814 Erasmus

1167 2827 1272 2859 could
1294 2829 1385 2859 have
1401 2828 1492 2859 been
1511 2828 1548 2858 at
1564 2828 1739 2866 Antwerp
1755 2827 1855 2857 since
1872 2825 1936 2856 the

1167 2881 1387 2912 appearance
1403 2871 1443 2902 of
1454 2871 1516 2902 the
1532 2873 1660 2901 Nouum
1672 2872 1934 2901 lustramentum.

1168 2915 1229 2946 Dr.
1243 2915 1290 2946 H.
1302 2914 1345 2946 de
1355 2914 1470 2946 Vocht
1482 2913 1613 2954 kindly
1624 2914 1776 2944 informs
1788 2922 1845 2943 me
1857 2912 1937 2944 that

1167 2959 1229 2989 the
1246 2959 1349 2989 Prior
1364 2968 1437 2989 was
1452 2957 1639 2990 Sebastian
1656 2957 1786 2996 Craeys
1804 2956 1836 2997 (1
1850 2956 1872 2986 J
1874 2955 1939 2996 uly

1171 3002 1368 3042 1502—†27
1391 3001 1467 3034 Oct.
1488 3002 1610 3042 1523);
1634 3010 1692 3031 see
1714 3000 1936 3037 Inscr.sune'r.

1169 3048 1205 3077 de
1220 3048 1252 3077 la
1262 3055 1348 3084 prov.
1366 3045 1400 3076 d·
1419 3048 1549 3085 Ant-ers,
1567 3055 1602 3076 v.
1614 3044 1738 3087 (1873)
1757 3052 1791 3084 p.
1809 3052 1886 3082 340.
