2034 3433
215 156 312 211 708]
1732 153 1812 192 135

703 210 797 250 708.
858 208 922 248 To
955 207 1106 249 PETER
1136 207 1323 251 GILLEs.

260 300 425 346 Farrago
444 313 478 346 p.
501 309 576 345 195.
1458 295 1632 330 Louvain.

258 359 298 396 F.
317 372 355 405 p.
374 369 463 405 330:
490 357 582 393 HN:
608 357 726 394 Lond.
744 356 805 391 vii.
825 365 890 402 35:
916 356 989 392 LB.
1008 356 1103 401 App.
1122 357 1203 401 386.
1328 366 1370 390 10
1387 353 1592 390 November
1610 353 1762 400 (1517).

624 438 689 480 [In
705 446 880 477 sequence
896 438 985 469 with
1006 439 1094 479 Epp.
1115 448 1190 477 702,
1211 446 1285 476 712,
1304 436 1396 476 715.]

582 524 790 555 ERASMVS
822 524 965 554 PETRO
995 524 1187 556 AEGIDIO
1219 524 1302 555 SVO
1333 524 1367 555 S.
1395 525 1436 553 D.

266 608 379 648 Op‘ro
411 606 572 658 parenti
602 605 676 643 tuo
707 603 866 654 optimo
898 604 940 642 id
972 605 1080 655 quod
1113 608 1179 643 est
1209 607 1429 656 optimum.
1491 606 1653 645 Iterum
1685 609 1810 657 atque

210 675 364 713 iterum
390 676 431 712 te
458 685 568 722 rogo,
592 669 833 709 charissime
861 668 995 717 Petre,
1023 672 1070 708 vt
1100 671 1209 719 quod
1236 671 1389 709 mutari
1416 684 1501 709 non
1529 673 1675 721 potest,
1702 671 1809 711 feras

210 741 318 777 certe
346 739 568 784 moderate,
592 749 673 774 neu
699 737 739 773 te
765 734 960 772 conficias
985 734 1136 783 dolore,
1159 736 1239 774 tibi
1267 736 1480 784 exitiabili,
1509 737 1595 775 tuis
1622 737 1740 786 graui
1767 740 1808 775 et

208 805 364 851 acerbo,
388 803 495 841 mihi
514 802 709 850 Moroque
730 799 1007 838 acerbissimo.
1052 800 1179 839 Serua
1198 803 1240 839 te
1259 801 1349 848 tibi,
1374 815 1493 840 serua
1513 803 1554 840 te
1572 802 1667 849 tuis,
1690 815 1809 840 serua

209 872 249 908 te
278 869 402 908 rebus
429 866 767 918 prosperioribus.
829 865 926 904 Siue
953 867 1071 915 pater
1099 867 1163 904 est
1192 866 1415 905 incolumis
1446 866 1535 905 siue
1563 880 1689 915 secus,
1722 868 1807 906 scio
1826 874 1844 906 5

208 938 248 973 te
267 935 451 985 grauiter
471 931 668 982 occupari,
691 944 775 969 non
793 930 908 968 luctu
930 929 1067 968 solum
1086 931 1362 969 verumetiam
1382 931 1574 981 negociis.
1625 932 1807 970 Proinde

209 1013 261 1038 ne
281 1000 380 1050 quid
401 1013 450 1038 ex
476 999 581 1037 meis
608 997 734 1035 etiam
761 995 936 1043 accedat,
959 995 1058 1033 misi
1084 995 1281 1034 Iacobum
1305 1009 1460 1045 meum,
1482 999 1529 1036 vt
1549 997 1657 1046 quod
1677 997 1805 1036 habes

208 1079 347 1103 rerum
377 1077 567 1103 mearum
594 1063 674 1101 huc
699 1060 896 1100 adducat:
931 1061 966 1099 si
994 1061 1092 1111 quid
1121 1061 1199 1099 tibi
1225 1063 1362 1111 potest
1385 1075 1472 1101 esse
1498 1062 1602 1110 vsui,
1633 1063 1743 1109 tolle,
1765 1065 1807 1101 et

207 1130 339 1169 scribe
366 1129 466 1179 quid
494 1126 725 1167 sustuleris.
784 1126 922 1176 Atque
940 1125 1104 1164 vtinam
1131 1139 1295 1165 summa
1322 1128 1513 1165 omnium
1542 1141 1645 1177 quae
1674 1128 1804 1166 habeo

206 1196 335 1245 patris
353 1197 549 1244 tuamque
568 1192 746 1231 salutem
766 1204 916 1241 queam
935 1190 1160 1230 redimere!
1207 1191 1427 1231 Venissem
1448 1192 1547 1242 ipse,
1571 1193 1642 1231 sed
1661 1195 1804 1231 metuo
1828 1201 1868 1222 10

206 1261 414 1309 pituitam,
435 1262 477 1297 et
505 1272 600 1297 sum
627 1257 673 1295 in
702 1256 959 1295 restituendo
989 1256 1108 1295 Nouo
1136 1257 1403 1296 Testamento
1433 1259 1560 1296 totus.
1620 1259 1662 1297 A
1689 1258 1805 1296 Moro

207 1326 325 1364 binas
353 1325 489 1375 accepi
517 1323 670 1362 literas.
731 1321 838 1360 Oura
867 1323 915 1360 vt
942 1321 1079 1360 valeas
1109 1323 1149 1360 et
1176 1324 1218 1360 te
1247 1322 1398 1360 fortem
1427 1323 1566 1361 virum
1594 1323 1801 1373 praebeas.

206 1390 250 1429 Si
270 1390 370 1440 quid
389 1389 468 1428 erit
486 1390 531 1427 in
552 1402 632 1439 quo
652 1387 731 1426 tibi
756 1400 904 1436 queam
924 1387 1055 1425 facere
1080 1389 1260 1437 gratum,
1281 1388 1407 1427 facito
1427 1389 1658 1438 periculum
1681 1402 1734 1428 an
1754 1402 1804 1427 ex

207 1455 346 1494 animo
365 1457 407 1493 te
428 1455 612 1504 diligam.
673 1453 858 1492 Louanii.
880 1453 1012 1502 pridie
1031 1452 1215 1491 Martini.

586 1584 776 1639 700709716
836 1582 968 1624 FROM
1000 1583 1152 1624 JAMES
1186 1584 1422 1625 BANrsms.

252 1678 416 1722 Farrago
434 1689 471 1722 p.
493 1677 569 1719 167.
1464 1673 1655 1720 Antwerp.

252 1736 290 1773 F.
309 1748 343 1781 p.
364 1746 454 1781 309:
483 1733 576 1769 HN:
602 1733 718 1769 Lond.
738 1732 783 1769 vi.
803 1743 870 1777 34:
896 1732 969 1767 Lss.
990 1742 1069 1776 277.
1370 1742 1410 1767 12
1429 1731 1638 1768 November
1658 1742 1758 1778 1517.

319 1832 512 1864 IACOBVS
545 1830 757 1861 BANISIVS
788 1829 1057 1861 CAESAREAE
1087 1829 1361 1858 MAIESTATIS
1395 1829 1425 1858 A
1455 1829 1681 1860 CONSILIIS

726 1899 907 1929 ERASMO
938 1898 1158 1929 ROTEROD.
1184 1899 1219 1928 S.
1245 1898 1285 1928 D.

258 1984 515 2022 REVERENDE
530 1984 572 2020 et
586 1981 932 2019 excellentissime
948 1981 1118 2019 domine
1129 1981 1383 2029 honorande,
1396 1983 1801 2021 commendationem

202 2049 439 2097 plurimam.
496 2047 689 2086 Grauiter
713 2047 885 2085 aduersa
904 2046 1144 2085 valetudine
1169 2059 1358 2096 pressum
1385 2049 1428 2085 et
1454 2061 1528 2086 nec
1557 2048 1641 2086 mei
1668 2048 1802 2098 ipsius

202 2116 434 2164 compotem
463 2113 726 2151 offenderunt
756 2125 824 2150 me
852 2111 1181 2150 humanissimae
1210 2112 1353 2150 literae
1384 2115 1502 2151 tuae:
1533 2113 1624 2151 ideo
1653 2114 1704 2152 ad
1734 2127 1802 2151 eas

202 2182 243 2218 et
262 2179 419 2217 tardius
437 2180 478 2216 et
497 2191 625 2216 manu
644 2177 779 2215 aliena
798 2177 1036 2226 respondeo.
1086 2177 1171 2215 Nec
1191 2180 1253 2215 est
1271 2191 1344 2215 cur
1363 2178 1443 2216 sibi
1462 2179 1544 2227 ipsi
1564 2181 1798 2217 succenseat

190 2244 313 2294 *quod
333 2257 401 2282 me
417 2243 527 2282 vltro
546 2242 784 2281 venientem
803 2241 966 2280 auidius
986 2254 1071 2279 non
1091 2241 1145 2279 sit
1164 2242 1378 2291 complexa
1398 2242 1464 2280 hic
1484 2243 1772 2292 Antuuerpiae
1790 2257 1799 2291 ;
1819 2262 1838 2294 5

204 2309 394 2348 exhibuit
412 2308 526 2347 enim
552 2321 593 2346 se
616 2307 743 2345 nimis
761 2306 924 2344 facilem
951 2320 1045 2356 erga
1068 2320 1146 2354 me,
1168 2309 1207 2344 et
1230 2320 1396 2357 compos
1416 2308 1503 2345 voti
1523 2321 1635 2345 eram
1655 2309 1798 2346 simul-

202 2377 326 2425 atque
353 2374 540 2414 videram
569 2385 693 2422 quem
723 2372 1028 2421 desyderabam.
1090 2371 1209 2410 Sensi
1237 2374 1377 2410 autem
1408 2375 1507 2410 tunc
1540 2387 1624 2411 non
1652 2386 1799 2423 parum

200 2440 470 2490 impudenter
498 2451 565 2476 me
595 2437 739 2486 egisse,
771 2437 880 2486 quod
912 2437 1050 2475 virum
1079 2438 1291 2475 tantorum
1321 2437 1554 2475 studiorum
1586 2440 1627 2476 et
1659 2440 1798 2477 tantae

201 2505 451 2554 disciplinae,
484 2516 569 2541 non
607 2503 863 2552 praetentato
896 2502 1002 2540 vado
1040 2503 1080 2539 et
1113 2502 1246 2551 magis
1282 2502 1479 2551 religiose,
1513 2503 1584 2541 sed
1617 2503 1796 2553 quadam

198 2570 329 2608 aulica
356 2568 590 2608 temeritate
618 2567 884 2617 interpellare
907 2579 1033 2605 ausus
1061 2567 1222 2605 fuerim.
1284 2567 1360 2605 Sed
1386 2568 1428 2605 id
1457 2567 1651 2606 auiditati
1677 2568 1795 2618 (quae
1818 2587 1859 2608 10

198 2647 264 2672 me
284 2635 352 2673 vel
376 2647 427 2672 ex
453 2633 604 2674 intimo
630 2633 726 2671 sinu
746 2632 920 2682 Illyrico
947 2645 1039 2670 meo
1065 2632 1271 2681 traxisset)
1291 2633 1430 2682 potius
1453 2647 1576 2682 quam
1596 2634 1793 2672 instituto

198 2699 414 2738 adscribat.
486 2698 712 2748 Cupiebam
743 2698 856 2736 enim
890 2697 1015 2736 illum
1048 2711 1171 2747 quem
1205 2698 1355 2736 absens
1386 2699 1519 2737 veluti
1552 2712 1710 2737 numen
1743 2699 1795 2738 ob

198 2763 467 2803 excellentem
499 2763 730 2802 doctrinam
764 2762 959 2809 colebam,
989 2762 1207 2813 aliquando
1241 2776 1434 2812 praesens
1467 2763 1701 2814 (postquam
1733 2765 1795 2802 fas

200 2830 302 2878 erat)
330 2828 511 2876 intueri3
554 2830 594 2866 et
625 2829 764 2866 omnis
792 2842 907 2867 mora
935 2828 1042 2866 mihi
1070 2828 1296 2877 periculosa
1323 2828 1552 2868 videbatur.
1614 2829 1794 2868 Proinde

443 2961 516 2992 708.
544 2969 594 2992 12.
621 2960 760 3000 literas]
779 2960 868 2999 Epp.
886 2961 950 2998 683
967 2960 1039 2990 and
1055 2960 1130 2990 688.

442 3004 515 3034 709.
542 3014 572 3042 4.
597 3003 818 3044 succenseat]
835 3013 875 3035 sc.
893 3003 1093 3034 dominatio
1110 3005 1196 3041 tua;
1221 3003 1262 3034 cf.
1282 3003 1318 3034 ll.
1341 3004 1388 3038 18,
1409 3013 1460 3042 25,
1481 3004 1530 3033 26.
