2034 3433
105 170 205 225 858]
676 174 747 213 TO
784 174 942 213 PAUL
979 174 1124 213 VOLZ
1613 174 1693 213 377

104 277 310 327 Sabbato,'
329 281 415 327 etc,
437 279 509 317 sed
537 278 653 317 iuxta
680 278 838 317 Christi
867 278 1090 317 consilium
1117 279 1240 327 dicat,
1261 280 1302 316 et
1327 277 1435 316 dicat
1465 290 1513 316 ex
1539 277 1692 325 animo,
1716 278 1776 319 585

102 343 214 382 dicat
241 343 333 392 sibi,
356 357 441 383 non
466 344 560 383 aliis
585 343 723 390 modo,
748 346 756 362 ⁴
772 343 926 382 Seruus
947 344 1113 382 inutilis
1133 357 1253 382 sum:
1282 343 1391 393 quod
1418 343 1543 381 debui
1567 343 1695 381 facere

105 408 213 447 feci.'
269 409 402 448 Nemo
421 409 560 448 verius
587 409 682 447 fidit
707 422 830 459 quam
858 410 929 459 qui
948 410 1008 447 sic
1028 409 1189 448 diffidit.
1249 408 1380 447 Nemo
1399 408 1562 457 longius
1581 407 1695 446 abest

104 486 130 511 a
149 487 246 513 vera
266 475 465 524 religione
485 488 609 524 quam
630 475 701 523 qui
721 475 799 512 sibi
818 474 935 513 valde
949 475 1115 513 videtur
1131 473 1361 524 religiosus.
1411 473 1495 511 Nec
1511 485 1694 523 vnquam

105 540 223 588 peius
249 541 387 589 agitur
415 553 510 578 cum
539 540 689 589 pietate
716 539 953 578 Christiana
972 552 1095 589 quam
1121 552 1216 577 cum
1243 539 1351 588 quod
1378 540 1440 576 est
1467 538 1615 576 mundi
1643 537 1694 576 ad

106 604 320 643 Christum
338 606 614 654 detorquetur,
631 618 807 655 cumque
822 604 1043 643 hominum
1058 605 1259 642 autoritas
1273 603 1439 641 diuinae
1454 603 1691 652 praefertur.
1714 613 1777 645 590

107 668 159 708 In
196 683 329 708 vnum
359 670 464 708 illud
494 671 618 720 caput
645 670 931 719 conspiremus
960 671 1130 719 oportet,
1161 670 1197 707 si
1226 682 1321 707 vere
1349 669 1577 707 Christiani
1606 680 1696 706 esse

104 735 309 773 volumus.
368 733 510 783 Porro,
543 735 616 785 qui
649 735 699 773 ad
733 735 949 774 Christum
983 735 1148 773 vocanti
1181 734 1343 772 homini
1371 736 1496 783 paret,
1530 733 1696 773 Christo

106 802 231 849 paret,
255 814 341 839 non
367 800 544 839 homini.
602 800 658 838 Et
686 800 758 850 qui
785 800 945 838 fucatos
973 800 1174 847 homines,
1201 812 1347 837 saeuos
1371 801 1412 837 et
1438 799 1692 849 imperiosos,

107 876 192 901 non
211 863 403 902 docentes
421 876 467 901 ea
483 876 586 913 quae
604 863 758 902 faciant
777 863 827 901 ad
847 863 1094 912 religionem
1112 862 1183 900 sed
1204 862 1253 900 ad
1274 874 1394 900 suam
1414 861 1692 911 tyrannidem,

106 929 263 977 tolerat,
285 929 321 966 is
350 928 635 967 Christianam
665 931 844 978 praestat
872 928 1129 978 patientiam,
1153 927 1277 965 modo
1306 939 1409 976 quae
1436 927 1694 976 praecipiunt
1714 935 1775 967 595

102 993 395 1032 calamitosum
414 994 571 1033 faciant
589 996 765 1042 tantum,
784 1007 868 1032 non
889 994 1018 1032 etiam
1037 992 1228 1042 impium.
1284 992 1458 1041 Alioqui
1478 992 1697 1030 conueniet

106 1059 396 1109 Apostolicum
433 1059 537 1098 illud
576 1072 819 1108 responsum
858 1058 1010 1097 habere
1048 1058 1094 1096 in
1131 1060 1355 1108 promptu:
1404 1057 1491 1095 Deo
1530 1056 1695 1095 obedire

104 1126 268 1174 oportet
287 1125 426 1174 potius
447 1137 570 1174 quam
589 1124 849 1163 hominibus.

161 1189 241 1228 Sed
275 1190 359 1228 iam
387 1190 545 1228 dudum
573 1190 837 1239 epistolarem
866 1189 1039 1228 modum
1069 1188 1332 1235 excessimus,
1358 1188 1458 1226 adeo
1485 1201 1560 1226 nos
1588 1187 1698 1225 fallit

106 1259 270 1305 tempus
292 1268 387 1293 cum
415 1255 548 1293 amico
574 1255 825 1293 suauissimo
850 1253 1152 1292 iucundissime
1172 1252 1513 1291 confabulanteis.
1571 1252 1698 1290 Liber
1714 1252 1777 1284 600

107 1319 378 1358 Frobenianis
397 1320 592 1358 formulis
611 1320 743 1358 veluti
763 1321 929 1358 renatus
951 1319 1164 1368 multoque
1184 1331 1306 1368 quam
1327 1319 1446 1356 antea
1464 1318 1638 1356 nitidior
1655 1320 1697 1355 et

101 1385 363 1423 emendatior
408 1385 455 1423 in
502 1387 623 1423 tuum
671 1385 808 1424 sinum
857 1384 1034 1423 aduolat.
1098 1383 1275 1422 Adiecta
1321 1384 1419 1421 sunt
1466 1383 1699 1432 fragmenta

107 1450 307 1500 quaedam
345 1453 534 1488 veterum
572 1450 807 1489 studiorum
845 1452 1093 1488 nostrorum.
1152 1448 1302 1486 Visum
1341 1449 1404 1486 est
1441 1450 1581 1486 autem
1617 1447 1696 1486 tibi

105 1515 375 1564 potissimum
397 1516 476 1553 hoc
504 1515 701 1565 quicquid
720 1518 784 1553 est
802 1514 1022 1553 aeditionis
1041 1514 1276 1562 adiungere,
1298 1514 1345 1551 vt
1366 1513 1436 1562 qui
1455 1525 1505 1551 ex
1526 1513 1698 1551 Erasmo

105 1583 215 1619 recte
243 1581 415 1620 viuendi
445 1581 752 1631 praeceptiones
775 1580 1012 1631 sumpserit,
1035 1592 1059 1617 a
1078 1578 1221 1617 Volzio
1239 1578 1430 1628 protinus
1448 1577 1499 1616 ad
1523 1590 1696 1617 manum
1713 1579 1774 1620 605

104 1646 256 1684 habeat
293 1647 543 1697 exemplum.
604 1647 718 1685 Bene
757 1646 858 1694 vale,
891 1646 1016 1684 Pater
1053 1644 1209 1695 optime
1245 1656 1292 1682 ac
1329 1656 1448 1681 verae
1485 1643 1698 1693 religionis

103 1711 312 1750 eximium
332 1712 466 1750 decus.

159 1777 353 1815 Admone
393 1776 592 1827 Sapidum
632 1776 738 1815 meis
770 1775 909 1814 verbis
937 1776 983 1812 vt
1015 1774 1096 1813 sibi
1126 1786 1222 1812 vere
1258 1773 1400 1823 sapiat,
1433 1773 1510 1811 hoc
1539 1774 1601 1810 est
1630 1772 1696 1810 sui

105 1842 260 1880 similis
280 1855 369 1881 esse
388 1844 532 1892 pergat
553 1856 563 1889 ;
592 1840 973 1891 Vuimphelingum
991 1842 1037 1878 vt
1062 1840 1233 1878 adornet
1259 1839 1327 1887 τὴν
1355 1838 1578 1885 πανοπλίαν,
1600 1850 1697 1876 mox

106 1919 201 1945 cum
219 1907 366 1946 Turcis
391 1907 671 1954 conflicturus,
695 1904 1030 1956 quandoquidem
1055 1905 1142 1942 iam
1170 1904 1271 1942 satis
1300 1903 1373 1942 diu
1402 1902 1561 1941 bellum
1589 1902 1695 1951 gerit
1714 1905 1778 1936 610

103 1985 202 2010 cum
230 1972 511 2010 sacerdotibus
540 1971 857 2011 concubinariis.
919 1970 1021 2019 Spes
1047 1971 1109 2007 est
1134 1969 1220 2007 fore
1248 1971 1294 2007 vt
1323 1968 1446 2006 illum
1476 1967 1696 2016 aliquando

106 2037 322 2075 videamus
350 2037 600 2087 episcopum,
626 2037 753 2074 mitra
775 2036 936 2074 bicorni
960 2035 1144 2084 pedoque
1170 2034 1450 2083 conspicuum,
1474 2033 1696 2071 sublimem

108 2102 223 2140 mula
242 2102 350 2141 vehi.
409 2101 489 2140 Sed
508 2104 624 2140 extra
643 2102 792 2149 iocum,
816 2103 857 2139 et
876 2101 952 2139 hos
969 2103 1011 2139 et
1031 2100 1238 2138 Ruserum
1259 2101 1520 2147 caeterosque
1545 2097 1698 2136 amicos

106 2180 200 2206 meo
219 2167 390 2205 nomine
409 2167 593 2205 multum
612 2167 770 2205 saluere
789 2165 964 2204 iubebis.
1024 2165 1189 2203 Erasmi
1207 2164 1271 2202 tui
1291 2164 1467 2202 salutem
1483 2163 1696 2201 interdum

107 2233 224 2282 puris
245 2232 354 2270 votis
375 2232 538 2281 piisque
557 2231 746 2281 precibus
766 2231 934 2270 Christo
955 2230 1046 2279 Opt.
1071 2230 1175 2268 Max.
1200 2229 1497 2267 commendato.
1714 2231 1776 2273 615

161 2297 360 2344 Basileae,
383 2297 518 2347 pridie
536 2296 725 2346 Virginis
743 2296 890 2334 matris
908 2297 1154 2344 assumptae.
1214 2295 1295 2332 An.
1316 2306 1405 2331 Ma).
1424 2305 1547 2332 XVIII.

152 2427 229 2457 594.
261 2417 399 2447 faciunt
422 2418 463 2447 H.
623 2416 698 2453 605.
732 2414 851 2445 Volsio
874 2413 920 2448 5².
1082 2413 1157 2451 609.
1190 2414 1270 2444 aH:
1300 2411 1637 2451 Vuimphelingium
1660 2411 1695 2445 B.

108 2461 185 2491 611.
212 2459 457 2491 sacerdotibus
473 2462 549 2490 adel.
569 2461 611 2490 H.

153 2583 228 2622 586.
256 2581 402 2621 Seruus]
427 2581 477 2613 Cf.
496 2581 595 2612 Luke
614 2590 663 2619 17.
686 2590 736 2611 ιο.
939 2578 1029 2618 plies
1054 2580 1090 2608 to
1114 2575 1293 2608 Erasmus'
1316 2578 1593 2614 Disputatiuncuza
1618 2577 1696 2616 (Ep.

154 2636 228 2665 597.
254 2624 516 2665 Apostolicum]
540 2625 626 2655 Acts
642 2632 673 2661 5.
692 2633 744 2663 29.
941 2632 1021 2653 110:
1063 2621 1106 2652 cf.
1145 2622 1209 2660 Ep.
1247 2620 1307 2651 108
1345 2619 1495 2651 introd.s
1531 2619 1602 2649 and
1638 2620 1698 2651 the

152 2671 227 2700 601.
254 2668 419 2709 nitidior]
447 2668 520 2699 The
543 2668 744 2707 signatures
772 2666 871 2697 show
937 2665 1154 2696 translation
1178 2665 1269 2694 from
1293 2663 1391 2694 Basil
1416 2663 1494 2703 (Ep.
1516 2664 1606 2702 229).

109 2713 189 2744 that
223 2712 285 2743 the
322 2712 411 2742 book
441 2722 514 2742 was
548 2710 695 2749 already
725 2709 870 2750 printed
981 2710 1054 2739 611.
1074 2707 1356 2747 concubinariis]
1372 2707 1458 2737 This
1470 2708 1699 2745 controversy

110 2757 215 2787 when
237 2755 312 2786 this
336 2755 475 2794 preface
496 2764 570 2785 was
590 2755 749 2785 written.
796 2754 870 2784 The
938 2752 1010 2782 had
1040 2753 1157 2791 begun
1189 2751 1281 2781 with
1311 2750 1374 2781 the
1407 2750 1632 2790 publication
1663 2749 1702 2780 of

109 2799 285 2839 colophon
311 2798 454 2838 implies
475 2798 539 2829 the
560 2808 679 2836 same3
702 2798 766 2828 but
787 2797 870 2827 Fro-
937 2795 1204 2835 wimpfeling’s
1225 2797 1268 2824 De
1290 2796 1470 2833 integritate,
1496 2793 1696 2833 Strasburg,

110 2843 209 2874 ben’s
231 2843 340 2873 letter
367 2842 404 2873 of
428 2842 709 2873 advertisement
735 2850 781 2871 on
809 2840 871 2871 the
938 2839 971 2870 J.
1006 2837 1228 2876 Knoblouch,
1262 2847 1282 2876 5
1316 2836 1439 2868 March
1479 2845 1572 2875 1505.
1635 2836 1698 2867 See

111 2886 304 2927 preceding
320 2885 392 2915 leaf
405 2887 436 2916 is
451 2885 559 2915 dated
577 2894 616 2924 19
632 2885 721 2924 Aug.
744 2885 839 2923 1518.
941 2882 1106 2912 Schmidt
1137 2881 1160 2912 i.
1193 2890 1234 2920 52
1270 2890 1341 2920 seq.
1385 2879 1457 2911 and
1498 2879 1699 2920 Knepper's

153 2931 228 2961 602.
256 2927 471 2969 fragmenta]
488 2928 562 2959 The
574 2928 660 2967 only
672 2937 752 2958 new
764 2928 872 2958 items
943 2927 1148 2964 Wimpselinq,
1175 2924 1230 2955 ch.
1255 2925 1285 2954 6.

111 2975 151 3005 in
175 2973 237 3004 the
260 2972 405 3003 volume
428 2981 488 3003 are
513 2981 579 3003 one
602 2971 641 3002 of
663 2971 792 3002 Colet's
818 2981 871 3001 re·
982 2970 1058 3008 613.
1084 2967 1276 3008 Ruserum]
1294 2967 1357 2998 See
1373 2977 1406 3006 p.
1428 2967 1478 2998 18.
