2034 3433
139 154 235 208 714]
521 157 591 196 TO
632 157 868 197 GERARD
907 158 1344 199 GELDENHAUER
1650 163 1726 202 145

136 259 276 298 solum
294 259 490 299 hortator.
551 260 670 299 Nihil
695 263 756 300 est
784 261 918 300 Neuio
940 275 1033 302 meo
1055 262 1101 301 in
1120 263 1195 302 hac
1215 263 1421 302 academia
1439 263 1504 302 vel
1525 265 1726 304 eruditius

135 325 202 364 vel
234 325 387 364 melius
422 326 485 364 vel
519 325 710 365 festinius
743 326 809 365 vel
845 327 1020 378 denique
1051 329 1277 378 syncerius,
1314 342 1389 367 nec
1422 343 1605 380 vnquam
1638 330 1726 370 vixi

135 390 269 440 magis
289 403 339 428 ex
359 391 491 428 animi
510 391 593 430 mei
610 392 829 431 sententia.

189 456 302 495 Bene
321 456 412 495 vale
431 456 606 495 Louanii
632 459 679 494 16
701 456 867 497 Oalend.
892 457 1083 496 Decemb.

623 582 719 621 715.
779 580 843 622 ΤΟ
873 580 1024 622 PETER
1055 581 1234 624 GILLES.

184 669 436 716 Copenhagen
456 669 532 706 MS.
553 669 594 706 Gr.
614 671 658 706 K.
677 671 713 705 S.
732 679 773 715 95
796 669 887 714 F01.‚
906 670 930 705 f.
949 672 1027 715 238.
1346 672 1520 709 Louvain.

184 728 222 764 F.
240 740 278 774 p.
299 730 387 774 654:
414 729 505 764 HN:
534 728 652 764 Lond.
669 727 756 764 xvii.
778 737 840 771 17:
867 729 938 763 LB.
956 738 1036 774 495.
1190 728 1243 775 (c.
1266 732 1306 766 16
1324 730 1531 768 November
1552 732 1674 778 1517.)

183 807 256 848 [An
284 809 479 849 autograph
505 809 616 849 rough
640 809 757 847 draft;
780 809 899 849 partly
924 808 1139 849 reproduced
1164 809 1247 841 here
1275 811 1313 842 in
1339 811 1524 844 facsimile.
1572 813 1639 844 For
1661 813 1724 845 the

137 852 375 891 Copenhagen
392 853 612 892 manuscript
628 862 686 883 see
702 852 794 892 App.
814 861 864 891 13.

179 895 227 927 Of
251 896 416 926 Nicholas
441 896 554 927 Gilles
576 896 620 937 (c.
647 897 786 934 1438-
802 896 890 927 Nov.
920 896 1019 935 1517)
1043 896 1139 927 little
1162 907 1275 928 seems
1299 900 1335 929 to
1361 899 1403 929 be
1426 900 1557 930 known
1583 900 1723 932 outside

137 938 318 970 Erasmus’
334 939 648 979 correspondence.
696 939 752 969 He
772 939 857 969 held
879 939 942 970 the
964 939 1058 971 office
1081 940 1119 971 of
1136 942 1265 972 second
1286 943 1462 973 treasurer
1483 944 1520 974 of
1538 944 1720 983 Antwerp,

136 982 208 1013 and
231 992 304 1014 was
327 983 411 1014 thus
433 993 453 1014 a
477 984 636 1013 member
658 983 695 1013 of
717 983 780 1013 the
804 992 966 1022 supreme
989 984 1221 1023 magistracy3
1246 994 1301 1016 see
1324 986 1424 1016 Britz
1441 987 1479 1016 in
1497 987 1606 1019 MSH.
1629 988 1721 1027 1864,

136 1035 195 1099 ἕρ.
232 1026 338 1110 181,]2.
396 1026 482 1057 This
511 1026 726 1066 interesting
763 1026 890 1066 eulogy
920 1036 992 1057 was
1021 1027 1254 1068 presumably
1284 1029 1428 1060 written
1464 1030 1604 1070 shortly
1634 1030 1725 1062 after

166 1079 201 1109 p.
228 1079 300 1110 712.

449 1140 652 1170 ERASMVS
683 1140 781 1173 ROT.
805 1140 949 1171 PETRO
979 1141 1167 1172 AEGIDIO
1198 1142 1279 1171 SVO
1310 1142 1343 1173 S.
1369 1143 1411 1173 D.

191 1221 528 1270 QVANDOQVIDEM
552 1221 595 1259 in
622 1221 743 1260 rebus
768 1221 965 1260 humanis
990 1222 1090 1260 adeo
1117 1222 1227 1260 nihil
1256 1225 1317 1261 est
1341 1226 1586 1274 perpetuum
1610 1226 1655 1263 vt
1674 1238 1726 1263 ne

137 1285 380 1325 diuturnum
400 1286 567 1336 quidem
587 1287 742 1337 aliquid
765 1299 852 1325 esse
872 1287 1014 1336 possit,
1038 1301 1123 1326 non
1146 1287 1316 1337 perinde
1335 1288 1569 1328 discruciari
1590 1289 1720 1338 debes,

136 1351 291 1401 optime
313 1352 447 1400 Petre‚
471 1351 580 1401 quod
604 1353 764 1401 patrem
787 1351 973 1390 amiseris
1002 1365 1126 1402 quam
1149 1352 1346 1402 gratulari
1374 1354 1451 1392 tibi
1471 1355 1578 1404 quod
1598 1356 1725 1394 talem

135 1416 339 1455 habueris.
399 1417 532 1465 Queso
554 1418 607 1464 te,
637 1417 858 1455 circumfer
886 1417 1026 1456 oculos
1053 1419 1147 1456 tuos
1175 1431 1248 1467 per
1278 1432 1421 1458 omnes
1450 1420 1629 1459 familias
1656 1422 1726 1459 tue

134 1480 327 1530 ciuitatis,
352 1495 396 1520 ac
419 1481 601 1531 teipsum
627 1483 796 1521 consule
820 1495 925 1521 num
948 1482 1077 1521 alium
1100 1485 1261 1532 patrem
1282 1483 1359 1521 tibi
1386 1484 1560 1534 deligere
1585 1485 1723 1534 velles,

134 1546 302 1586 etiamsi
340 1547 432 1598 quis
469 1547 571 1586 deus
614 1548 692 1586 hoc
729 1547 949 1598 largiretur
985 1549 1033 1586 vt
1069 1547 1231 1587 liceret:
1278 1551 1349 1587 aut
1387 1563 1460 1600 ego
1498 1550 1619 1589 fallor
1656 1553 1727 1590 aut

135 1626 221 1652 non
250 1612 379 1652 alium
406 1615 570 1663 optares
598 1613 675 1651 tibi
703 1626 828 1663 quam
857 1613 1041 1663 contigit.
1103 1613 1157 1652 Et
1185 1613 1257 1652 ille
1285 1615 1422 1664 potest
1450 1615 1561 1654 inter
1587 1616 1727 1655 felices

135 1679 355 1726 numerari,
392 1678 426 1716 si
460 1678 553 1728 quis
586 1679 757 1717 omnino
790 1678 890 1717 felix
928 1681 989 1717 est
1028 1679 1072 1716 in
1111 1678 1185 1717 hac
1222 1679 1319 1719 vita.
1376 1680 1420 1718 Si
1457 1681 1626 1720 beatum
1665 1685 1727 1721 est

135 1740 204 1779 diu
232 1740 383 1790 viuere,
410 1743 654 1790 peruenerat
687 1741 757 1780 ille
787 1755 918 1792 vsque
951 1741 1002 1780 ad
1032 1755 1191 1780 annum
1219 1743 1528 1793 octogesimum,
1555 1745 1728 1795 integris

134 1806 349 1854 membris,
377 1806 618 1856 vigentibus
651 1806 785 1845 adhuc
820 1806 960 1855 oculis,
992 1809 1037 1845 vt
1065 1820 1138 1845 nec
1168 1807 1348 1857 scipione
1376 1822 1450 1847 nec
1479 1810 1728 1860 conspicillis

138 1870 372 1910 ocularibus
389 1873 496 1910 esset
512 1885 630 1921 opus,
646 1872 718 1911 vix
737 1871 873 1922 prima
893 1871 1069 1911 canicies
1084 1875 1242 1922 ceperat
1261 1873 1503 1923 capillorum
1519 1875 1727 1925 nigrorem

136 1948 378 1986 aspergere:
419 1938 459 1975 et
489 1937 598 1987 quod
632 1939 693 1975 est
726 1937 915 1975 omnium
948 1937 1244 1984 felicissimum,
1282 1939 1632 1988 quemadmodum
1665 1942 1727 1979 est

136 2001 410 2049 rarissimum,
459 2004 571 2040 totus
615 2001 679 2040 illi
720 2002 934 2041 constabat
974 2002 1149 2041 animus.
1228 2003 1346 2051 Quod
1391 2004 1426 2042 si
1469 2005 1727 2044 fortunatum

140 2067 202 2104 est
217 2065 339 2104 bonis
355 2066 503 2106 auibus
518 2067 657 2105 sortiri
672 2067 925 2117 coniugium,
941 2070 981 2106 et
1001 2067 1078 2106 hoc
1092 2068 1156 2105 illi
1171 2068 1234 2106 bis
1253 2069 1446 2107 successit
1462 2084 1471 2117 ;
1499 2071 1726 2109 secundum

138 2132 278 2169 autem
304 2131 381 2169 hoc
408 2131 489 2170 fuit
515 2131 675 2170 felicius
701 2133 809 2181 quod
833 2133 991 2182 optimo
1019 2132 1110 2171 viro
1132 2134 1195 2171 tot
1220 2133 1370 2173 liberos
1393 2135 1570 2184 optimos
1590 2135 1726 2174 dedit:

140 2209 162 2234 e
182 2195 331 2245 quibus
352 2197 436 2234 tam
458 2196 613 2234 multos
632 2197 736 2234 vidit
756 2210 841 2235 non
859 2197 982 2235 modo
1001 2198 1242 2246 superstites
1260 2211 1404 2236 verum
1424 2200 1548 2238 etiam
1567 2200 1728 2239 adultos

139 2266 283 2298 omnes
303 2261 344 2298 et
365 2261 416 2298 ad
437 2260 617 2311 aliquem
638 2261 859 2300 honestum
878 2262 961 2301 vite
981 2262 1154 2311 gradum
1173 2264 1402 2311 prouectos.

194 2325 250 2363 Et
283 2325 634 2375 quemadmodum
672 2326 760 2375 ipse
796 2326 854 2364 sic
890 2327 1129 2365 vniuersam
1166 2329 1317 2365 etatem
1355 2328 1439 2377 egit
1474 2329 1582 2378 apud
1619 2330 1728 2369 ciues

138 2403 233 2429 suos
262 2391 308 2428 vt
335 2404 550 2440 nunquam
582 2391 668 2430 vllo
698 2391 791 2430 fedo
824 2405 988 2430 rumore
1018 2392 1126 2429 fame
1160 2392 1379 2430 candorem
1411 2394 1637 2443 asperserit,
1671 2395 1728 2434 ita

138 2455 195 2492 sic
224 2454 410 2493 instituit
441 2468 538 2495 suos
567 2469 711 2494 omnes
738 2458 785 2495 vt
808 2456 951 2494 nullus
979 2458 1085 2494 esset
1110 2456 1226 2494 cuius
1254 2457 1391 2506 ipsum
1410 2459 1638 2507 poeniteret
1657 2463 1726 2500 aut
1748 2479 1762 2501 2

139 2519 322 2568 puderet.
383 2521 490 2569 Quid
519 2524 634 2571 patre
659 2523 732 2559 tuo
762 2521 975 2560 sanctius?
1017 2521 1116 2571 quid
1145 2523 1276 2560 matre
1305 2522 1539 2572 integrius?
1594 2525 1726 2573 Quam

184 2615 258 2647 715.
286 2625 315 2654 3.
343 2617 475 2656 optime
493 2617 598 2648 Petre
614 2621 687 2648 add.
705 2621 741 2649 F.
857 2628 888 2658 5.
914 2620 1052 2658 patrem
1071 2621 1144 2649 add.
1160 2621 1195 2649 F.
1313 2620 1342 2650 8.
1369 2620 1451 2659 quis
1467 2623 1534 2651 MS.
1550 2632 1557 2652 :
1583 2621 1672 2660 quid
1688 2625 1726 2653 F.

142 2668 207 2732 ἐξά
218 2658 276 2732 ῘΙῙΙΙῘ
293 2662 367 2690 add.
385 2663 418 2690 F.
534 2671 582 2700 14.
609 2661 674 2693 hoc
690 2665 759 2693 MS.
776 2673 782 2693 :
809 2671 849 2692 ea
865 2671 921 2692 res
936 2664 972 2692 F.
1090 2671 1137 2701 15.
1162 2663 1282 2693 autem
1298 2665 1373 2694 add.
1390 2666 1427 2694 F.
1533 2674 1584 2696 20.
1610 2664 1727 2704 ipsum

185 2791 258 2821 714.
277 2800 330 2829 23.
354 2792 484 2833 Neuio]
507 2793 569 2824 See
592 2793 655 2834 Ep.
676 2795 740 2832 298
764 2794 896 2825 introd.
968 2803 1074 2833 werp,
1103 2793 1182 2824 who
1205 2794 1243 2824 in
1270 2803 1354 2833 1520
1376 2803 1448 2824 was
1470 2804 1490 2825 a
1512 2805 1632 2835 young
1655 2796 1726 2826 Im-

185 2834 259 2864 715.
281 2843 331 2873 15.
356 2834 499 2875 liberos]
516 2836 620 2867 Peter
635 2837 706 2868 had
721 2838 900 2868 abi-other
965 2837 1077 2876 perial
1101 2839 1279 2876 secretary
1304 2839 1374 2877 <see
1399 2838 1501 2869 Corn.
1532 2839 1727 2879 Grapheus'

142 2876 298 2916 Francis,
330 2878 411 2909 who
442 2879 481 2910 in
515 2881 598 2918 1526
627 2890 698 2911 was
720 2881 839 2920 acting
861 2891 900 2912 as
966 2879 1105 2919 preface
1127 2882 1163 2911 to
1195 2880 1253 2910 his
1280 2883 1357 2911 Diui
1379 2884 1479 2911 Caroli
1505 2905 1514 2914 .
1543 2906 1550 2915 .
1578 2907 1586 2915 .
1611 2893 1647 2913 ex
1666 2885 1727 2914 Hi-

139 2930 159 2951 a
190 2930 393 2960 messenger
421 2923 458 2952 to
488 2923 551 2954 the
583 2923 773 2955 Frankfort
808 2924 900 2955 fair:
966 2926 1082 2961 spania
1104 2926 1138 2953 in
1164 2926 1365 2954 Germaniam
1387 2928 1513 2965 reditus,
1537 2926 1724 2966 Antwerp,

139 2963 245 2995 Basle
259 2964 355 2995 MSS.
368 2965 489 2996 Scheti
506 2965 617 3006 Epist.
630 2967 652 2997 f.
672 2977 722 3007 10,
738 2967 899 2999 Goelenii
966 2967 1013 2998 M.
1040 2966 1178 3006 Hillen‚
1205 2978 1228 2998 s.
1249 2968 1312 3009 a.),
1334 2977 1407 2999 was
1432 2968 1504 3000 also
1530 2970 1684 3010 perhaps
1708 2980 1727 3000 a

141 3007 252 3047 Epist.
272 3007 296 3039 f.
318 3018 345 3039 1.
393 3008 542 3040 Michael
563 3010 734 3050 Aegidius
753 3010 792 3041 of
810 3011 900 3042 Ant·
966 3010 1121 3042 brother.

205 3073 310 3092 Animi«
329 3074 370 3092 111
920 3078 943 3103 L

1746 408 1783 439 25

1751 1829 1787 1850 10
