2034 3433
322 138 401 177 160
784 135 1035 175 LETTERS
1073 134 1143 172 OF
1180 131 1446 171 ERASMUS
1789 130 1826 185 [1
1837 142 1858 181 5
1868 141 1912 180 17

317 242 574 290 indulserim,
616 255 709 280 cum
751 240 809 278 sic
851 239 988 277 odiose
1032 238 1277 286 prouocatus
1315 236 1366 274 ab
1405 235 1488 284 illo,
1530 235 1654 285 idque
1696 236 1786 274 sine
1822 236 1910 275 vlla

318 322 449 357 causa,
472 310 614 346 tamen
644 306 693 344 ab
717 305 833 343 omni
863 302 1047 341 conuicio
1075 303 1313 350 temperem.
1372 301 1479 339 Vere
1507 300 1654 339 scribis
1681 300 1911 340 iucundum

319 374 599 424 spectaculum
635 371 721 409 fore
760 367 1008 419 quibusdam
1048 367 1270 405 Erasmum
1308 378 1403 404 cum
1442 365 1575 404 Fabro
1613 365 1911 415 commissum;

261 456 299 488 35
319 440 389 478 sed
411 439 509 489 quid
530 439 706 476 facerem
719 438 739 474 ⁶?
794 436 966 483 impune
985 431 1139 471 talibus
1159 432 1270 470 notis
1285 432 1420 481 pictus
1434 431 1666 469 incederem
1679 432 1700 469 ‘?
1747 430 1912 471 Ceteros

318 505 550 543 blaterones
571 501 681 540 haud
710 499 851 549 magni
877 498 991 537 facio.
1051 497 1131 536 Sed
1157 497 1288 536 amice
1310 497 1412 535 facis
1436 497 1544 547 quod
1564 496 1743 546 premis:
1772 496 1914 536 facilli-

319 583 436 607 mum
475 570 537 606 est
576 567 719 605 ledere.
779 564 948 602 Nouum
987 563 1303 601 Testamentum
1339 562 1449 600 bona
1487 575 1537 600 ex
1575 564 1690 611 parte
1726 561 1913 601 absolui:

318 648 364 674 eo
385 634 495 672 edito
517 631 732 673 dormiam.
756 632 827 668 aut
847 629 951 667 mihi
971 641 1114 667 canam
1134 630 1175 666 et
1195 627 1338 673 Musis
1362 627 1397 665 si
1417 627 1484 666 hic
1503 629 1566 665 est
1588 627 1747 666 fructus
1772 629 1919 677 gratus

318 701 438 738 tanto
467 697 605 736 studio
634 695 872 735 iuuantium
901 707 990 733 rem
1017 693 1271 732 litterariam.
1344 692 1498 742 Scripsi
1526 705 1659 742 nuper
1686 705 1758 742 per
1785 692 1915 732 alium

259 782 300 815 40
319 765 535 815 quendam,
569 776 643 801 nec
680 762 826 801 dubito
861 761 963 811 quin
1003 760 1210 809 receperis.
1271 759 1378 798 Cura
1413 761 1461 798 vt
1493 759 1642 808 valeas,
1681 759 1919 798 doctissime

320 830 475 880 Capito.
536 828 715 868 Louanii
734 827 876 866 Natali
896 826 1071 865 Nicolai.

753 961 850 1003 732.
912 957 976 999 To
1007 958 1190 999 BEATUS
1222 957 1492 1000 RHENANUS.

367 1052 555 1088 Deventer
571 1050 647 1085 MS.
666 1060 720 1095 91,
740 1049 766 1084 f.
789 1058 843 1095 75.
1571 1047 1747 1083 Louvain.

366 1110 440 1146 LB.
460 1111 557 1156 App.
576 1110 655 1145 216.
1449 1107 1471 1142 6
1489 1106 1695 1143 December
1715 1105 1869 1153 (1517).

598 1190 688 1232 [The
705 1188 888 1230 year—date
906 1188 936 1219 is
953 1186 1087 1226 clearly
1102 1185 1286 1218 indicated
1302 1188 1350 1227 by
1366 1188 1428 1219 the
1445 1187 1640 1230 contents]

803 1281 1007 1312 ERASMVS
1039 1280 1183 1311 BEATO
1214 1280 1296 1311 SVO
1328 1282 1361 1313 S.
1388 1282 1432 1312 D.

375 1368 455 1407 ITA
481 1366 703 1417 respondes
736 1363 941 1403 Lachneri
970 1363 1139 1401 nomine
1168 1364 1215 1402 vt
1244 1362 1353 1401 nihil
1382 1363 1432 1401 ad
1461 1375 1508 1401 ea
1536 1363 1786 1413 respondeas
1814 1377 1918 1414 quae

322 1434 502 1473 maxime
539 1431 729 1472 volebam
767 1429 891 1468 illum
929 1428 1185 1478 respondere,
1225 1428 1420 1467 videlicet
1459 1428 1509 1466 de
1545 1428 1815 1468 aestimandis
1851 1443 1916 1468 ex-

322 1499 585 1550 emplaribus,
609 1510 661 1535 ne
680 1496 789 1534 mihi
814 1509 909 1534 cum
934 1494 1153 1533 Francisco
1178 1494 1364 1533 multum
1384 1494 1439 1532 sit
1462 1494 1630 1544 negocii,
1651 1495 1723 1544 qui
1745 1495 1918 1545 †lingua

322 1565 480 1604 multas
508 1563 632 1603 habet
660 1561 854 1613 pecunias
882 1560 991 1598 mihi
1020 1562 1183 1609 paratas
1208 1563 1277 1598 &a
1340 1559 1519 1604 †Libr0s
1547 1559 1727 1609 optimos
1755 1573 1919 1611 semper

287 1644 304 1676 5
324 1631 579 1678 aduehendo,
621 1642 672 1667 ne
710 1641 733 1666 a
771 1626 892 1665 nobis
927 1625 1161 1664 aduehendi
1198 1628 1406 1664 curentur.
1468 1626 1583 1674 Quod
1615 1627 1652 1664 si
1680 1626 1920 1666 Lachnerus

324 1710 408 1735 non
428 1695 686 1735 aestimasset
704 1691 954 1741 exemplaria
968 1691 1101 1741 pluris
1115 1691 1268 1740 viginti
1287 1691 1464 1739 florenis,
1483 1691 1583 1730 boni
1602 1692 1913 1731 consuluissem.

325 1759 860 1805 Tantumpaestimationem
879 1756 1128 1807 flagitabam,
1151 1770 1205 1795 ne
1226 1756 1325 1805 quid
1345 1769 1368 1794 a
1388 1756 1607 1795 Francisco
1628 1758 1861 1807 penderem.

380 1827 539 1866 Deinde
576 1826 653 1864 hoc
696 1824 778 1863 fuit
822 1823 1055 1870 molestum,
1095 1821 1205 1871 quod
1244 1821 1528 1871 superioribus
1570 1823 1772 1862 nundinis
1813 1824 1920 1862 nihil

326 1892 497 1931 omnino
516 1890 708 1929 miserint
721 1902 907 1927 mearum
927 1888 1277 1934 lucubrationum,
1296 1887 1365 1926 hic
1385 1887 1504 1926 nobis
1522 1888 1678 1927 frustra
1691 1888 1917 1928 hiantibus.

270 1971 307 1993 10
326 1958 479 1996 Vereor
497 1969 550 1994 ne
569 1955 790 2005 castigator
817 1966 963 2004 parum
990 1953 1044 1992 sit
1063 1952 1163 1991 felix
1184 1954 1255 1991 aut
1275 1952 1473 2002 diligens:
1503 1955 1626 2003 atque
1645 1953 1688 1991 id
1709 1954 1754 1991 in
1773 1954 1921 2004 primis

326 2023 556 2061 curandum
587 2020 802 2059 Frobenio.
863 2019 957 2057 Non
986 2031 1155 2068 possum
1185 2031 1234 2056 ex
1265 2018 1393 2056 vllius
1426 2018 1578 2057 litteris
1606 2018 1839 2069 intelligere
1867 2033 1921 2058 an

326 2087 558 2127 Frobenius
589 2086 819 2125 secundum
853 2084 1060 2122 Theodori
1091 2083 1249 2122 librum
1282 2084 1482 2134 receperit
1515 2097 1538 2122 a
1572 2098 1638 2122 me
1666 2098 1844 2134 versum,
1881 2089 1922 2124 et

326 2153 511 2204 primum
545 2152 803 2201 castigatum.
874 2150 934 2188 De
966 2149 1074 2187 Mori
1107 2149 1259 2198 Vtopia
1290 2152 1331 2187 et
1362 2149 1684 2199 Epigrammatis
1717 2164 1781 2189 res
1815 2151 1922 2190 mihi

328 2219 461 2269 magis
491 2220 576 2256 erat
603 2217 715 2256 cordi
744 2229 869 2266 quam
898 2229 991 2254 mea
1018 2215 1151 2265 ipsius
1181 2215 1359 2265 negocia.
1419 2215 1469 2253 Id
1499 2228 1594 2253 cum
1628 2217 1841 2266 tantopere
1869 2218 1922 2257 ab

270 2300 308 2332 15
332 2282 393 2320 eis
427 2279 697 2331 efflagitarim,
735 2281 875 2317 tamen
913 2279 1051 2317 nescio
1085 2292 1167 2328 quo
1199 2279 1319 2328 pacto
1357 2278 1477 2316 video
1515 2280 1729 2316 cessatum.
1804 2280 1924 2319 Para-

330 2347 503 2397 phrasin
517 2359 629 2385 eram
644 2345 849 2383 missurus
865 2343 1089 2391 Basileam,
1102 2343 1293 2382 libellum
1307 2345 1353 2382 vt
1369 2344 1645 2383 coniectabam
1659 2345 1921 2385 vendibilem.

330 2413 549 2453 Caeterum
583 2424 678 2450 eum
707 2410 893 2449 viderem
920 2409 1028 2447 nihil
1058 2409 1228 2448 omnino
1257 2409 1420 2457 adferri,
1455 2409 1692 2458 suspicabar
1729 2423 1798 2448 eos
1835 2424 1924 2450 esse

330 2478 425 2529 plus
455 2477 554 2517 satis
582 2478 798 2523 oneratos3
841 2475 979 2525 itaque
1008 2474 1197 2513 commisi
1235 2474 1331 2512 huic
1366 2475 1519 2512 nostro.
1592 2474 1714 2513 Mitto
1743 2477 1785 2513 et
1813 2490 1924 2515 nunc

374 2594 448 2624 731.
475 2601 526 2631 32.
561 2590 779 2621 indulcerim
811 2592 893 2628 MS„
919 2592 986 2625 post
1014 2588 1124 2619 indus
1154 2590 1284 2619 deletum
1410 2588 1482 2619 732.
1522 2597 1552 2626 3.
1588 2589 1756 2628 lingua..
1773 2613 1781 2621 .
1801 2600 1831 2628 4.
1865 2590 1923 2622 &c.

331 2638 456 2668 Libros
485 2638 577 2666 MS.:
609 2635 626 2664 ‘?
650 2634 679 2664 si
711 2633 855 2672 quando
886 2632 999 2672 (siqfi)
1020 2656 1027 2663 .
1045 2656 1052 2663 .
1072 2656 1079 2663 .
1099 2656 1106 2672 ,
1132 2641 1175 2663 ex
1207 2631 1319 2673 c<0pia
1346 2631 1439 2662 mihi
1463 2633 1558 2671 parit
1582 2632 1777 2675 inopiam‚)
1800 2633 1921 2665 libros.

333 2691 381 2721 15.
410 2678 643 2719 Paraphrasis
657 2680 725 2708 MS.
742 2689 748 2708 :
773 2687 847 2707 corr.
866 2678 928 2707 ΖΒ.

375 2770 448 2799 731.
466 2778 518 2808 39.
547 2767 680 2807 Scripsi
698 2765 828 2806 nuper]
841 2765 952 2795 These
969 2765 1092 2794 letters
1202 2773 1233 2802 3.
1260 2762 1462 2804 Francisco]
1479 2763 1690 2795 Berckman.

332 2822 390 2843 are
404 2812 482 2850 lost,
495 2813 617 2850 except
630 2811 692 2850 Ep.
711 2819 772 2848 705
788 2820 795 2847 3
818 2809 859 2840 ef.
874 2809 937 2848 Ep.
953 2808 1024 2847 726.
1041 2816 1091 2839 11.
1207 2817 1256 2837 10.
1283 2806 1490 2846 castigator]
1514 2807 1629 2847 Angst
1646 2819 1654 2847 ς
1685 2807 1728 2839 cf.
1754 2808 1816 2848 Ep.
1847 2808 1920 2847 634.

377 2856 449 2886 732.
478 2865 506 2886 1.
530 2854 735 2894 respondes]
754 2853 840 2883 This
858 2853 1010 2892 perhaps
1026 2851 1091 2881 im·
1206 2860 1256 2882 12.
1280 2849 1469 2889 Theodori]
1488 2850 1539 2882 Of.
1560 2852 1623 2892 Ep.
1646 2862 1719 2891 701.
1738 2861 1792 2891 39,
1811 2862 1862 2889 40.

332 2899 423 2938 plies
433 2899 511 2929 that
523 2899 657 2928 Beatus
669 2897 740 2927 had
752 2895 917 2927 resumed
930 2894 1029 2926 work
1038 2895 1093 2925 for
1207 2903 1256 2931 13.
1283 2893 1429 2935 Vtopia]
1448 2895 1511 2925 See
1529 2895 1591 2934 Ep.
1609 2904 1674 2934 550
1690 2895 1821 2926 introd.

333 2943 471 2973 Froben
490 2954 496 2972 z
520 2942 563 2972 cf.
582 2942 644 2980 Ep.
665 2950 739 2979 594.
761 2951 773 2970 1
794 2950 828 2970 n.
1207 2946 1256 2975 15.
1283 2937 1538 2978 Paraphrasin]
1558 2939 1621 2978 Ep.
1639 2949 1712 2978 710.

375 2996 405 3016 2.
432 2984 682 3024 aestimandis]
700 2984 751 3015 Cf.
771 2984 834 3023 Ep.
852 2984 925 3022 629.
944 2992 963 3021 5
981 2993 1017 3014 n.
1208 2982 1255 3011 18.
1282 2981 1367 3011 huic
1384 2979 1520 3020 nostro]
1541 2981 1708 3012 Martens.
