2034 3433
148 151 246 208 766]
593 152 664 192 ΤΟ
701 151 902 192 HENRY
942 151 1287 192 GLAREANUS
1652 153 1730 192 205

145 258 294 306 nocuit,
324 271 396 296 sue
426 256 533 296 male
561 255 770 295 consuluit
788 270 798 304 ;
828 255 868 294 id
903 255 1011 306 quod
1045 255 1152 294 mihi
1185 268 1283 294 sane
1312 255 1408 305 plus
1438 268 1561 304 quam
1593 255 1730 294 credas

144 322 369 362 molestum
388 323 461 360 est.
510 321 690 368 Molitur,
704 322 751 359 vt
769 320 900 367 audio,
917 319 1163 370 Apologiam
1180 334 1188 357 :
1222 320 1272 359 ad
1289 332 1414 370 quam
1429 332 1505 358 nec
1520 319 1728 365 adhortor,
1753 339 1788 369 15

144 387 254 438 quod
273 387 435 426 doleam
452 385 587 424 beluis
605 384 698 424 istis
723 397 864 423 ansam
894 384 991 432 dari,
1015 384 1087 434 qui
1110 397 1204 423 cum
1229 384 1308 434 ipsi
1334 384 1386 423 ob
1408 383 1626 423 infantiam
1647 398 1732 423 non

143 453 281 492 ausint
302 452 347 491 in
365 452 563 490 harenam
592 449 847 497 descendere,
871 462 946 488 nos
973 449 1082 487 inter
1112 462 1187 488 nos
1215 450 1496 498 committunt,
1519 450 1606 488 arte
1624 449 1734 488 vide-

145 518 239 556 licet
259 516 478 568 tyrannica
497 530 507 564 ;
536 529 610 554 nec
630 527 772 553 rursus
791 515 996 562 dehortor,
1020 527 1072 552 ne
1092 514 1232 553 videar
1259 528 1373 553 meae
1393 527 1512 553 cause
1533 514 1727 553 diffidere.

144 582 287 621 Vnum
307 582 414 620 illud
427 582 599 620 admone
619 580 831 618 hominem
847 592 921 629 pro
933 581 1005 618 tua
1020 579 1308 627 familiaritate,
1324 579 1529 618 abstineat
1541 594 1564 618 a
1579 579 1732 618 talibus

144 647 304 687 facetiis
322 663 331 695 ;
371 646 526 697 alioqui
557 646 705 684 sentiet
737 658 804 684 me
836 657 919 683 non
953 657 1040 682 esse
1078 645 1333 692 edentulum,
1369 646 1409 683 et
1439 644 1612 684 fortasse
1641 657 1731 683 sero
1752 653 1789 674 22

144 711 358 762 penitebit.

198 777 362 816 Placuit
380 776 545 815 libellus
563 776 624 814 De
644 775 777 814 tribus
797 773 1061 824 Magdalenis.
1123 773 1262 812 Nolim
1282 776 1422 812 tamen
1451 787 1542 813 eam
1570 787 1659 812 rem
1688 775 1732 813 in

143 845 302 882 tantam
321 842 553 892 angustiam
573 841 780 887 deducere,
803 842 849 878 vt
867 839 1056 890 quisquis
1075 838 1183 878 dicat
1202 839 1415 877 Christum
1433 841 1525 889 post
1545 839 1732 878 triduum

145 908 425 955 resurrexisse,
447 907 640 957 loquatur
660 907 801 944 contra
819 904 1054 952 Ecclesiam,
1077 906 1221 942 contra
1245 904 1440 943 articulos
1460 904 1567 952 fidei,
1591 906 1731 942 contra

144 986 313 1012 omnem
332 972 571 1011 veritatem:
592 983 690 1009 nam
702 970 747 1007 in
762 970 836 1008 has
848 968 1143 1020 Symplegadas
1158 968 1228 1006 1110
1240 981 1328 1007 rem
1342 970 1503 1007 coartat.
1538 968 1730 1007 Primum
1749 978 1787 1009 25

143 1038 329 1087 probatio
349 1050 430 1087 qua
448 1037 565 1075 docet
583 1038 676 1085 μετὰ
694 1034 832 1074 valere
852 1034 972 1080 inter,
990 1047 1074 1072 non
1093 1033 1320 1072 admodum
1339 1035 1400 1072 est
1421 1033 1585 1072 munita
1601 1048 1610 1072 z
1638 1036 1732 1083 μετὰ

143 1105 278 1154 χεῖρας,
293 1101 334 1140 id
350 1103 412 1140 est
427 1101 473 1139 in
486 1100 679 1138 manibus
695 1115 704 1147 ;
732 1098 805 1138 vbi
819 1100 912 1148 μετὰ
926 1098 1109 1148 positum
1124 1100 1186 1137 est
1198 1112 1272 1148 pro
1293 1100 1396 1137 κατά.
1428 1098 1484 1136 Et
1498 1098 1578 1148 μεθ’
1592 1100 1732 1148 ἡμέραν

144 1180 217 1217 pro
237 1167 317 1206 καθ’
329 1168 468 1217 ἡμέραν
486 1165 657 1204 alterius
676 1166 737 1203 est
757 1164 911 1202 formae
931 1177 1055 1213 quam
1073 1165 1168 1214 μετὰ
1186 1166 1282 1214 τρεῖς
1295 1165 1434 1214 ἡμέρας
1453 1178 1462 1211 ;
1490 1164 1730 1213 praesertim

144 1245 239 1271 cum
259 1231 364 1270 illud
383 1232 477 1281 μετὰ
495 1231 634 1280 ἡμέρας
653 1229 703 1276 ἓξ,
726 1228 808 1279 μεθ’
826 1229 964 1278 ἡμέρας
983 1230 1087 1276 ὀκτὼ,
1112 1230 1154 1267 et
1171 1227 1413 1267 huiusmodi
1433 1228 1638 1267 orationes
1657 1229 1731 1267 fre-

144 1299 314 1347 quentes
347 1296 430 1334 sint
464 1295 509 1333 in
543 1294 663 1333 Nouo
696 1294 971 1332 Testamento.
1049 1294 1266 1332 Postremo
1299 1293 1568 1344 synecdoche,
1605 1307 1730 1343 quam
1750 1305 1790 1336 30

144 1361 241 1400 hinc
270 1374 405 1400 arcere
433 1374 517 1398 11011
544 1359 651 1407 licet,
685 1359 790 1397 hanc
820 1372 980 1409 quoque
1008 1359 1292 1397 difficultatem
1321 1358 1517 1397 extricat:
1547 1359 1733 1397 Surrexit

144 1428 234 1476 post
261 1428 346 1465 tres
374 1426 470 1473 dies.
492 1425 569 1463 hoc
597 1426 660 1463 est
687 1426 780 1473 post
808 1424 983 1462 tercium
1010 1424 1119 1462 diem
1142 1424 1366 1474 inceptum.
1425 1424 1469 1462 Si
1489 1423 1732 1462 contradicit

143 1491 330 1529 articulis
348 1491 446 1529 fidei
473 1490 659 1540 quisquis
686 1489 763 1528 1100
793 1489 902 1536 dicit,
928 1490 968 1527 et
996 1491 1060 1527 tot
1087 1489 1208 1528 annis
1236 1491 1280 1527 in
1309 1488 1535 1538 Euangelio
1564 1488 1732 1527 nemine

143 1556 448 1595 contradicente
466 1555 567 1605 legit
586 1554 779 1602 Ecclesia,
802 1554 1033 1593 consultius
1052 1554 1325 1594 existimarim
1344 1567 1433 1593 rem
1452 1554 1592 1593 minus
1611 1567 1730 1604 agere

144 1621 309 1671 tragice,
329 1620 569 1671 praesertim
589 1633 684 1658 cum
704 1619 959 1669 synecdoche
978 1619 1032 1658 sit
1051 1619 1095 1658 in
1115 1621 1321 1669 promptu.
1383 1619 1498 1667 Quod
1518 1619 1554 1658 si
1568 1619 1638 1657 ille
1653 1620 1731 1670 pri·
1750 1630 1789 1662 35

144 1699 257 1725 mam
275 1687 439 1724 noctem
458 1699 529 1736 per
548 1684 787 1735 aUegoriam
805 1686 877 1723 aut
896 1684 1150 1723 catachresin
1173 1684 1357 1734 explicat,
1382 1697 1456 1722 cur
1472 1686 1637 1723 veretur
1663 1684 1730 1722 hic

143 1750 194 1789 ab
213 1750 409 1789 omnibus
427 1752 632 1800 receptam
652 1749 937 1800 synecdochen
956 1749 1149 1788 adhibere
1162 1750 1184 1788 ἱ)

197 1815 297 1865 Ηο0,
319 1815 378 1854 1111
399 1815 601 1862 Glariane,
621 1815 751 1853 amico
770 1815 815 1853 in
834 1813 956 1853 illum
977 1814 1117 1853 animo
1131 1814 1276 1862 scribo,
1295 1815 1488 1865 quicquid
1504 1815 1575 1853 1110
1595 1814 1645 1853 de
1664 1828 1731 1852 me

146 1881 285 1920 sentit.
315 1880 360 1919 Si
373 1880 451 1919 tibi
464 1893 549 1918 non
564 1880 619 1918 sit
630 1878 1206 1927 incommodum,admonebis
1218 1879 1430 1918 hominem
1446 1879 1596 1918 blande
1609 1892 1731 1929 super

146 1945 260 1984 hisce
280 1945 403 1984 rebus
423 1960 432 1994 ;
461 1945 670 1995 simulque
688 1945 851 1995 rogabis
862 1947 909 1983 vt
929 1945 964 1983 si
983 1945 1092 1983 mihi
1106 1945 1339 1994 respondet,
1352 1945 1493 1984 mittat
1512 1959 1636 1996 quam
1650 1945 1731 1995 pri-
1750 1958 1792 1988 40

146 2023 264 2049 mum
293 2010 503 2060 exemplar
530 2023 624 2048 meo
652 2012 822 2060 sumptu
850 2010 1117 2060 descriptum,
1137 2024 1218 2060 quo
1237 2010 1304 2049 vel
1323 2023 1542 2060 agnoscam
1567 2010 1732 2060 lapsum

146 2088 287 2114 meum
307 2075 374 2114 vel
394 2077 519 2114 tuear.
582 2075 718 2114 Semel
737 2075 849 2113 enim
869 2075 928 2114 sic
946 2076 1054 2114 ictus
1073 2075 1123 2113 ab
1138 2075 1212 2113 1110
1231 2088 1315 2113 11011
1339 2075 1466 2114 debeo
1485 2089 1732 2126 magnopere

146 2141 283 2179 fidere.
334 2139 389 2178 Et
407 2139 443 2178 si
463 2139 534 2178 ille
552 2141 687 2189 potest
700 2139 894 2189 instigari
907 2139 958 2177 ab
971 2139 1180 2189 improbis,
1195 2139 1479 2189 improborum
1494 2141 1615 2190 plena
1634 2142 1733 2178 sunt

147 2204 287 2244 omnia
303 2219 312 2252 3
333 2204 398 2243 sin
412 2205 562 2251 minus,
581 2205 711 2243 nolim
725 2204 846 2243 illum
859 2204 936 2242 tibi
954 2204 1022 2242 vel
1035 2204 1120 2253 pilo
1140 2205 1280 2243 minus
1294 2205 1475 2244 amicum
1490 2218 1583 2244 mea
1596 2217 1726 2243 causa.

148 2269 339 2308 Demiror
350 2268 539 2307 Budeum
552 2269 633 2307 iam
649 2269 719 2307 diu
733 2268 841 2307 nihil
853 2269 1039 2308 scribere.
1064 2269 1177 2317 Vale,
1192 2270 1352 2307 animae
1364 2270 1586 2308 dimidium
1601 2282 1726 2308 meae.
1752 2283 1790 2313 45

201 2333 377 2373 Louanii
396 2335 477 2373 An.
498 2347 582 2373 M.D.
614 2336 671 2371 18.
702 2344 760 2380 15.
785 2332 867 2371 Cal.
893 2333 1009 2371 Febr.
1061 2333 1121 2371 Ex
1143 2333 1263 2372 Lilio.

193 2463 243 2493 15.
274 2456 326 2484 D:
357 2453 575 2494 apoologiam
598 2455 666 2484 MS.
822 2463 872 2492 19.
905 2453 1114 2484 admonebis
1135 2454 1173 2483 F.
1340 2462 1390 2483 20.
1423 2454 1474 2482 D:
1505 2452 1638 2482 sentiat
1662 2455 1729 2483 MS.

148 2507 200 2536 23.
225 2496 354 2528 deduci
370 2499 410 2528 D.
559 2506 610 2535 27.
638 2496 676 2526 id
691 2497 746 2526 est
762 2498 837 2527 add.
851 2499 889 2527 D.
1025 2496 1084 2526 vbi
1101 2497 1172 2525 add.
1190 2498 1228 2526 D.
1360 2495 1516 2535 positum
1532 2497 1586 2526 est
1601 2498 1672 2528 add.
1691 2499 1729 2526 D.

148 2541 201 2571 28.
225 2540 378 2571 alterius
397 2562 404 2570 .
422 2563 429 2571 .
449 2564 456 2571 .
476 2549 585 2580 quam
610 2542 662 2570 D:
696 2539 796 2570 aliud
818 2542 888 2570 MS.
909 2538 1059 2578 (formae
1083 2537 1126 2569 D1
1144 2550 1151 2569 ι
1176 2549 1233 2569 om.
1250 2537 1291 2568 Β2
1310 2549 1317 2568 :
1341 2539 1481 2578 generis
1503 2541 1538 2577 F,
1558 2542 1628 2568 ante
1650 2541 1728 2578 est).

149 2593 201 2622 29.
225 2586 275 2614 D:
299 2583 376 2614 ὀκτὺ
391 2586 460 2615 MS.
549 2593 600 2623 33.
629 2584 669 2614 in
685 2583 881 2623 Euangelio
896 2593 952 2613 om.
970 2586 1007 2613 D.
1108 2590 1160 2621 35.
1184 2591 1261 2612 cum
1280 2584 1356 2613 add.
1370 2584 1407 2612 D.
1501 2583 1553 2621 36.
1577 2585 1659 2622 MS„
1678 2585 1730 2613 H:

149 2626 399 2658 cathachresin
415 2630 453 2658 D.
601 2636 654 2666 37.
677 2626 846 2658 adhibere
862 2629 933 2658 adel.
950 2628 992 2657 Η.
1146 2626 1198 2664 38.
1223 2624 1396 2656 Glareane
1413 2628 1451 2656 D.
1602 2635 1654 2664 39.
1681 2629 1728 2656 D:

149 2670 300 2701 admone
316 2671 372 2701 bis
386 2673 454 2702 MS.
568 2680 619 2709 45.
643 2673 692 2700 D:
716 2670 878 2701 animum
897 2673 965 2701 MS.
1076 2670 1126 2707 46.
1154 2672 1182 2699 D
1198 2680 1205 2699 :
1221 2668 1418 2699 Louauanii
1434 2671 1503 2699 MS.
1563 2678 1601 2708 15
1619 2679 1674 2700 om.
1695 2672 1729 2700 D.

153 2715 206 2744 Ex
222 2713 315 2744 Lilio
328 2723 386 2744 om.
404 2716 448 2745 Η.

195 2822 248 2843 22.
272 2811 432 2851 libellus]
461 2814 506 2842 De
531 2814 639 2842 Μανία
665 2814 849 2849 Maqdalena
882 2817 906 2842 et
974 2811 1036 2842 the
1058 2808 1209 2841 writer’s
1229 2811 1285 2841 art
1303 2819 1375 2840 was
1398 2811 1463 2840 not
1487 2811 1547 2850 yet
1569 2810 1704 2842 extinct
1724 2822 1732 2847 ;

152 2858 255 2886 triduo
266 2857 388 2894 Christi,
401 2854 511 2894 Paris,
524 2854 572 2885 H.
588 2855 904 2895 Stephanus,1517.
976 2854 1019 2886 cf.
1032 2854 1119 2893 Epp.
1129 2854 1237 2892 667.4,
1252 2854 1359 2893 7⁶5-22
1373 2854 1481 2892 767.7,
1495 2854 1648 2893 906.175,
1659 2854 1731 2885 and

153 2899 221 2929 For
244 2898 320 2929 this
344 2899 575 2938 controversy
598 2908 654 2929 see
671 2900 753 2929 Bibl.
771 2901 905 2937 Belyica,
976 2899 1128 2936 Apoloqz'a
1151 2907 1211 2935 qua
1239 2899 1405 2936 respondet,
1422 2896 1461 2927 f0.
1480 2896 1537 2936 B²‚
1554 2897 1673 2928 Jortin
1694 2898 1731 2929 ii.

154 2944 306 2979 Clicthore,
323 2951 381 2982 pp.
404 2942 540 2981 126—32,
560 2942 634 2981 362.
977 2951 1051 2981 501.

197 2995 249 3023 41.
275 2984 509 3026 descriptum]
528 2985 587 3016 An
607 2984 807 3016 indication
829 2985 908 3016 that
1021 2994 1070 3024 45.
1099 2983 1281 3025 Budeum]
1298 2982 1349 3015 Cf.
1368 2984 1430 3024 Ep.
1451 2984 1523 3023 767.
