2034 3433
347 187 427 224 518
804 184 1057 223 LETTERS
1095 184 1164 222 OF
1202 183 1466 223 ERASMUS
1804 183 1932 238 [1519

347 290 418 340 qui
439 289 579 328 literas
599 291 705 327 recte
731 289 885 327 amant.
943 288 1052 326 Nam
1077 287 1177 326 satis
1203 288 1359 337 gaudeo
1382 287 1491 338 quod
1518 287 1627 326 inter
1650 290 1805 327 caetera
1829 289 1935 328 dona

347 354 505 394 Christi
530 354 657 392 etiam
686 353 761 391 hoc
788 356 1038 401 numeratur,
1060 353 1167 404 quod
1197 353 1343 392 multis
1369 352 1588 403 displices:
1619 366 1700 403 quo
1726 366 1800 403 ego
1823 367 1937 404 argu·

349 422 488 458 mento
507 417 617 458 soleo
637 418 866 456 discernere
886 418 994 457 dona
1012 417 1231 457 clementis
1251 418 1329 456 Dei
1349 432 1372 457 a
1393 418 1513 456 donis
1535 417 1642 457 irati.
1693 418 1839 468 Itaque
1859 419 1936 457 tibi

347 483 530 535 gratulor
543 483 664 533 quod,
683 483 784 521 dum
799 496 963 522 summe
979 483 1173 522 omnibus
1185 482 1307 522 bonis
1320 483 1467 533 places,
1484 496 1570 521 non
1585 483 1726 522 minus
1745 483 1940 534 displices

292 567 329 588 10
349 549 399 588 iis
418 548 488 599 qui
507 548 586 587 soli
605 548 796 587 omnium
815 548 972 586 summi
991 561 1079 587 esse
1098 550 1139 587 et
1158 561 1321 587 summe
1339 548 1498 598 placere
1517 547 1678 587 volunt.

401 614 481 653 Sed
515 626 590 663 ego
620 613 776 651 stultus
809 613 880 663 qui
909 615 950 651 te
980 613 1107 652 talem
1139 613 1279 653 virum
1310 613 1367 652 sic
1398 613 1529 652 illotis
1562 614 1756 653 manibus
1786 613 1940 664 absque

348 679 605 718 reuerentiae
628 680 668 717 et
693 678 865 717 honoris
888 678 1140 728 praefatione
1159 678 1291 718 veluti
1313 679 1689 718 familiarissimum
1715 679 1939 729 aggredior,

347 744 538 794 ignotum
566 743 743 793 ignotus.
795 743 954 782 Verum
983 743 1097 783 dabis
1126 744 1203 783 hoc
1231 757 1305 794 pro
1335 746 1406 783 tua
1439 744 1702 784 humanitate
1732 758 1848 784 meae
1873 744 1942 784 vel

348 808 542 847 charitati
554 808 619 847 vel
632 809 862 859 imperitiae
876 823 886 857 ;
903 809 1240 860 quandoquidem
1252 823 1339 860 ego,
1353 810 1463 848 inter
1476 810 1683 860 sophistas
1694 812 1940 860 consumpta

293 892 327 923 15
347 877 488 922 aetate,
506 888 581 913 1100
593 877 758 913 tantum
771 875 896 913 didici
909 876 955 914 vt
967 875 1179 914 eruditum
1190 875 1330 914 virum
1342 875 1498 926 possim
1509 889 1583 925 per
1595 875 1736 915 literas
1747 875 1937 914 salutare.

347 941 549 992 Alioquin
569 941 734 991 quantis
753 941 997 980 iamdudum
1012 941 1147 980 literis
1161 942 1202 980 te
1222 941 1458 991 fatigassem
1474 943 1483 981 Ξ
1512 955 1586 980 1100
1606 955 1752 992 passus
1770 941 1942 980 fuissem

348 1008 394 1045 vt
416 1008 615 1056 perpetuo
635 1009 682 1045 tu
702 1006 808 1045 mihi
827 1006 939 1045 solus
958 1007 1186 1057 loquereris
1205 1006 1250 1045 in
1270 1007 1460 1046 cubiculo
1479 1021 1583 1046 meo.

403 1073 523 1111 Nunc
542 1073 705 1123 quando
725 1085 775 1110 ex
794 1071 952 1122 optimo
973 1073 1156 1112 Fabritio
1177 1072 1377 1123 Capitone
1396 1073 1583 1113 intellexi
1603 1088 1676 1123 per
1696 1087 1827 1125 nugas
1846 1073 1941 1112 illas

349 1137 703 1188 indulgentiarum
742 1151 895 1176 nomen
928 1150 1070 1176 meum
1103 1137 1181 1177 tibi
1211 1138 1435 1189 cognitum,
1473 1141 1564 1178 tum
1602 1152 1652 1177 ex
1690 1139 1942 1190 praefatione

291 1221 329 1241 20
349 1204 582 1243 Enchiridii
604 1206 676 1243 tua
704 1203 987 1243 recentissima
1015 1217 1100 1243 non
1129 1205 1250 1243 modo
1278 1204 1357 1243 tibi
1386 1205 1475 1244 visa
1500 1218 1588 1244 esse
1614 1205 1685 1243 sed
1712 1207 1754 1244 et
1778 1207 1944 1255 accepta

349 1283 440 1308 mea
458 1269 749 1318 fabulamenta,
772 1283 893 1320 cogor
911 1282 1127 1320 agnoscere
1149 1269 1216 1308 vel
1242 1269 1547 1309 barbarissimis
1572 1269 1709 1308 literis
1730 1270 1942 1321 egregium

349 1336 469 1374 tuum
498 1335 704 1386 spiritum,
729 1335 812 1373 mei
838 1336 879 1373 et
907 1335 1097 1373 omnium
1123 1334 1490 1385 locupletatorem:
1529 1349 1767 1386 quanquam
1793 1336 1877 1375 scio
1903 1336 1944 1373 te

349 1413 518 1450 prorsus
537 1414 610 1451 pro
634 1414 677 1439 re
705 1400 883 1439 minima
906 1399 1151 1439 habiturum
1178 1401 1287 1450 quod
1315 1400 1450 1439 literis
1473 1403 1685 1440 amantem
1712 1403 1754 1440 et
1779 1403 1944 1451 gratum

352 1479 417 1504 me
446 1466 631 1514 exhibeo,
660 1467 732 1516 qui
760 1465 925 1504 abunde
951 1467 1173 1504 contentus
1203 1479 1247 1505 es
1277 1465 1387 1516 quod
1419 1466 1577 1505 occulta
1606 1468 1648 1505 et
1676 1467 1785 1517 apud
1813 1467 1948 1505 Deum

294 1548 332 1578 25
350 1531 603 1581 gratitudine
623 1534 663 1570 et
683 1531 883 1570 charitate
902 1531 1067 1570 animus
1085 1531 1129 1569 in
1150 1533 1192 1570 te
1211 1532 1342 1570 feruet
1362 1547 1371 1579 ;
1393 1533 1500 1571 sicut
1515 1534 1556 1570 et
1572 1545 1648 1571 nos
1667 1534 1731 1571 sat
1746 1532 1948 1572 habemus

352 1597 461 1647 quod
480 1597 709 1647 ignorantis
728 1598 849 1635 tuum
869 1596 1056 1635 animum
1074 1598 1115 1635 et
1135 1596 1264 1636 officia
1279 1596 1324 1635 in
1346 1597 1464 1635 libris
1479 1597 1691 1646 habemus,
1709 1597 1798 1636 31110
1814 1596 1948 1635 literis

353 1665 393 1702 et
404 1663 583 1713 corporis
593 1663 656 1701 tui
668 1662 994 1702 conuersatione.
1025 1662 1121 1700 Non
1133 1663 1273 1700 tamen
1285 1662 1440 1712 patitur
1450 1664 1491 1701 et
1501 1662 1633 1712 pudor
1643 1664 1684 1701 et
1696 1661 1946 1701 conscientia
1977 1659 1982 1667 ⁸

353 1742 438 1767 non
457 1728 678 1778 gratificari
698 1730 739 1766 et
759 1727 907 1772 verbis,
930 1727 1171 1776 praesertim
1190 1729 1410 1777 postquam
1427 1728 1560 1777 coepit
1579 1729 1619 1765 et
1638 1741 1791 1766 nomen
1807 1739 1949 1765 meum

354 1808 438 1832 non
458 1795 584 1833 latere
603 1808 612 1841 ;
641 1807 693 1832 ne
718 1793 952 1843 malignum
978 1792 1171 1842 cuiquam
1191 1793 1328 1831 videri
1352 1793 1483 1843 possit
1509 1795 1550 1831 et
1570 1793 1774 1843 pessimae
1800 1791 1948 1843 speciei

298 1876 337 1905 30
354 1859 579 1898 silentium.
642 1859 719 1907 Ita,
753 1859 813 1897 mi
840 1859 1027 1906 Erasme,
1048 1858 1113 1897 vir
1145 1858 1350 1907 amabilis,
1377 1858 1413 1897 si
1443 1858 1501 1897 ita
1530 1858 1609 1897 tibi
1638 1859 1777 1897 visum
1809 1857 1944 1905 fuerit,

354 1938 526 1976 agnosce
544 1928 585 1964 et
604 1926 715 1964 hunc
730 1924 1000 1963 fraterculum
1015 1924 1059 1962 in
1077 1923 1254 1968 Christo,
1273 1924 1336 1962 tui
1357 1926 1464 1962 certe
1485 1926 1526 1962 et
1540 1923 1894 1963 studiosissimum
1909 1926 1951 1962 et

355 1991 702 2039 amantissimum,
728 1993 933 2029 caeterum
960 2003 1034 2040 pro
1060 1989 1226 2029 inscitia
1254 2002 1327 2028 sua
1349 1990 1456 2028 nihil
1479 1990 1677 2028 meritum
1697 2003 1823 2040 quam
1842 1992 1888 2027 vt
1906 1988 1952 2027 in

355 2053 508 2103 angulo
542 2054 730 2104 sepultus
761 2053 975 2092 communi
1005 2052 1131 2091 etiam
1160 2052 1272 2091 coelo
1303 2054 1345 2091 et
1373 2052 1452 2091 soli
1483 2053 1652 2103 ignotus
1682 2054 1813 2091 esset:
1842 2052 1951 2101 quod

356 2121 397 2158 et
416 2133 499 2158 non
521 2120 637 2170 segni
656 2120 806 2159 affectu
826 2132 989 2170 semper
1009 2118 1162 2169 optaui,
1187 2120 1234 2157 vt
1257 2119 1328 2168 qui
1356 2132 1487 2157 essem
1514 2118 1619 2156 mihi
1639 2118 1745 2156 belle
1766 2117 1952 2156 conscius

301 2199 338 2232 55
358 2198 472 2224 meae
488 2185 797 2236 suppellectilis.
844 2185 924 2224 Sed
940 2184 1076 2223 nescio
1091 2198 1172 2235 quo
1187 2185 1270 2223 fato
1285 2184 1406 2235 longe
1426 2184 1470 2222 in
1486 2183 1741 2223 contrarium
1757 2197 1821 2222 res
1835 2182 1948 2231 abiit,

358 2253 406 2291 vt
431 2263 551 2301 cogar
576 2251 710 2289 multo
733 2251 889 2301 pudore
912 2250 998 2301 pati
1024 2263 1136 2289 meas
1161 2250 1416 2300 ignominias
1438 2251 1480 2288 et
1507 2249 1718 2287 infelicem
1744 2248 1953 2288 inscitiam

358 2317 485 2355 etiam
505 2329 641 2355 coram
663 2316 793 2355 doctis
808 2316 965 2355 versari
983 2317 1025 2354 et
1044 2315 1198 2354 iactari.

414 2381 635 2431 Philippus
655 2381 953 2420 Melanchthon
974 2394 1168 2431 prospere
1187 2380 1283 2431 agit,
1309 2380 1390 2419 nisi
1406 2381 1514 2430 quod
1531 2380 1602 2419 vix
1620 2381 1784 2418 tantum
1798 2380 1952 2417 efficere

361 2461 583 2498 possumus
616 2461 761 2487 omnes
791 2461 844 2486 ne
871 2447 1086 2486 literarum
1116 2447 1247 2485 nimia
1281 2446 1446 2485 insania
1473 2445 1726 2485 valetudinis
1756 2444 1952 2484 acceleret

302 2528 343 2559 40
361 2513 572 2552 iacturam.
624 2513 757 2552 Ardet
787 2526 861 2563 pro
891 2513 1036 2551 aetatis
1066 2513 1196 2551 calore
1228 2512 1370 2551 omnia
1404 2511 1599 2550 omnibus
1633 2510 1759 2549 simul
1791 2510 1879 2548 fieri
1911 2512 1954 2548 et

362 2579 502 2618 facere.
554 2579 616 2617 Tu
643 2579 822 2617 officium
847 2578 1001 2626 feceris,
1030 2577 1067 2617 si
1094 2591 1165 2629 per
1193 2578 1337 2616 literas
1365 2577 1580 2616 hominem
1606 2575 1817 2615 monueris
1839 2577 1884 2614 vt
1906 2587 1950 2613 se

407 2697 457 2718 22.
485 2688 556 2718 mei
571 2698 591 2716 α
608 2699 615 2718 :
639 2690 720 2717 mesi
738 2689 766 2717 E
781 2697 789 2717 z
813 2696 934 2718 meum
951 2690 992 2718 H.
1194 2687 1246 2717 26.
1274 2685 1377 2716 libris
1392 2688 1502 2722 scripsi
1517 2687 1556 2723 cs.
1573 2688 1651 2722 Epp.
1667 2694 1742 2723 943.
1763 2695 1858 2723 30-1‚
1877 2692 1951 2723 953.

368 2740 467 2769 12-3:
491 2731 606 2762 literis
623 2733 660 2762 E.
809 2739 862 2770 35.
887 2731 955 2762 Sed
971 2742 1014 2761 a:
1038 2730 1083 2761 Et
1099 2733 1137 2761 E.
1285 2730 1338 2768 38.
1365 2729 1577 2760 Melanthon
1597 2740 1628 2759 α.

411 2829 459 2860 18.
485 2829 666 2870 intellexi]
684 2830 730 2861 In
748 2839 768 2859 a
785 2829 892 2860 letter
910 2829 1028 2861 before
1046 2828 1125 2861 LE2.
1197 2828 1329 2860 missed
1346 2829 1408 2859 the
1425 2838 1526 2859 sense
1543 2829 1587 2868 by
1603 2828 1749 2866 writing
1765 2829 1956 2865 ignorantem

365 2881 416 2911 92,
436 2883 455 2911 4
472 2873 565 2912 Sept.
590 2873 680 2912 1518.
1195 2873 1331 2912 though
1342 2872 1391 2903 all
1403 2872 1462 2902 the
1477 2875 1753 2911 contemporary
1765 2871 1857 2901 texts
1867 2869 1955 2900 have

411 2925 459 2955 19.
486 2916 721 2957 praefatione]
739 2916 803 2956 Ep.
822 2916 898 2956 858.
915 2925 979 2956 405
997 2926 1066 2956 seq.
1195 2918 1379 2954 ignorantis.

410 2960 461 2990 26.
488 2960 697 3001 ignorantis]
739 2971 779 2991 sc.
813 2961 868 2991 tui
886 2971 894 2991 z
940 2961 963 2991 i.
978 2970 1007 2992 e.
1051 2961 1060 2978 ⁴
1074 2970 1126 2990 we
1237 2969 1290 2998 35.
1316 2958 1592 2999 suppellectilis]
1612 2958 1662 2989 Cf.
1681 2958 1774 2989 Pers.
1793 2968 1825 2996 4.
1842 2965 1894 2995 52.

368 3001 470 3033 know
484 3012 554 3041 you
570 3003 722 3034 without
733 3013 823 3043 your
839 3004 944 3044 being
958 3013 1074 3034 aware
1092 3003 1130 3033 of
1240 3013 1290 3040 41.
1318 3002 1516 3043 monueris]
1564 3002 1734 3032 Erasmus
1778 2996 1954 3038 complied

367 3045 424 3076 it'.
484 3045 631 3077 Modern
654 3047 788 3078 editors
811 3047 849 3078 of
873 3047 1013 3078 Luther
1036 3047 1126 3078 have
1195 3047 1285 3077 with
1303 3046 1377 3076 this
1394 3046 1508 3085 wish;
1531 3045 1573 3076 cf.
1594 3045 1655 3083 Ep.
1674 3054 1748 3083 947.
1767 3053 1809 3082 42
1827 3053 1862 3074 n.
