<?xml version="1.0" encoding="UTF-8"?>
<!DOCTYPE html PUBLIC "-//W3C//DTD XHTML 1.0 Transitional//EN"
    "http://www.w3.org/TR/xhtml1/DTD/xhtml1-transitional.dtd">
<html xmlns="http://www.w3.org/1999/xhtml" xml:lang="en" lang="en">
 <head>
  <title>
</title>
<meta http-equiv="Content-Type" content="text/html;charset=utf-8" />
  <meta name='ocr-system' content='tesseract 3.04.00' />
  <meta name='ocr-capabilities' content='ocr_page ocr_carea ocr_par ocr_line ocrx_word'/>
</head>
<body>
  <div class='ocr_page' id='page_1' title='image "./opusepistolarumd03erasuoft_0511.png"; bbox 0 0 2034 3433; ppageno 0'>
   <div class='ocr_carea' id='block_1_1' title="bbox 118 168 1704 227">
    <p class='ocr_par' dir='ltr' id='par_1_1' title="bbox 118 168 1704 227">
     <span class='ocr_line' id='line_1_1' title="bbox 118 168 1704 227; baseline -0.005 -14"><span class='ocrx_word' id='word_1_1' title='bbox 118 171 216 227; x_wconf 76' lang='lat'>966]</span> <span class='ocrx_word' id='word_1_2' title='bbox 545 174 645 213; x_wconf 63' lang='grc' dir='ltr'>ἱΤΟ</span> <span class='ocrx_word' id='word_1_3' title='bbox 681 173 945 212; x_wconf 91' lang='lat' dir='ltr'><strong>WILLIAM</strong></span> <span class='ocrx_word' id='word_1_4' title='bbox 983 171 1255 211; x_wconf 83' lang='lat' dir='ltr'>BUDAEUs</span> <span class='ocrx_word' id='word_1_5' title='bbox 1627 168 1704 206; x_wconf 87' lang='lat'>457</span> 
     </span>
    </p>
   </div>
   <div class='ocr_carea' id='block_1_2' title="bbox 110 271 1805 2676">
    <p class='ocr_par' dir='ltr' id='par_1_2' title="bbox 110 271 1789 383">
     <span class='ocr_line' id='line_1_2' title="bbox 114 271 1789 326; baseline -0.006 -8"><span class='ocrx_word' id='word_1_6' title='bbox 114 278 312 318; x_wconf 82' lang='lat' dir='ltr'><strong>familiari</strong></span> <span class='ocrx_word' id='word_1_7' title='bbox 338 292 384 317; x_wconf 88' lang='lat' dir='ltr'>ac</span> <span class='ocrx_word' id='word_1_8' title='bbox 414 279 549 317; x_wconf 88' lang='lat' dir='ltr'>iocosa</span> <span class='ocrx_word' id='word_1_9' title='bbox 574 277 805 326; x_wconf 76' lang='lat' dir='ltr'><strong>festinaque</strong></span> <span class='ocrx_word' id='word_1_10' title='bbox 831 276 1016 326; x_wconf 85' lang='lat' dir='ltr'>epistola,</span> <span class='ocrx_word' id='word_1_11' title='bbox 1044 289 1124 326; x_wconf 89' lang='lat' dir='ltr'>qua</span> <span class='ocrx_word' id='word_1_12' title='bbox 1152 288 1247 314; x_wconf 88' lang='lat' dir='ltr'>cum</span> <span class='ocrx_word' id='word_1_13' title='bbox 1276 274 1408 313; x_wconf 90' lang='lat' dir='ltr'>amico</span> <span class='ocrx_word' id='word_1_14' title='bbox 1436 271 1547 311; x_wconf 88' lang='lat' dir='ltr'>ludis</span> <span class='ocrx_word' id='word_1_15' title='bbox 1577 271 1706 309; x_wconf 88' lang='lat' dir='ltr'>animi</span> <span class='ocrx_word' id='word_1_16' title='bbox 1728 284 1789 315; x_wconf 80' lang='lat'>345</span> 
     </span>
     <span class='ocr_line' id='line_1_3' title="bbox 110 356 246 383; baseline -0.007 0"><span class='ocrx_word' id='word_1_17' title='bbox 110 356 246 383; x_wconf 85' lang='lat' dir='ltr'>causa.</span> 
     </span>
    </p>

    <p class='ocr_par' dir='ltr' id='par_1_3' title="bbox 114 402 1794 1568">
     <span class='ocr_line' id='line_1_4' title="bbox 172 402 1707 459; baseline -0.006 -11"><span class='ocrx_word' id='word_1_18' title='bbox 172 410 265 448; x_wconf 89' lang='lat' dir='ltr'>Iam</span> <span class='ocrx_word' id='word_1_19' title='bbox 291 409 398 448; x_wconf 84' lang='lat' dir='ltr'>illud</span> <span class='ocrx_word' id='word_1_20' title='bbox 419 408 603 459; x_wconf 88' lang='lat' dir='ltr'>profecto</span> <span class='ocrx_word' id='word_1_21' title='bbox 625 419 824 457; x_wconf 84' lang='lat' dir='ltr'>perquam</span> <span class='ocrx_word' id='word_1_22' title='bbox 850 406 955 445; x_wconf 88' lang='lat' dir='ltr'>salse</span> <span class='ocrx_word' id='word_1_23' title='bbox 981 407 1138 444; x_wconf 88' lang='lat' dir='ltr'>dictum</span> <span class='ocrx_word' id='word_1_24' title='bbox 1166 408 1229 444; x_wconf 90' lang='lat' dir='ltr'>est</span> <span class='ocrx_word' id='word_1_25' title='bbox 1251 405 1325 443; x_wconf 90' lang='lat' dir='ltr'>abs</span> <span class='ocrx_word' id='word_1_26' title='bbox 1348 406 1388 442; x_wconf 87' lang='lat' dir='ltr'>te</span> <span class='ocrx_word' id='word_1_27' title='bbox 1407 418 1415 442; x_wconf 91' lang='lat'><strong>:</strong></span> <span class='ocrx_word' id='word_1_28' title='bbox 1450 406 1458 422; x_wconf 91' lang='lat'>‘</span> <span class='ocrx_word' id='word_1_29' title='bbox 1474 402 1575 450; x_wconf 75' lang='lat' dir='ltr'>Quis</span> <span class='ocrx_word' id='word_1_30' title='bbox 1593 402 1707 439; x_wconf 91' lang='lat' dir='ltr'>enim</span> 
     </span>
     <span class='ocr_line' id='line_1_5' title="bbox 117 466 1708 522; baseline -0.006 -8"><span class='ocrx_word' id='word_1_31' title='bbox 117 477 292 514; x_wconf 87' lang='lat' dir='ltr'>miretur</span> <span class='ocrx_word' id='word_1_32' title='bbox 316 477 357 513; x_wconf 87' lang='lat' dir='ltr'>te</span> <span class='ocrx_word' id='word_1_33' title='bbox 380 474 445 512; x_wconf 90' lang='lat' dir='ltr'>illi</span> <span class='ocrx_word' id='word_1_34' title='bbox 470 474 516 512; x_wconf 93' lang='lat' dir='ltr'>in</span> <span class='ocrx_word' id='word_1_35' title='bbox 539 487 585 512; x_wconf 90' lang='lat' dir='ltr'>eo</span> <span class='ocrx_word' id='word_1_36' title='bbox 612 485 696 511; x_wconf 92' lang='lat' dir='ltr'>non</span> <span class='ocrx_word' id='word_1_37' title='bbox 719 473 879 522; x_wconf 83' lang='lat' dir='ltr'>placere</span> <span class='ocrx_word' id='word_1_38' title='bbox 906 473 949 510; x_wconf 92' lang='lat' dir='ltr'>in</span> <span class='ocrx_word' id='word_1_39' title='bbox 975 486 1056 522; x_wconf 91' lang='lat' dir='ltr'>quo</span> <span class='ocrx_word' id='word_1_40' title='bbox 1083 474 1131 510; x_wconf 91' lang='lat' dir='ltr'>tu</span> <span class='ocrx_word' id='word_1_41' title='bbox 1156 471 1235 509; x_wconf 89' lang='lat' dir='ltr'>tibi</span> <span class='ocrx_word' id='word_1_42' title='bbox 1260 470 1487 519; x_wconf 80' lang='lat' dir='ltr'>displices?</span> <span class='ocrx_word' id='word_1_43' title='bbox 1502 469 1511 484; x_wconf 96' lang='lat'>’</span> <span class='ocrx_word' id='word_1_44' title='bbox 1540 466 1708 517; x_wconf 85' lang='lat' dir='ltr'>perinde</span> 
     </span>
     <span class='ocr_line' id='line_1_6' title="bbox 118 533 1703 591; baseline -0.006 -12"><span class='ocrx_word' id='word_1_45' title='bbox 118 541 236 590; x_wconf 81' lang='lat' dir='ltr'>quasi</span> <span class='ocrx_word' id='word_1_46' title='bbox 266 541 336 591; x_wconf 89' lang='lat' dir='ltr'>qui</span> <span class='ocrx_word' id='word_1_47' title='bbox 361 541 504 579; x_wconf 88' lang='lat' dir='ltr'>insons</span> <span class='ocrx_word' id='word_1_48' title='bbox 532 540 635 578; x_wconf 87' lang='lat' dir='ltr'>furti</span> <span class='ocrx_word' id='word_1_49' title='bbox 663 541 735 577; x_wconf 92' lang='lat' dir='ltr'>aut</span> <span class='ocrx_word' id='word_1_50' title='bbox 763 538 967 588; x_wconf 86' lang='lat' dir='ltr'>sacrilegii</span> <span class='ocrx_word' id='word_1_51' title='bbox 995 550 1089 576; x_wconf 87' lang='lat' dir='ltr'>reus</span> <span class='ocrx_word' id='word_1_52' title='bbox 1116 537 1252 586; x_wconf 87' lang='lat' dir='ltr'>agitur</span> <span class='ocrx_word' id='word_1_53' title='bbox 1284 536 1392 585; x_wconf 87' lang='lat' dir='ltr'>apud</span> <span class='ocrx_word' id='word_1_54' title='bbox 1422 533 1703 584; x_wconf 72' lang='lat' dir='ltr'>Areopagitas,</span> 
     </span>
     <span class='ocr_line' id='line_1_7' title="bbox 118 597 1790 654; baseline -0.006 -9"><span class='ocrx_word' id='word_1_55' title='bbox 118 606 211 645; x_wconf 92' lang='lat' dir='ltr'>ideo</span> <span class='ocrx_word' id='word_1_56' title='bbox 240 606 410 644; x_wconf 84' lang='lat' dir='ltr'>damnet</span> <span class='ocrx_word' id='word_1_57' title='bbox 440 605 723 644; x_wconf 85' lang='lat' dir='ltr'>defensionem</span> <span class='ocrx_word' id='word_1_58' title='bbox 749 617 868 642; x_wconf 88' lang='lat' dir='ltr'>suam</span> <span class='ocrx_word' id='word_1_59' title='bbox 898 603 1007 654; x_wconf 92' lang='lat' dir='ltr'>quod</span> <span class='ocrx_word' id='word_1_60' title='bbox 1036 602 1248 652; x_wconf 75' lang='lat' dir='ltr'>displiceat</span> <span class='ocrx_word' id='word_1_61' title='bbox 1278 601 1498 639; x_wconf 73' lang='lat' dir='ltr'>necessitas</span> <span class='ocrx_word' id='word_1_62' title='bbox 1527 611 1630 649; x_wconf 85' lang='lat' dir='ltr'>quae</span> <span class='ocrx_word' id='word_1_63' title='bbox 1658 597 1707 635; x_wconf 84' lang='lat' dir='ltr'>ad</span> <span class='ocrx_word' id='word_1_64' title='bbox 1729 610 1790 642; x_wconf 81' lang='lat'>350</span> 
     </span>
     <span class='ocr_line' id='line_1_8' title="bbox 119 663 1704 720; baseline -0.006 -10"><span class='ocrx_word' id='word_1_65' title='bbox 119 671 332 710; x_wconf 80' lang='lat' dir='ltr'>dicendam</span> <span class='ocrx_word' id='word_1_66' title='bbox 362 684 525 709; x_wconf 86' lang='lat' dir='ltr'>causam</span> <span class='ocrx_word' id='word_1_67' title='bbox 551 670 697 720; x_wconf 83' lang='lat' dir='ltr'>adegit.</span> <span class='ocrx_word' id='word_1_68' title='bbox 756 669 888 707; x_wconf 90' lang='lat' dir='ltr'>Multo</span> <span class='ocrx_word' id='word_1_69' title='bbox 911 668 1030 706; x_wconf 89' lang='lat' dir='ltr'>aliter</span> <span class='ocrx_word' id='word_1_70' title='bbox 1049 667 1182 706; x_wconf 84' lang='lat' dir='ltr'>Fabro</span> <span class='ocrx_word' id='word_1_71' title='bbox 1209 679 1334 716; x_wconf 86' lang='lat' dir='ltr'>quam</span> <span class='ocrx_word' id='word_1_72' title='bbox 1363 665 1469 703; x_wconf 90' lang='lat' dir='ltr'>mihi</span> <span class='ocrx_word' id='word_1_73' title='bbox 1499 663 1704 712; x_wconf 82' lang='lat' dir='ltr'>displiceo.</span> 
     </span>
     <span class='ocr_line' id='line_1_9' title="bbox 114 730 1708 786; baseline -0.006 -11"><span class='ocrx_word' id='word_1_74' title='bbox 114 737 186 775; x_wconf 66' lang='lat' dir='ltr'>‘Sic</span> <span class='ocrx_word' id='word_1_75' title='bbox 210 736 317 775; x_wconf 90' lang='lat' dir='ltr'>mihi</span> <span class='ocrx_word' id='word_1_76' title='bbox 340 736 534 786; x_wconf 85' lang='lat' dir='ltr'>displiceo</span> <span class='ocrx_word' id='word_1_77' title='bbox 559 735 912 786; x_wconf 87' lang='lat' dir='ltr'>quemadmodum</span> <span class='ocrx_word' id='word_1_78' title='bbox 939 734 1019 772; x_wconf 91' lang='lat' dir='ltr'>sibi</span> <span class='ocrx_word' id='word_1_79' title='bbox 1042 732 1232 782; x_wconf 88' lang='lat' dir='ltr'>displicet</span> <span class='ocrx_word' id='word_1_80' title='bbox 1251 733 1359 770; x_wconf 89' lang='lat' dir='ltr'>ictus</span> <span class='ocrx_word' id='word_1_81' title='bbox 1377 743 1400 769; x_wconf 92' lang='lat' dir='ltr'>a</span> <span class='ocrx_word' id='word_1_82' title='bbox 1419 730 1589 779; x_wconf 85' lang='lat' dir='ltr'>scorpio,</span> <span class='ocrx_word' id='word_1_83' title='bbox 1613 741 1708 766; x_wconf 91' lang='lat' dir='ltr'>cum</span> 
     </span>
     <span class='ocr_line' id='line_1_10' title="bbox 120 792 1711 840; baseline -0.006 0"><span class='ocrx_word' id='word_1_84' title='bbox 120 801 354 840; x_wconf 80' lang='lat' dir='ltr'>antidotum</span> <span class='ocrx_word' id='word_1_85' title='bbox 375 801 579 840; x_wconf 90' lang='lat' dir='ltr'>admouet.</span> <span class='ocrx_word' id='word_1_86' title='bbox 639 800 819 839; x_wconf 85' lang='lat' dir='ltr'>Proinde</span> <span class='ocrx_word' id='word_1_87' title='bbox 838 800 996 838; x_wconf 90' lang='lat' dir='ltr'>dictum</span> <span class='ocrx_word' id='word_1_88' title='bbox 1016 799 1092 837; x_wconf 90' lang='lat' dir='ltr'>hoc</span> <span class='ocrx_word' id='word_1_89' title='bbox 1108 811 1192 836; x_wconf 91' lang='lat' dir='ltr'>non</span> <span class='ocrx_word' id='word_1_90' title='bbox 1211 796 1460 836; x_wconf 83' lang='lat' dir='ltr'>tantundem</span> <span class='ocrx_word' id='word_1_91' title='bbox 1479 794 1601 833; x_wconf 88' lang='lat' dir='ltr'>habet</span> <span class='ocrx_word' id='word_1_92' title='bbox 1615 792 1711 832; x_wconf 84' lang='lat' dir='ltr'>salis</span> 
     </span>
     <span class='ocr_line' id='line_1_11' title="bbox 120 860 1710 917; baseline -0.006 -11"><span class='ocrx_word' id='word_1_93' title='bbox 120 869 321 917; x_wconf 90' lang='lat' dir='ltr'>quantum</span> <span class='ocrx_word' id='word_1_94' title='bbox 349 866 484 917; x_wconf 91' lang='lat' dir='ltr'>prima</span> <span class='ocrx_word' id='word_1_95' title='bbox 511 867 647 905; x_wconf 85' lang='lat' dir='ltr'>fronte</span> <span class='ocrx_word' id='word_1_96' title='bbox 672 879 770 916; x_wconf 90' lang='lat' dir='ltr'>prae</span> <span class='ocrx_word' id='word_1_97' title='bbox 798 879 841 905; x_wconf 92' lang='lat' dir='ltr'>se</span> <span class='ocrx_word' id='word_1_98' title='bbox 869 866 958 904; x_wconf 87' lang='lat' dir='ltr'>fert.</span> <span class='ocrx_word' id='word_1_99' title='bbox 1018 864 1164 914; x_wconf 85' lang='lat' dir='ltr'>Pergis</span> <span class='ocrx_word' id='word_1_100' title='bbox 1190 865 1230 901; x_wconf 88' lang='lat' dir='ltr'>et</span> <span class='ocrx_word' id='word_1_101' title='bbox 1256 861 1373 901; x_wconf 87' lang='lat' dir='ltr'>addis</span> <span class='ocrx_word' id='word_1_102' title='bbox 1401 863 1443 899; x_wconf 89' lang='lat' dir='ltr'>te</span> <span class='ocrx_word' id='word_1_103' title='bbox 1474 860 1710 898; x_wconf 85' lang='lat' dir='ltr'>lacessitum</span> 
     </span>
     <span class='ocr_line' id='line_1_12' title="bbox 121 924 1790 982; baseline -0.005 -11"><span class='ocrx_word' id='word_1_104' title='bbox 121 946 144 970; x_wconf 87' lang='lat' dir='ltr'>a</span> <span class='ocrx_word' id='word_1_105' title='bbox 177 945 255 980; x_wconf 90' lang='lat' dir='ltr'>me,</span> <span class='ocrx_word' id='word_1_106' title='bbox 293 932 365 982; x_wconf 89' lang='lat' dir='ltr'>qui</span> <span class='ocrx_word' id='word_1_107' title='bbox 398 931 626 970; x_wconf 83' lang='lat' dir='ltr'>calumnier</span> <span class='ocrx_word' id='word_1_108' title='bbox 662 934 703 970; x_wconf 91' lang='lat' dir='ltr'>te</span> <span class='ocrx_word' id='word_1_109' title='bbox 742 931 935 970; x_wconf 88' lang='lat' dir='ltr'>deiecisse</span> <span class='ocrx_word' id='word_1_110' title='bbox 968 943 1060 968; x_wconf 81' lang='lat' dir='ltr'>mea</span> <span class='ocrx_word' id='word_1_111' title='bbox 1096 928 1247 978; x_wconf 88' lang='lat' dir='ltr'>scripta</span> <span class='ocrx_word' id='word_1_112' title='bbox 1283 939 1501 975; x_wconf 85' lang='lat' dir='ltr'>meamque</span> <span class='ocrx_word' id='word_1_113' title='bbox 1539 924 1710 974; x_wconf 83' lang='lat' dir='ltr'>Copiam</span> <span class='ocrx_word' id='word_1_114' title='bbox 1731 935 1790 967; x_wconf 80' lang='lat'>355</span> 
     </span>
     <span class='ocr_line' id='line_1_13' title="bbox 116 989 1706 1046; baseline -0.006 -10"><span class='ocrx_word' id='word_1_115' title='bbox 116 1000 373 1036; x_wconf 85' lang='lat' dir='ltr'>extenuasse.</span> <span class='ocrx_word' id='word_1_116' title='bbox 444 997 503 1035; x_wconf 88' lang='lat' dir='ltr'>Os</span> <span class='ocrx_word' id='word_1_117' title='bbox 532 996 765 1046; x_wconf 87' lang='lat' dir='ltr'>impudens,</span> <span class='ocrx_word' id='word_1_118' title='bbox 799 998 941 1035; x_wconf 87' lang='lat' dir='ltr'>extant</span> <span class='ocrx_word' id='word_1_119' title='bbox 970 1009 1073 1046; x_wconf 88' lang='lat' dir='ltr'>quae</span> <span class='ocrx_word' id='word_1_120' title='bbox 1101 993 1303 1044; x_wconf 88' lang='lat' dir='ltr'>scripsisti</span> <span class='ocrx_word' id='word_1_121' title='bbox 1333 992 1382 1030; x_wconf 91' lang='lat' dir='ltr'>de</span> <span class='ocrx_word' id='word_1_122' title='bbox 1411 992 1515 1029; x_wconf 89' lang='lat' dir='ltr'>meis</span> <span class='ocrx_word' id='word_1_123' title='bbox 1542 989 1706 1028; x_wconf 87' lang='lat' dir='ltr'>libellis.</span> 
     </span>
     <span class='ocr_line' id='line_1_14' title="bbox 122 1053 1713 1100; baseline -0.005 0"><span class='ocrx_word' id='word_1_124' title='bbox 122 1063 182 1100; x_wconf 86' lang='lat' dir='ltr'>Ea</span> <span class='ocrx_word' id='word_1_125' title='bbox 202 1062 414 1100; x_wconf 88' lang='lat' dir='ltr'>intantum</span> <span class='ocrx_word' id='word_1_126' title='bbox 434 1075 519 1100; x_wconf 92' lang='lat' dir='ltr'>non</span> <span class='ocrx_word' id='word_1_127' title='bbox 539 1062 756 1100; x_wconf 87' lang='lat' dir='ltr'>offendunt</span> <span class='ocrx_word' id='word_1_128' title='bbox 774 1062 962 1100; x_wconf 88' lang='lat' dir='ltr'>animum</span> <span class='ocrx_word' id='word_1_129' title='bbox 987 1073 1129 1099; x_wconf 91' lang='lat' dir='ltr'>meum</span> <span class='ocrx_word' id='word_1_130' title='bbox 1148 1061 1193 1097; x_wconf 89' lang='lat' dir='ltr'>vt</span> <span class='ocrx_word' id='word_1_131' title='bbox 1216 1070 1406 1096; x_wconf 86' lang='lat' dir='ltr'>excusem</span> <span class='ocrx_word' id='word_1_132' title='bbox 1433 1058 1474 1094; x_wconf 88' lang='lat' dir='ltr'>et</span> <span class='ocrx_word' id='word_1_133' title='bbox 1500 1053 1713 1094; x_wconf 89' lang='lat' dir='ltr'>commode</span> 
     </span>
     <span class='ocr_line' id='line_1_15' title="bbox 121 1120 1710 1177; baseline -0.005 -12"><span class='ocrx_word' id='word_1_134' title='bbox 121 1127 376 1177; x_wconf 86' lang='lat' dir='ltr'>interpreter.</span> <span class='ocrx_word' id='word_1_135' title='bbox 419 1127 474 1165; x_wconf 88' lang='lat' dir='ltr'>Et</span> <span class='ocrx_word' id='word_1_136' title='bbox 493 1127 571 1165; x_wconf 91' lang='lat' dir='ltr'>tibi</span> <span class='ocrx_word' id='word_1_137' title='bbox 590 1127 844 1177; x_wconf 86' lang='lat' dir='ltr'>sycophanta</span> <span class='ocrx_word' id='word_1_138' title='bbox 863 1140 968 1173; x_wconf 86' lang='lat' dir='ltr'>sum,</span> <span class='ocrx_word' id='word_1_139' title='bbox 990 1139 1035 1164; x_wconf 87' lang='lat' dir='ltr'>ac</span> <span class='ocrx_word' id='word_1_140' title='bbox 1061 1124 1312 1174; x_wconf 84' lang='lat' dir='ltr'>aequitatem</span> <span class='ocrx_word' id='word_1_141' title='bbox 1331 1124 1377 1161; x_wconf 92' lang='lat' dir='ltr'>in</span> <span class='ocrx_word' id='word_1_142' title='bbox 1393 1135 1459 1160; x_wconf 91' lang='lat' dir='ltr'>me</span> <span class='ocrx_word' id='word_1_143' title='bbox 1480 1120 1710 1170; x_wconf 86' lang='lat' dir='ltr'>desyderas,</span> 
     </span>
     <span class='ocr_line' id='line_1_16' title="bbox 122 1184 1711 1243; baseline -0.006 -12"><span class='ocrx_word' id='word_1_144' title='bbox 122 1193 195 1243; x_wconf 90' lang='lat' dir='ltr'>qui</span> <span class='ocrx_word' id='word_1_145' title='bbox 213 1194 253 1231; x_wconf 89' lang='lat' dir='ltr'>te</span> <span class='ocrx_word' id='word_1_146' title='bbox 271 1192 380 1242; x_wconf 89' lang='lat' dir='ltr'>apud</span> <span class='ocrx_word' id='word_1_147' title='bbox 400 1193 554 1231; x_wconf 90' lang='lat' dir='ltr'>amicos</span> <span class='ocrx_word' id='word_1_148' title='bbox 579 1193 625 1231; x_wconf 89' lang='lat' dir='ltr'>in</span> <span class='ocrx_word' id='word_1_149' title='bbox 647 1192 851 1232; x_wconf 88' lang='lat' dir='ltr'>inuidiam</span> <span class='ocrx_word' id='word_1_150' title='bbox 869 1205 1012 1231; x_wconf 91' lang='lat' dir='ltr'>vocem</span> <span class='ocrx_word' id='word_1_151' title='bbox 1031 1192 1040 1230; x_wconf 72' lang='lat' dir='ltr'>l</span> <span class='ocrx_word' id='word_1_152' title='bbox 1070 1203 1173 1241; x_wconf 89' lang='lat' dir='ltr'>quos</span> <span class='ocrx_word' id='word_1_153' title='bbox 1191 1192 1237 1228; x_wconf 89' lang='lat' dir='ltr'>tu</span> <span class='ocrx_word' id='word_1_154' title='bbox 1262 1201 1405 1227; x_wconf 87' lang='lat' dir='ltr'>omnes</span> <span class='ocrx_word' id='word_1_155' title='bbox 1425 1187 1607 1225; x_wconf 86' lang='lat' dir='ltr'>ferarum</span> <span class='ocrx_word' id='word_1_156' title='bbox 1627 1184 1711 1223; x_wconf 90' lang='lat' dir='ltr'>ritu</span> 
     </span>
     <span class='ocr_line' id='line_1_17' title="bbox 123 1252 1794 1308; baseline -0.006 -12"><span class='ocrx_word' id='word_1_157' title='bbox 123 1258 347 1296; x_wconf 86' lang='lat' dir='ltr'>frementes</span> <span class='ocrx_word' id='word_1_158' title='bbox 377 1258 492 1306; x_wconf 87' lang='lat' dir='ltr'>facis,</span> <span class='ocrx_word' id='word_1_159' title='bbox 523 1258 629 1308; x_wconf 92' lang='lat' dir='ltr'>quod</span> <span class='ocrx_word' id='word_1_160' title='bbox 664 1272 774 1297; x_wconf 89' lang='lat' dir='ltr'>vnus</span> <span class='ocrx_word' id='word_1_161' title='bbox 811 1260 883 1296; x_wconf 92' lang='lat' dir='ltr'>aut</span> <span class='ocrx_word' id='word_1_162' title='bbox 916 1257 1022 1296; x_wconf 87' lang='lat' dir='ltr'>alter</span> <span class='ocrx_word' id='word_1_163' title='bbox 1055 1269 1139 1294; x_wconf 92' lang='lat' dir='ltr'>non</span> <span class='ocrx_word' id='word_1_164' title='bbox 1173 1254 1271 1293; x_wconf 88' lang='lat' dir='ltr'>satis</span> <span class='ocrx_word' id='word_1_165' title='bbox 1308 1252 1492 1304; x_wconf 88' lang='lat' dir='ltr'>probarit</span> <span class='ocrx_word' id='word_1_166' title='bbox 1525 1252 1711 1289; x_wconf 85' lang='lat' dir='ltr'>nostram</span> <span class='ocrx_word' id='word_1_167' title='bbox 1732 1253 1794 1294; x_wconf 84' lang='lat'>360</span> 
     </span>
     <span class='ocr_line' id='line_1_18' title="bbox 123 1315 1712 1373; baseline -0.005 -12"><span class='ocrx_word' id='word_1_168' title='bbox 123 1323 292 1373; x_wconf 85' lang='lat' dir='ltr'>Gopiam</span> <span class='ocrx_word' id='word_1_169' title='bbox 313 1323 386 1362; x_wconf 91' lang='lat' dir='ltr'>abs</span> <span class='ocrx_word' id='word_1_170' title='bbox 405 1325 446 1362; x_wconf 88' lang='lat' dir='ltr'>te</span> <span class='ocrx_word' id='word_1_171' title='bbox 464 1323 714 1373; x_wconf 87' lang='lat' dir='ltr'>sugillatam.</span> <span class='ocrx_word' id='word_1_172' title='bbox 762 1323 934 1362; x_wconf 89' lang='lat' dir='ltr'>Memini</span> <span class='ocrx_word' id='word_1_173' title='bbox 948 1335 1045 1361; x_wconf 88' lang='lat' dir='ltr'>sane</span> <span class='ocrx_word' id='word_1_174' title='bbox 1064 1322 1162 1372; x_wconf 89' lang='lat' dir='ltr'>quid</span> <span class='ocrx_word' id='word_1_175' title='bbox 1183 1321 1232 1359; x_wconf 92' lang='lat' dir='ltr'>de</span> <span class='ocrx_word' id='word_1_176' title='bbox 1253 1319 1406 1359; x_wconf 89' lang='lat' dir='ltr'>nostris</span> <span class='ocrx_word' id='word_1_177' title='bbox 1424 1315 1712 1357; x_wconf 83' lang='lat' dir='ltr'>lucubrationi-</span> 
     </span>
     <span class='ocr_line' id='line_1_19' title="bbox 121 1382 1714 1438; baseline -0.005 -12"><span class='ocrx_word' id='word_1_178' title='bbox 121 1388 200 1426; x_wconf 86' lang='lat' dir='ltr'>bus</span> <span class='ocrx_word' id='word_1_179' title='bbox 227 1388 278 1426; x_wconf 87' lang='lat' dir='ltr'>ad</span> <span class='ocrx_word' id='word_1_180' title='bbox 309 1388 574 1427; x_wconf 83' lang='lat' dir='ltr'>Tunstallum</span> <span class='ocrx_word' id='word_1_181' title='bbox 604 1388 842 1438; x_wconf 88' lang='lat' dir='ltr'>scripseris:</span> <span class='ocrx_word' id='word_1_182' title='bbox 882 1401 1028 1426; x_wconf 88' lang='lat' dir='ltr'>verum</span> <span class='ocrx_word' id='word_1_183' title='bbox 1063 1385 1261 1436; x_wconf 85' lang='lat' dir='ltr'>quoniam</span> <span class='ocrx_word' id='word_1_184' title='bbox 1295 1384 1373 1422; x_wconf 86' lang='lat' dir='ltr'>tibi</span> <span class='ocrx_word' id='word_1_185' title='bbox 1403 1383 1491 1422; x_wconf 91' lang='lat' dir='ltr'>ioco</span> <span class='ocrx_word' id='word_1_186' title='bbox 1521 1382 1714 1419; x_wconf 85' lang='lat' dir='ltr'>dicuntur</span> 
     </span>
     <span class='ocr_line' id='line_1_20' title="bbox 123 1447 1714 1503; baseline -0.005 -12"><span class='ocrx_word' id='word_1_187' title='bbox 123 1454 275 1502; x_wconf 86' lang='lat' dir='ltr'>omnia,</span> <span class='ocrx_word' id='word_1_188' title='bbox 299 1467 383 1491; x_wconf 91' lang='lat' dir='ltr'>non</span> <span class='ocrx_word' id='word_1_189' title='bbox 403 1454 503 1492; x_wconf 90' lang='lat' dir='ltr'>alibi</span> <span class='ocrx_word' id='word_1_190' title='bbox 526 1454 780 1503; x_wconf 87' lang='lat' dir='ltr'>probabilius</span> <span class='ocrx_word' id='word_1_191' title='bbox 806 1456 867 1493; x_wconf 84' lang='lat' dir='ltr'>est,</span> <span class='ocrx_word' id='word_1_192' title='bbox 887 1456 927 1492; x_wconf 89' lang='lat' dir='ltr'>te</span> <span class='ocrx_word' id='word_1_193' title='bbox 946 1453 1033 1492; x_wconf 90' lang='lat' dir='ltr'>ioco</span> <span class='ocrx_word' id='word_1_194' title='bbox 1056 1452 1198 1491; x_wconf 87' lang='lat' dir='ltr'>ludere</span> <span class='ocrx_word' id='word_1_195' title='bbox 1225 1463 1349 1500; x_wconf 88' lang='lat' dir='ltr'>quam</span> <span class='ocrx_word' id='word_1_196' title='bbox 1373 1449 1461 1487; x_wconf 90' lang='lat' dir='ltr'>illic</span> <span class='ocrx_word' id='word_1_197' title='bbox 1481 1447 1553 1485; x_wconf 86' lang='lat' dir='ltr'>vbi</span> <span class='ocrx_word' id='word_1_198' title='bbox 1573 1447 1714 1485; x_wconf 88' lang='lat' dir='ltr'>nostra</span> 
     </span>
     <span class='ocr_line' id='line_1_21' title="bbox 123 1518 529 1568; baseline 0.002 -11"><span class='ocrx_word' id='word_1_199' title='bbox 123 1520 212 1557; x_wconf 89' lang='lat' dir='ltr'>tam</span> <span class='ocrx_word' id='word_1_200' title='bbox 231 1518 352 1557; x_wconf 87' lang='lat' dir='ltr'>valde</span> <span class='ocrx_word' id='word_1_201' title='bbox 371 1519 529 1568; x_wconf 82' lang='lat' dir='ltr'>probas.</span> 
     </span>
    </p>

    <p class='ocr_par' dir='ltr' id='par_1_4' title="bbox 122 1575 1805 2676">
     <span class='ocr_line' id='line_1_22' title="bbox 179 1575 1796 1635; baseline -0.006 -13"><span class='ocrx_word' id='word_1_202' title='bbox 179 1583 258 1622; x_wconf 85' lang='lat' dir='ltr'>Sed</span> <span class='ocrx_word' id='word_1_203' title='bbox 278 1583 481 1623; x_wconf 88' lang='lat' dir='ltr'>hactenus</span> <span class='ocrx_word' id='word_1_204' title='bbox 500 1583 657 1623; x_wconf 87' lang='lat' dir='ltr'>iocatus</span> <span class='ocrx_word' id='word_1_205' title='bbox 676 1584 834 1635; x_wconf 88' lang='lat' dir='ltr'>reliqua</span> <span class='ocrx_word' id='word_1_206' title='bbox 849 1585 890 1623; x_wconf 90' lang='lat' dir='ltr'>te</span> <span class='ocrx_word' id='word_1_207' title='bbox 907 1583 1012 1622; x_wconf 88' lang='lat' dir='ltr'>serio</span> <span class='ocrx_word' id='word_1_208' title='bbox 1027 1583 1135 1622; x_wconf 89' lang='lat' dir='ltr'>velle</span> <span class='ocrx_word' id='word_1_209' title='bbox 1150 1581 1265 1631; x_wconf 88' lang='lat' dir='ltr'>loqui</span> <span class='ocrx_word' id='word_1_210' title='bbox 1278 1579 1496 1630; x_wconf 87' lang='lat' dir='ltr'>profiteris.</span> <span class='ocrx_word' id='word_1_211' title='bbox 1548 1575 1716 1626; x_wconf 87' lang='lat' dir='ltr'>Repetis</span> <span class='ocrx_word' id='word_1_212' title='bbox 1736 1576 1796 1617; x_wconf 84' lang='lat'>365</span> 
     </span>
     <span class='ocr_line' id='line_1_23' title="bbox 125 1640 1716 1699; baseline -0.004 -13"><span class='ocrx_word' id='word_1_213' title='bbox 125 1648 233 1698; x_wconf 90' lang='lat' dir='ltr'>quod</span> <span class='ocrx_word' id='word_1_214' title='bbox 261 1648 307 1686; x_wconf 91' lang='lat' dir='ltr'>in</span> <span class='ocrx_word' id='word_1_215' title='bbox 336 1649 510 1699; x_wconf 84' lang='lat' dir='ltr'>epistola</span> <span class='ocrx_word' id='word_1_216' title='bbox 532 1663 624 1689; x_wconf 91' lang='lat' dir='ltr'>mea</span> <span class='ocrx_word' id='word_1_217' title='bbox 654 1664 738 1689; x_wconf 93' lang='lat' dir='ltr'>non</span> <span class='ocrx_word' id='word_1_218' title='bbox 768 1663 922 1689; x_wconf 86' lang='lat' dir='ltr'>cessem</span> <span class='ocrx_word' id='word_1_219' title='bbox 952 1652 993 1688; x_wconf 88' lang='lat' dir='ltr'>te</span> <span class='ocrx_word' id='word_1_220' title='bbox 1022 1648 1231 1699; x_wconf 85' lang='lat' dir='ltr'>postulare</span> <span class='ocrx_word' id='word_1_221' title='bbox 1260 1645 1449 1694; x_wconf 89' lang='lat' dir='ltr'>suspecti,</span> <span class='ocrx_word' id='word_1_222' title='bbox 1481 1656 1577 1682; x_wconf 90' lang='lat' dir='ltr'>cum</span> <span class='ocrx_word' id='word_1_223' title='bbox 1610 1640 1716 1680; x_wconf 87' lang='lat' dir='ltr'>nihil</span> 
     </span>
     <span class='ocr_line' id='line_1_24' title="bbox 122 1710 1716 1766; baseline -0.005 -14"><span class='ocrx_word' id='word_1_224' title='bbox 122 1727 298 1764; x_wconf 88' lang='lat' dir='ltr'>vsquam</span> <span class='ocrx_word' id='word_1_225' title='bbox 327 1715 381 1753; x_wconf 89' lang='lat' dir='ltr'>sit</span> <span class='ocrx_word' id='word_1_226' title='bbox 409 1715 660 1754; x_wconf 90' lang='lat' dir='ltr'>huiusmodi.</span> <span class='ocrx_word' id='word_1_227' title='bbox 731 1716 791 1754; x_wconf 88' lang='lat' dir='ltr'>At</span> <span class='ocrx_word' id='word_1_228' title='bbox 820 1716 929 1766; x_wconf 89' lang='lat' dir='ltr'>quod</span> <span class='ocrx_word' id='word_1_229' title='bbox 957 1715 1026 1753; x_wconf 88' lang='lat' dir='ltr'>hic</span> <span class='ocrx_word' id='word_1_230' title='bbox 1065 1713 1168 1752; x_wconf 91' lang='lat' dir='ltr'>serio</span> <span class='ocrx_word' id='word_1_231' title='bbox 1204 1712 1317 1759; x_wconf 65' lang='lat' dir='ltr'>dicis9</span> <span class='ocrx_word' id='word_1_232' title='bbox 1352 1711 1474 1760; x_wconf 90' lang='lat' dir='ltr'>paulo</span> <span class='ocrx_word' id='word_1_233' title='bbox 1512 1710 1608 1747; x_wconf 90' lang='lat' dir='ltr'>ante</span> <span class='ocrx_word' id='word_1_234' title='bbox 1645 1719 1716 1757; x_wconf 86' lang='lat' dir='ltr'>per</span> 
     </span>
     <span class='ocr_line' id='line_1_25' title="bbox 125 1774 1718 1830; baseline -0.004 -13"><span class='ocrx_word' id='word_1_235' title='bbox 125 1779 264 1818; x_wconf 83' lang='lat' dir='ltr'>lusum</span> <span class='ocrx_word' id='word_1_236' title='bbox 292 1780 468 1819; x_wconf 86' lang='lat' dir='ltr'>dixeras.</span> <span class='ocrx_word' id='word_1_237' title='bbox 523 1781 667 1829; x_wconf 67' lang='lat' dir='ltr'>Acidis,</span> <span class='ocrx_word' id='word_1_238' title='bbox 702 1781 868 1820; x_wconf 86' lang='lat' dir='ltr'>etiamsi</span> <span class='ocrx_word' id='word_1_239' title='bbox 899 1782 1073 1830; x_wconf 87' lang='lat' dir='ltr'>vterque</span> <span class='ocrx_word' id='word_1_240' title='bbox 1111 1780 1300 1818; x_wconf 89' lang='lat' dir='ltr'>nostrum</span> <span class='ocrx_word' id='word_1_241' title='bbox 1338 1775 1559 1815; x_wconf 87' lang='lat' dir='ltr'>arbitrium</span> <span class='ocrx_word' id='word_1_242' title='bbox 1593 1774 1642 1812; x_wconf 90' lang='lat' dir='ltr'>ad</span> <span class='ocrx_word' id='word_1_243' title='bbox 1677 1774 1718 1811; x_wconf 91' lang='lat' dir='ltr'>te</span> 
     </span>
     <span class='ocr_line' id='line_1_26' title="bbox 126 1837 1718 1896; baseline -0.004 -14"><span class='ocrx_word' id='word_1_244' title='bbox 126 1844 294 1892; x_wconf 87' lang='lat' dir='ltr'>deferat,</span> <span class='ocrx_word' id='word_1_245' title='bbox 331 1847 372 1883; x_wconf 91' lang='lat' dir='ltr'>te</span> <span class='ocrx_word' id='word_1_246' title='bbox 410 1858 496 1883; x_wconf 90' lang='lat' dir='ltr'>non</span> <span class='ocrx_word' id='word_1_247' title='bbox 532 1844 710 1885; x_wconf 87' lang='lat' dir='ltr'>libenter</span> <span class='ocrx_word' id='word_1_248' title='bbox 747 1848 1046 1896; x_wconf 88' lang='lat' dir='ltr'>suscepturum.</span> <span class='ocrx_word' id='word_1_249' title='bbox 1119 1845 1178 1882; x_wconf 93' lang='lat' dir='ltr'>At</span> <span class='ocrx_word' id='word_1_250' title='bbox 1220 1856 1302 1892; x_wconf 88' lang='lat' dir='ltr'>quo</span> <span class='ocrx_word' id='word_1_251' title='bbox 1339 1841 1510 1879; x_wconf 88' lang='lat' dir='ltr'>interim</span> <span class='ocrx_word' id='word_1_252' title='bbox 1547 1837 1718 1877; x_wconf 88' lang='lat' dir='ltr'>euanuit</span> 
     </span>
     <span class='ocr_line' id='line_1_27' title="bbox 126 1899 1799 1962; baseline -0.003 -14"><span class='ocrx_word' id='word_1_253' title='bbox 126 1909 359 1959; x_wconf 86' lang='lat' dir='ltr'>pacificator</span> <span class='ocrx_word' id='word_1_254' title='bbox 384 1910 465 1957; x_wconf 90' lang='lat' dir='ltr'>ille,</span> <span class='ocrx_word' id='word_1_255' title='bbox 488 1924 611 1961; x_wconf 89' lang='lat' dir='ltr'>quem</span> <span class='ocrx_word' id='word_1_256' title='bbox 636 1925 710 1962; x_wconf 86' lang='lat' dir='ltr'>ego</span> <span class='ocrx_word' id='word_1_257' title='bbox 734 1911 920 1950; x_wconf 88' lang='lat' dir='ltr'>obuersis</span> <span class='ocrx_word' id='word_1_258' title='bbox 946 1910 1139 1949; x_wconf 92' lang='lat' dir='ltr'>cornibus</span> <span class='ocrx_word' id='word_1_259' title='bbox 1168 1907 1456 1946; x_wconf 81' lang='lat' dir='ltr'>deterrebam‘?</span> <span class='ocrx_word' id='word_1_260' title='bbox 1512 1899 1599 1943; x_wconf 76' lang='lat' dir='ltr'>Sub</span> <span class='ocrx_word' id='word_1_261' title='bbox 1619 1904 1716 1941; x_wconf 90' lang='lat' dir='ltr'>haec</span> <span class='ocrx_word' id='word_1_262' title='bbox 1737 1910 1799 1943; x_wconf 75' lang='lat'>370</span> 
     </span>
     <span class='ocr_line' id='line_1_28' title="bbox 127 1968 1714 2025; baseline -0.004 -13"><span class='ocrx_word' id='word_1_263' title='bbox 127 1975 305 2013; x_wconf 80' lang='lat' dir='ltr'>hortaris</span> <span class='ocrx_word' id='word_1_264' title='bbox 317 1977 364 2014; x_wconf 89' lang='lat' dir='ltr'>vt</span> <span class='ocrx_word' id='word_1_265' title='bbox 377 1976 427 2014; x_wconf 87' lang='lat' dir='ltr'>ad</span> <span class='ocrx_word' id='word_1_266' title='bbox 443 1976 663 2025; x_wconf 87' lang='lat' dir='ltr'>pristinam</span> <span class='ocrx_word' id='word_1_267' title='bbox 678 1976 904 2016; x_wconf 86' lang='lat' dir='ltr'>amicitiam</span> <span class='ocrx_word' id='word_1_268' title='bbox 920 1976 1145 2014; x_wconf 86' lang='lat' dir='ltr'>redeamus.</span> <span class='ocrx_word' id='word_1_269' title='bbox 1194 1973 1340 2012; x_wconf 90' lang='lat' dir='ltr'>Isthuc</span> <span class='ocrx_word' id='word_1_270' title='bbox 1355 1969 1551 2021; x_wconf 87' lang='lat' dir='ltr'>persuade</span> <span class='ocrx_word' id='word_1_271' title='bbox 1572 1968 1714 2016; x_wconf 86' lang='lat' dir='ltr'>Fabro,</span> 
     </span>
     <span class='ocr_line' id='line_1_29' title="bbox 127 2034 1718 2090; baseline -0.004 -13"><span class='ocrx_word' id='word_1_272' title='bbox 127 2040 164 2078; x_wconf 84' lang='lat' dir='ltr'>si</span> <span class='ocrx_word' id='word_1_273' title='bbox 193 2041 320 2089; x_wconf 88' lang='lat' dir='ltr'>potes,</span> <span class='ocrx_word' id='word_1_274' title='bbox 352 2054 476 2090; x_wconf 92' lang='lat' dir='ltr'>quem</span> <span class='ocrx_word' id='word_1_275' title='bbox 505 2041 586 2079; x_wconf 87' lang='lat' dir='ltr'>huc</span> <span class='ocrx_word' id='word_1_276' title='bbox 617 2042 680 2080; x_wconf 88' lang='lat' dir='ltr'>tot</span> <span class='ocrx_word' id='word_1_277' title='bbox 712 2042 796 2080; x_wconf 91' lang='lat' dir='ltr'>iam</span> <span class='ocrx_word' id='word_1_278' title='bbox 828 2040 1017 2090; x_wconf 84' lang='lat' dir='ltr'>epistolis</span> <span class='ocrx_word' id='word_1_279' title='bbox 1048 2039 1160 2078; x_wconf 88' lang='lat' dir='ltr'>vltro</span> <span class='ocrx_word' id='word_1_280' title='bbox 1187 2050 1391 2088; x_wconf 88' lang='lat' dir='ltr'>prouoco;</span> <span class='ocrx_word' id='word_1_281' title='bbox 1424 2034 1532 2073; x_wconf 89' lang='lat' dir='ltr'>nihil</span> <span class='ocrx_word' id='word_1_282' title='bbox 1562 2034 1718 2073; x_wconf 89' lang='lat' dir='ltr'>veritus</span> 
     </span>
     <span class='ocr_line' id='line_1_30' title="bbox 130 2099 1718 2155; baseline -0.004 -12"><span class='ocrx_word' id='word_1_283' title='bbox 130 2105 389 2155; x_wconf 82' lang='lat' dir='ltr'>quorundam</span> <span class='ocrx_word' id='word_1_284' title='bbox 417 2106 574 2153; x_wconf 89' lang='lat' dir='ltr'>cauilla‚</span> <span class='ocrx_word' id='word_1_285' title='bbox 613 2106 684 2155; x_wconf 89' lang='lat' dir='ltr'>qui</span> <span class='ocrx_word' id='word_1_286' title='bbox 717 2119 784 2144; x_wconf 92' lang='lat' dir='ltr'>me</span> <span class='ocrx_word' id='word_1_287' title='bbox 820 2106 1009 2145; x_wconf 89' lang='lat' dir='ltr'>iactitant</span> <span class='ocrx_word' id='word_1_288' title='bbox 1041 2104 1083 2142; x_wconf 90' lang='lat' dir='ltr'>id</span> <span class='ocrx_word' id='word_1_289' title='bbox 1118 2105 1233 2142; x_wconf 89' lang='lat' dir='ltr'>metu</span> <span class='ocrx_word' id='word_1_290' title='bbox 1271 2102 1425 2148; x_wconf 82' lang='lat' dir='ltr'>fecisse,</span> <span class='ocrx_word' id='word_1_291' title='bbox 1461 2113 1546 2139; x_wconf 92' lang='lat' dir='ltr'>non</span> <span class='ocrx_word' id='word_1_292' title='bbox 1579 2099 1718 2138; x_wconf 89' lang='lat' dir='ltr'>animo</span> 
     </span>
     <span class='ocr_line' id='line_1_31' title="bbox 124 2164 1720 2215; baseline -0.004 -6"><span class='ocrx_word' id='word_1_293' title='bbox 124 2170 379 2209; x_wconf 81' lang='lat' dir='ltr'>Christiano.</span> <span class='ocrx_word' id='word_1_294' title='bbox 436 2170 659 2210; x_wconf 90' lang='lat' dir='ltr'>Pollicitus</span> <span class='ocrx_word' id='word_1_295' title='bbox 686 2185 779 2210; x_wconf 87' lang='lat' dir='ltr'>sum</span> <span class='ocrx_word' id='word_1_296' title='bbox 809 2184 875 2209; x_wconf 86' lang='lat' dir='ltr'>me</span> <span class='ocrx_word' id='word_1_297' title='bbox 904 2172 1168 2209; x_wconf 86' lang='lat' dir='ltr'>mutaturum</span> <span class='ocrx_word' id='word_1_298' title='bbox 1196 2169 1306 2206; x_wconf 89' lang='lat' dir='ltr'>locos</span> <span class='ocrx_word' id='word_1_299' title='bbox 1333 2178 1477 2205; x_wconf 90' lang='lat' dir='ltr'>omnes</span> <span class='ocrx_word' id='word_1_300' title='bbox 1500 2165 1545 2203; x_wconf 93' lang='lat' dir='ltr'>in</span> <span class='ocrx_word' id='word_1_301' title='bbox 1569 2164 1720 2215; x_wconf 85' lang='lat' dir='ltr'>quibus</span> 
     </span>
     <span class='ocr_line' id='line_1_32' title="bbox 130 2230 1800 2286; baseline -0.003 -12"><span class='ocrx_word' id='word_1_302' title='bbox 130 2235 182 2274; x_wconf 90' lang='lat' dir='ltr'>ab</span> <span class='ocrx_word' id='word_1_303' title='bbox 210 2234 284 2273; x_wconf 90' lang='lat' dir='ltr'>illo</span> <span class='ocrx_word' id='word_1_304' title='bbox 317 2235 600 2284; x_wconf 88' lang='lat' dir='ltr'>dissenseram,</span> <span class='ocrx_word' id='word_1_305' title='bbox 635 2235 672 2274; x_wconf 90' lang='lat' dir='ltr'>si</span> <span class='ocrx_word' id='word_1_306' title='bbox 706 2249 806 2286; x_wconf 91' lang='lat' dir='ltr'>quae</span> <span class='ocrx_word' id='word_1_307' title='bbox 839 2237 1026 2274; x_wconf 89' lang='lat' dir='ltr'>notaram</span> <span class='ocrx_word' id='word_1_308' title='bbox 1059 2234 1125 2272; x_wconf 91' lang='lat' dir='ltr'>vel</span> <span class='ocrx_word' id='word_1_309' title='bbox 1158 2234 1336 2272; x_wconf 87' lang='lat' dir='ltr'>mutaret</span> <span class='ocrx_word' id='word_1_310' title='bbox 1369 2230 1435 2269; x_wconf 90' lang='lat' dir='ltr'>vel</span> <span class='ocrx_word' id='word_1_311' title='bbox 1470 2230 1716 2269; x_wconf 82' lang='lat' dir='ltr'>defenderet.</span> <span class='ocrx_word' id='word_1_312' title='bbox 1739 2237 1800 2269; x_wconf 84' lang='lat'>375</span> 
     </span>
     <span class='ocr_line' id='line_1_33' title="bbox 131 2293 1720 2350; baseline -0.006 -10"><span class='ocrx_word' id='word_1_313' title='bbox 131 2300 312 2340; x_wconf 89' lang='lat' dir='ltr'>Promisi</span> <span class='ocrx_word' id='word_1_314' title='bbox 351 2313 418 2338; x_wconf 90' lang='lat' dir='ltr'>me</span> <span class='ocrx_word' id='word_1_315' title='bbox 454 2314 527 2350; x_wconf 90' lang='lat' dir='ltr'>pro</span> <span class='ocrx_word' id='word_1_316' title='bbox 565 2300 679 2339; x_wconf 89' lang='lat' dir='ltr'>virili</span> <span class='ocrx_word' id='word_1_317' title='bbox 716 2300 969 2339; x_wconf 89' lang='lat' dir='ltr'>aboliturum</span> <span class='ocrx_word' id='word_1_318' title='bbox 1011 2299 1258 2350; x_wconf 87' lang='lat' dir='ltr'>Apologiam</span> <span class='ocrx_word' id='word_1_319' title='bbox 1299 2309 1446 2343; x_wconf 89' lang='lat' dir='ltr'>meam,</span> <span class='ocrx_word' id='word_1_320' title='bbox 1488 2295 1611 2333; x_wconf 90' lang='lat' dir='ltr'>modo</span> <span class='ocrx_word' id='word_1_321' title='bbox 1650 2293 1720 2332; x_wconf 90' lang='lat' dir='ltr'>ille</span> 
     </span>
     <span class='ocr_line' id='line_1_34' title="bbox 131 2359 1720 2412; baseline -0.004 -8"><span class='ocrx_word' id='word_1_322' title='bbox 131 2365 295 2404; x_wconf 91' lang='lat' dir='ltr'>tolleret</span> <span class='ocrx_word' id='word_1_323' title='bbox 320 2378 439 2404; x_wconf 88' lang='lat' dir='ltr'>suam</span> <span class='ocrx_word' id='word_1_324' title='bbox 466 2365 791 2404; x_wconf 88' lang='lat' dir='ltr'>insectationem.</span> <span class='ocrx_word' id='word_1_325' title='bbox 851 2366 1067 2404; x_wconf 88' lang='lat' dir='ltr'>Postremo</span> <span class='ocrx_word' id='word_1_326' title='bbox 1094 2363 1284 2403; x_wconf 90' lang='lat' dir='ltr'>consului</span> <span class='ocrx_word' id='word_1_327' title='bbox 1311 2364 1432 2412; x_wconf 89' lang='lat' dir='ltr'>atque</span> <span class='ocrx_word' id='word_1_328' title='bbox 1458 2361 1583 2399; x_wconf 84' lang='lat' dir='ltr'>etiam</span> <span class='ocrx_word' id='word_1_329' title='bbox 1613 2359 1720 2398; x_wconf 89' lang='lat' dir='ltr'>obte-</span> 
     </span>
     <span class='ocr_line' id='line_1_35' title="bbox 132 2427 1721 2481; baseline -0.004 -12"><span class='ocrx_word' id='word_1_330' title='bbox 132 2433 264 2470; x_wconf 87' lang='lat' dir='ltr'>status</span> <span class='ocrx_word' id='word_1_331' title='bbox 297 2443 390 2469; x_wconf 87' lang='lat' dir='ltr'>sum</span> <span class='ocrx_word' id='word_1_332' title='bbox 422 2433 469 2469; x_wconf 86' lang='lat' dir='ltr'>vt</span> <span class='ocrx_word' id='word_1_333' title='bbox 506 2431 644 2481; x_wconf 88' lang='lat' dir='ltr'>aliquo</span> <span class='ocrx_word' id='word_1_334' title='bbox 677 2431 829 2480; x_wconf 90' lang='lat' dir='ltr'>scripto</span> <span class='ocrx_word' id='word_1_335' title='bbox 865 2432 1087 2470; x_wconf 85' lang='lat' dir='ltr'>testaretur</span> <span class='ocrx_word' id='word_1_336' title='bbox 1118 2429 1227 2467; x_wconf 89' lang='lat' dir='ltr'>inter</span> <span class='ocrx_word' id='word_1_337' title='bbox 1259 2441 1334 2466; x_wconf 88' lang='lat' dir='ltr'>nos</span> <span class='ocrx_word' id='word_1_338' title='bbox 1366 2427 1600 2465; x_wconf 90' lang='lat' dir='ltr'>animorum</span> <span class='ocrx_word' id='word_1_339' title='bbox 1634 2437 1721 2463; x_wconf 89' lang='lat' dir='ltr'>esse</span> 
     </span>
     <span class='ocr_line' id='line_1_36' title="bbox 128 2489 1722 2546; baseline -0.004 -12"><span class='ocrx_word' id='word_1_340' title='bbox 128 2508 390 2544; x_wconf 84' lang='lat' dir='ltr'>consensum,</span> <span class='ocrx_word' id='word_1_341' title='bbox 422 2498 464 2534; x_wconf 89' lang='lat' dir='ltr'>et</span> <span class='ocrx_word' id='word_1_342' title='bbox 489 2496 715 2546; x_wconf 87' lang='lat' dir='ltr'>eriperetur</span> <span class='ocrx_word' id='word_1_343' title='bbox 742 2509 843 2535; x_wconf 91' lang='lat' dir='ltr'>ansa</span> <span class='ocrx_word' id='word_1_344' title='bbox 871 2495 1123 2545; x_wconf 75' lang='lat' dir='ltr'>digladiandi</span> <span class='ocrx_word' id='word_1_345' title='bbox 1150 2495 1201 2533; x_wconf 93' lang='lat' dir='ltr'>de</span> <span class='ocrx_word' id='word_1_346' title='bbox 1230 2493 1350 2532; x_wconf 86' lang='lat' dir='ltr'>nobis</span> <span class='ocrx_word' id='word_1_347' title='bbox 1378 2491 1450 2541; x_wconf 89' lang='lat' dir='ltr'>qui</span> <span class='ocrx_word' id='word_1_348' title='bbox 1477 2490 1630 2540; x_wconf 88' lang='lat' dir='ltr'>partim</span> <span class='ocrx_word' id='word_1_349' title='bbox 1659 2489 1722 2528; x_wconf 92' lang='lat' dir='ltr'>illi</span> 
     </span>
     <span class='ocr_line' id='line_1_37' title="bbox 133 2553 1805 2610; baseline -0.003 -12"><span class='ocrx_word' id='word_1_350' title='bbox 133 2560 288 2610; x_wconf 88' lang='lat' dir='ltr'>partim</span> <span class='ocrx_word' id='word_1_351' title='bbox 317 2560 425 2598; x_wconf 91' lang='lat' dir='ltr'>mihi</span> <span class='ocrx_word' id='word_1_352' title='bbox 451 2561 604 2609; x_wconf 81' lang='lat' dir='ltr'>fauent,</span> <span class='ocrx_word' id='word_1_353' title='bbox 635 2563 706 2600; x_wconf 86' lang='lat' dir='ltr'>aut</span> <span class='ocrx_word' id='word_1_354' title='bbox 733 2561 842 2600; x_wconf 87' lang='lat' dir='ltr'>male</span> <span class='ocrx_word' id='word_1_355' title='bbox 869 2561 1029 2600; x_wconf 89' lang='lat' dir='ltr'>volunt.</span> <span class='ocrx_word' id='word_1_356' title='bbox 1088 2559 1310 2609; x_wconf 87' lang='lat' dir='ltr'>Nunquam</span> <span class='ocrx_word' id='word_1_357' title='bbox 1344 2557 1540 2606; x_wconf 87' lang='lat' dir='ltr'>dignatus</span> <span class='ocrx_word' id='word_1_358' title='bbox 1566 2557 1629 2593; x_wconf 82' lang='lat' dir='ltr'>est</span> <span class='ocrx_word' id='word_1_359' title='bbox 1656 2553 1724 2593; x_wconf 84' lang='lat' dir='ltr'>vel</span> <span class='ocrx_word' id='word_1_360' title='bbox 1744 2555 1805 2593; x_wconf 86' lang='lat'>380</span> 
     </span>
     <span class='ocr_line' id='line_1_38' title="bbox 134 2620 1724 2676; baseline -0.004 -13"><span class='ocrx_word' id='word_1_361' title='bbox 134 2638 207 2674; x_wconf 88' lang='lat' dir='ltr'>per</span> <span class='ocrx_word' id='word_1_362' title='bbox 237 2625 368 2663; x_wconf 86' lang='lat' dir='ltr'>alium</span> <span class='ocrx_word' id='word_1_363' title='bbox 399 2626 635 2676; x_wconf 90' lang='lat' dir='ltr'>quempiam</span> <span class='ocrx_word' id='word_1_364' title='bbox 667 2627 935 2676; x_wconf 88' lang='lat' dir='ltr'>respondere;</span> <span class='ocrx_word' id='word_1_365' title='bbox 969 2638 1043 2664; x_wconf 87' lang='lat' dir='ltr'>nec</span> <span class='ocrx_word' id='word_1_366' title='bbox 1076 2626 1216 2663; x_wconf 90' lang='lat' dir='ltr'>tamen</span> <span class='ocrx_word' id='word_1_367' title='bbox 1250 2623 1384 2661; x_wconf 89' lang='lat' dir='ltr'>adhuc</span> <span class='ocrx_word' id='word_1_368' title='bbox 1417 2621 1562 2659; x_wconf 89' lang='lat' dir='ltr'>desino</span> <span class='ocrx_word' id='word_1_369' title='bbox 1593 2620 1724 2658; x_wconf 89' lang='lat' dir='ltr'>Fabro</span> 
     </span>
    </p>
   </div>
   <div class='ocr_carea' id='block_1_3' title="bbox 717 2748 1135 2789">
    <p class='ocr_par' dir='ltr' id='par_1_5' title="bbox 717 2748 1135 2789">
     <span class='ocr_line' id='line_1_39' title="bbox 717 2748 1135 2789; baseline -0.007 -8"><span class='ocrx_word' id='word_1_370' title='bbox 717 2752 790 2788; x_wconf 87' lang='lat'>361.</span> <span class='ocrx_word' id='word_1_371' title='bbox 816 2749 902 2789; x_wconf 90' lang='lat' dir='ltr'>quid</span> <span class='ocrx_word' id='word_1_372' title='bbox 918 2752 962 2780; x_wconf 88' lang='lat' dir='ltr'>F:</span> <span class='ocrx_word' id='word_1_373' title='bbox 988 2748 1081 2788; x_wconf 88' lang='lat' dir='ltr'>quod</span> <span class='ocrx_word' id='word_1_374' title='bbox 1099 2752 1135 2779; x_wconf 83' lang='grc' dir='ltr'>Ε.</span> 
     </span>
    </p>
   </div>
   <div class='ocr_carea' id='block_1_4' title="bbox 179 2850 1712 3023">
    <p class='ocr_par' dir='ltr' id='par_1_6' title="bbox 180 2850 1546 2893">
     <span class='ocr_line' id='line_1_40' title="bbox 180 2850 1546 2893; baseline -0.004 -9"><span class='ocrx_word' id='word_1_375' title='bbox 180 2863 256 2892; x_wconf 83' lang='grc'><strong>347.</strong></span> <span class='ocrx_word' id='word_1_376' title='bbox 279 2852 418 2883; x_wconf 89' lang='lat' dir='ltr'>dictum</span> <span class='ocrx_word' id='word_1_377' title='bbox 435 2852 503 2893; x_wconf 82' lang='lat' dir='ltr'>est]</span> <span class='ocrx_word' id='word_1_378' title='bbox 521 2852 585 2892; x_wconf 89' lang='lat' dir='ltr'>Ep.</span> <span class='ocrx_word' id='word_1_379' title='bbox 604 2853 682 2884; x_wconf 89' lang='lat'>810.</span> <span class='ocrx_word' id='word_1_380' title='bbox 702 2855 837 2893; x_wconf 88' lang='lat'>169—70.</span> <span class='ocrx_word' id='word_1_381' title='bbox 1007 2852 1081 2890; x_wconf 86' lang='lat'>368.</span> <span class='ocrx_word' id='word_1_382' title='bbox 1106 2851 1236 2892; x_wconf 82' lang='lat' dir='ltr'>Addis]</span> <span class='ocrx_word' id='word_1_383' title='bbox 1256 2851 1320 2890; x_wconf 90' lang='lat' dir='ltr'>Ep.</span> <span class='ocrx_word' id='word_1_384' title='bbox 1337 2850 1412 2880; x_wconf 85' lang='lat'>810.</span> <span class='ocrx_word' id='word_1_385' title='bbox 1433 2858 1546 2889; x_wconf 81' lang='lat'>192—3.</span> 
     </span>
    </p>

    <p class='ocr_par' dir='ltr' id='par_1_7' title="bbox 180 2892 1544 2937">
     <span class='ocr_line' id='line_1_41' title="bbox 180 2892 1544 2937; baseline -0.004 -10"><span class='ocrx_word' id='word_1_386' title='bbox 180 2905 254 2935; x_wconf 79' lang='lat'>354.</span> <span class='ocrx_word' id='word_1_387' title='bbox 278 2895 414 2937; x_wconf 81' lang='lat' dir='ltr'>Pergis]</span> <span class='ocrx_word' id='word_1_388' title='bbox 431 2895 494 2935; x_wconf 88' lang='lat' dir='ltr'>Ep.</span> <span class='ocrx_word' id='word_1_389' title='bbox 511 2897 586 2927; x_wconf 90' lang='lat'>810.</span> <span class='ocrx_word' id='word_1_390' title='bbox 605 2897 722 2928; x_wconf 87' lang='lat'>181—2.</span> <span class='ocrx_word' id='word_1_391' title='bbox 1008 2905 1083 2933; x_wconf 83' lang='lat'>371.</span> <span class='ocrx_word' id='word_1_392' title='bbox 1106 2893 1277 2935; x_wconf 83' lang='lat' dir='ltr'>hortaris]</span> <span class='ocrx_word' id='word_1_393' title='bbox 1296 2894 1358 2933; x_wconf 90' lang='lat' dir='ltr'>Ep.</span> <span class='ocrx_word' id='word_1_394' title='bbox 1377 2892 1450 2923; x_wconf 92' lang='lat'>810.</span> <span class='ocrx_word' id='word_1_395' title='bbox 1475 2901 1544 2932; x_wconf 89' lang='lat'>194.</span> 
     </span>
    </p>

    <p class='ocr_par' dir='ltr' id='par_1_8' title="bbox 179 2934 1712 3023">
     <span class='ocr_line' id='line_1_42' title="bbox 179 2934 1712 2979; baseline -0.004 -9"><span class='ocrx_word' id='word_1_396' title='bbox 179 2941 255 2979; x_wconf 86' lang='lat'>362.</span> <span class='ocrx_word' id='word_1_397' title='bbox 279 2939 322 2970; x_wconf 87' lang='lat' dir='ltr'>ad</span> <span class='ocrx_word' id='word_1_398' title='bbox 339 2938 581 2979; x_wconf 78' lang='lat' dir='ltr'>Tunstallum]</span> <span class='ocrx_word' id='word_1_399' title='bbox 596 2939 660 2979; x_wconf 90' lang='lat' dir='ltr'>Ep.</span> <span class='ocrx_word' id='word_1_400' title='bbox 681 2940 755 2979; x_wconf 84' lang='lat'>583.</span> <span class='ocrx_word' id='word_1_401' title='bbox 1010 2948 1083 2977; x_wconf 83' lang='lat'>374.</span> <span class='ocrx_word' id='word_1_402' title='bbox 1103 2936 1305 2978; x_wconf 83' lang='lat' dir='ltr'>Pollicitus]</span> <span class='ocrx_word' id='word_1_403' title='bbox 1319 2937 1338 2967; x_wconf 92' lang='grc' dir='ltr'>Ι</span> <span class='ocrx_word' id='word_1_404' title='bbox 1351 2937 1482 2967; x_wconf 88' lang='lat' dir='ltr'>cannot</span> <span class='ocrx_word' id='word_1_405' title='bbox 1495 2935 1572 2965; x_wconf 91' lang='lat' dir='ltr'>find</span> <span class='ocrx_word' id='word_1_406' title='bbox 1582 2934 1712 2965; x_wconf 89' lang='lat' dir='ltr'>where.</span> 
     </span>
     <span class='ocr_line' id='line_1_43' title="bbox 179 2979 1587 3023; baseline -0.002 -10"><span class='ocrx_word' id='word_1_407' title='bbox 179 2984 253 3023; x_wconf 86' lang='lat'>365.</span> <span class='ocrx_word' id='word_1_408' title='bbox 279 2981 473 3023; x_wconf 86' lang='lat' dir='ltr'>profiteris]</span> <span class='ocrx_word' id='word_1_409' title='bbox 491 2982 555 3022; x_wconf 89' lang='lat' dir='ltr'>Ep.</span> <span class='ocrx_word' id='word_1_410' title='bbox 571 2983 645 3014; x_wconf 88' lang='lat'>810.</span> <span class='ocrx_word' id='word_1_411' title='bbox 667 2984 738 3014; x_wconf 89' lang='lat'>186.</span> <span class='ocrx_word' id='word_1_412' title='bbox 1010 2983 1085 3020; x_wconf 86' lang='lat'>376.</span> <span class='ocrx_word' id='word_1_413' title='bbox 1112 2980 1278 3021; x_wconf 84' lang='lat' dir='ltr'>Promisi]</span> <span class='ocrx_word' id='word_1_414' title='bbox 1296 2980 1359 3020; x_wconf 86' lang='lat' dir='ltr'>Ep.</span> <span class='ocrx_word' id='word_1_415' title='bbox 1380 2979 1451 3018; x_wconf 82' lang='lat'>778.</span> <span class='ocrx_word' id='word_1_416' title='bbox 1473 2979 1587 3017; x_wconf 91' lang='lat'>168—9.</span> 
     </span>
    </p>
   </div>
   <div class='ocr_carea' id='block_1_5' title="bbox 223 3023 1574 3067">
    <p class='ocr_par' dir='ltr' id='par_1_9' title="bbox 223 3023 1574 3067">
     <span class='ocr_line' id='line_1_44' title="bbox 223 3023 1574 3067; baseline -0.003 -10"><span class='ocrx_word' id='word_1_417' title='bbox 223 3025 384 3067; x_wconf 87' lang='lat' dir='ltr'>Repetis]</span> <span class='ocrx_word' id='word_1_418' title='bbox 404 3026 466 3066; x_wconf 90' lang='lat' dir='ltr'>Ep.</span> <span class='ocrx_word' id='word_1_419' title='bbox 485 3027 560 3057; x_wconf 84' lang='lat'>810.</span> <span class='ocrx_word' id='word_1_420' title='bbox 582 3036 653 3066; x_wconf 88' lang='lat'>191.</span> <span class='ocrx_word' id='word_1_421' title='bbox 1013 3035 1086 3063; x_wconf 85' lang='lat'>377.</span> <span class='ocrx_word' id='word_1_422' title='bbox 1111 3023 1288 3064; x_wconf 84' lang='lat' dir='ltr'>consului]</span> <span class='ocrx_word' id='word_1_423' title='bbox 1307 3024 1368 3063; x_wconf 88' lang='lat' dir='ltr'>Ep.</span> <span class='ocrx_word' id='word_1_424' title='bbox 1388 3024 1461 3061; x_wconf 86' lang='lat'>814.</span> <span class='ocrx_word' id='word_1_425' title='bbox 1480 3031 1520 3051; x_wconf 84' lang='lat'>22</span> <span class='ocrx_word' id='word_1_426' title='bbox 1529 3032 1574 3060; x_wconf 82' lang='lat'>-4.</span> 
     </span>
    </p>
   </div>
  </div>
 </body>
</html>
