2034 3433
270 155 350 192 424
735 150 983 192 LETTERS
1024 150 1093 189 OF
1132 148 1398 189 ERASMUS
1739 144 1778 198 [1
1788 150 1810 194 5
1818 158 1832 182 1
1842 146 1863 181 8

271 257 507 296 Louanium
538 268 738 296 reuersus.
800 253 892 292 Hoc
921 252 1058 291 labore
1086 253 1306 292 extricatus
1335 250 1614 299 Paraphrases
1635 249 1859 298 absoluam,

270 323 305 361 si
327 323 517 362 Christus
537 324 630 372 Opt.
654 320 762 359 Max.
785 318 1040 368 aspirauerit.
1099 318 1255 357 Inuisit
1285 330 1361 356 nos
1385 314 1563 356 L‘ouanii
1589 315 1862 363 Praedicator,

272 388 343 439 qui
363 388 491 426 edidit
511 386 731 436 Octaplum
747 384 1024 424 Psalterium:
1053 383 1169 422 cuius
1188 383 1460 422 honorificam
1475 381 1578 420 facio
1599 381 1644 419 in
1665 380 1867 431 Apologia

272 453 540 499 mentionem,
565 452 671 503 quod
699 450 821 489 illum
847 463 947 488 sane
974 462 1057 488 non
1086 449 1204 499 fugit.
1265 449 1381 499 Opus
1407 448 1603 497 quoniam
1630 447 1757 486 vendi
1782 461 1868 487 non

214 532 252 563 35
272 522 418 569 potest,
437 519 560 557 donat
584 515 847 567 magnatibus
867 515 1153 562 obambulans,
1171 515 1295 564 atque
1317 514 1377 552 ita
1396 513 1560 552 charius
1579 513 1723 551 vendit
1743 527 1867 562 quam

272 585 307 623 si
333 583 539 623 venderet.
611 581 850 622 Conductus
878 582 941 619 est
967 594 991 618 a
1021 580 1130 629 Rege
1164 579 1382 618 Gallorum
1418 578 1669 627 octingentis
1701 578 1865 617 francis.

273 650 389 688 Meus
417 647 696 687 Cancellarius
726 645 848 697 periit
881 645 927 684 in
960 644 1202 695 Hispaniis:
1242 644 1350 683 vnde
1384 644 1471 693 spei
1508 645 1674 682 nostrae
1707 656 1870 682 summa

272 713 486 763 pendebat.
559 713 711 752 Scribit
744 711 859 750 illius
892 710 1134 758 sacellanus,
1172 711 1209 748 si
1242 713 1327 749 tres
1362 721 1528 747 menses
1559 708 1693 747 adhuc
1732 722 1870 759 super-

274 780 430 828 fuisset,
452 778 645 829 ampliter
662 778 927 827 prospectum
948 778 1036 815 erat
1058 776 1243 815 Erasmo.
1300 777 1341 815 A
1361 774 1493 814 Gallis
1512 788 1679 813 rursum
1698 775 1868 825 inuitor,

213 858 257 889 40
272 847 318 883 vt
337 858 386 883 ex
406 844 541 882 Budei
562 843 714 882 litteris
734 855 969 892 cognosces,
990 855 1167 891 quarum
1191 841 1402 891 exemplar
1420 840 1472 878 ad
1496 842 1537 878 te
1556 840 1678 879 mitto
1697 855 1706 879 ε
1733 853 1802 879 eas
1819 841 1870 879 ad

275 910 377 948 Idus
398 909 565 959 Apriles
585 908 758 958 scriptas
777 907 828 946 ad
846 907 986 946 Galen.
1006 907 1270 957 Septembres
1293 906 1440 956 accepi.
1513 905 1566 943 In
1586 906 1653 944 his
1671 906 1871 955 desydero

275 976 318 1013 in
336 974 505 1012 homine
525 986 694 1012 sensum
715 985 1006 1020 communem;
1037 972 1107 1011 sed
1133 971 1275 1010 minus
1299 971 1494 1019 offendor,
1517 971 1626 1021 quod
1647 971 1872 1010 domestice

276 1039 410 1078 norim
432 1038 616 1077 hominis
635 1037 862 1088 ingenium.
924 1036 1048 1075 Mitto
1069 1038 1109 1075 et
1130 1035 1299 1086 epistole
1322 1035 1532 1086 exemplar
1552 1048 1634 1085 qua
1659 1037 1872 1086 tantopere

276 1104 356 1142 fuit
377 1104 568 1143 offensus.
629 1102 758 1142 Faber
786 1102 936 1152 incipit
962 1114 1050 1140 esse
1075 1102 1231 1150 mitior,
1254 1103 1295 1140 et
1318 1114 1437 1150 spero
1460 1101 1546 1138 fore
1564 1102 1611 1140 vt
1630 1100 1676 1138 in
1696 1101 1873 1151 gratiam

213 1182 256 1214 45
276 1169 502 1209 redeamus.
563 1170 693 1207 Erant
718 1168 763 1206 in
793 1167 1018 1206 Germania
1044 1168 1116 1217 qui
1142 1167 1281 1206 nescio
1311 1166 1410 1216 quid
1434 1166 1605 1217 gannire
1625 1168 1873 1216 coeperant;

277 1235 347 1274 sed
368 1235 490 1274 Fabri
518 1234 711 1285 exemplo
739 1232 872 1272 territi
896 1232 1160 1280 destiterunt,
1183 1234 1448 1282 posteaquam
1476 1232 1620 1270 vident
1648 1232 1873 1271 Erasmum

279 1313 364 1338 non
402 1312 569 1350 prorsus
602 1298 846 1338 edentulum
884 1311 985 1337 esse.
1046 1298 1208 1337 Galliae
1243 1311 1378 1336 nouus
1416 1297 1567 1347 hospes
1602 1297 1693 1336 fieri
1725 1296 1869 1336 nolim.

279 1365 386 1413 Quid
410 1365 516 1403 mihi
537 1364 788 1415 sperandum
808 1364 863 1403 sit
885 1363 936 1403 ab
961 1363 1117 1414 Anglia
1142 1363 1290 1402 certior
1314 1362 1405 1401 fieri
1429 1363 1558 1413 cupio.
1618 1362 1876 1412 Ingrauescit

278 1432 401 1478 aetas,
433 1430 544 1468 vires
579 1431 859 1468 attenuantur.
918 1429 962 1468 Si
999 1429 1238 1468 accederent
1274 1430 1445 1467 centum
1477 1441 1624 1475 marce,
1657 1441 1758 1477 quas
1787 1428 1874 1466 Rex

219 1508 262 1540 50
280 1495 364 1533 iam
379 1495 542 1545 pridem
563 1495 694 1543 offert,
710 1508 797 1533 non
815 1494 1017 1533 ambirem
1033 1494 1224 1544 amplius.
1285 1493 1400 1532 Nihil
1415 1496 1478 1532 est
1494 1493 1602 1542 quod
1615 1493 1684 1533 hic
1701 1505 1872 1542 sperem.

281 1560 498 1611 Nusquam
535 1560 723 1610 gentium
757 1559 1058 1610 contemptiora
1095 1560 1233 1598 studia
1265 1561 1336 1597 aut
1370 1559 1642 1598 destitutiora.
1713 1558 1877 1597 Prodiit

281 1626 517 1674 Suetonius,
537 1639 620 1664 non
640 1627 728 1664 sine
745 1626 970 1673 maiestate,
991 1625 1092 1664 item
1110 1625 1184 1673 Qu.
1205 1624 1383 1664 Curtius.
1433 1624 1652 1664 Institutio
1668 1623 1876 1674 Principis

281 1704 424 1730 rursus
435 1704 594 1737 excusa,
610 1694 794 1741 preterea
808 1691 1083 1730 Enchiridion
1098 1690 1267 1729 adiectis
1279 1690 1371 1729 aliis
1385 1689 1611 1738 nonnullis,
1626 1689 1875 1728 Auctarium

284 1756 578 1806 Epistolarum,
608 1770 709 1806 quas
732 1757 888 1795 Beatus
917 1756 1129 1806 excerpsit.
1191 1756 1396 1805 Apologia
1422 1756 1556 1794 denuo
1582 1757 1644 1793 est
1669 1754 1872 1804 equgata,

218 1837 261 1868 55
286 1835 371 1860 non
401 1822 491 1860 sine
528 1822 782 1870 accessione3
825 1835 947 1871 quam
985 1821 1036 1860 ad
1069 1823 1110 1859 te
1140 1820 1275 1859 mitto.
1350 1820 1464 1858 Bene
1501 1819 1604 1869 vale,
1639 1819 1877 1859 doctissime

285 1887 510 1935 Tunstalle,
533 1889 574 1925 et
593 1888 665 1925 tuo
684 1886 858 1925 Erasmo
879 1888 924 1924 vt
942 1885 1049 1925 soles
1067 1886 1172 1924 faue.

337 1951 514 1991 Louanii
535 1965 581 1990 XI
599 1952 737 1991 Galen.
760 1952 935 1991 Nouem.
959 1953 1085 1990 Anno
1104 1963 1192 1989 M.D.
1223 1954 1281 1990 18.

338 2017 470 2056 Paulo
500 2019 723 2068 antequam
752 2016 939 2055 Louanio
969 2016 1231 2064 discederem,
1261 2018 1281 2054 ὁ
1310 2019 1427 2064 Λεῖος,
1460 2015 1630 2066 quicum
1659 2015 1767 2054 mihi
1794 2015 1878 2054 iam

285 2082 572 2121 intercesserat
591 2081 786 2129 amicitia,
804 2083 943 2121 nescio
964 2082 1081 2121 cuius
1102 2072 1232 2132 opera,
1250 2082 1407 2120 amicus
1422 2094 1509 2120 esse
1524 2081 1655 2120 desiit.
1707 2081 1880 2131 Ceperat

220 2152 266 2183 60
286 2149 483 2186 annotare
503 2147 679 2197 quedam
699 2148 744 2185 in
765 2147 884 2186 Nouo
905 2148 1183 2195 Testamento,
1205 2149 1251 2185 vt
1274 2147 1355 2197 ipsi
1380 2147 1519 2185 visum
1538 2148 1612 2196 est,
1633 2158 1880 2196 magnopere

286 2214 336 2252 ad
357 2226 445 2251 rem
464 2213 668 2261 facientia,
691 2215 737 2251 vt
756 2213 862 2251 mihi
882 2212 1022 2251 visum
1042 2214 1104 2251 est
1123 2212 1242 2260 nihil,
1266 2211 1448 2262 exceptis
1468 2212 1627 2250 duobus
1652 2213 1722 2250 aut
1745 2211 1880 2250 tribus

285 2279 399 2317 locis.
459 2280 514 2318 Et
537 2281 677 2318 tamen
702 2278 980 2328 amplectebar
1001 2278 1193 2326 officium,
1216 2278 1312 2316 licet
1338 2277 1534 2316 sentirem
1560 2276 1684 2316 illum
1711 2276 1881 2315 iactasse

286 2344 394 2394 apud
415 2344 622 2395 quendam
642 2344 887 2383 canonicum
905 2344 1147 2393 regularem,
1162 2343 1378 2382 hominem
1397 2345 1439 2382 et
1456 2343 1631 2381 minime
1650 2342 1821 2381 doctum
1838 2344 1880 2382 et

286 2410 336 2448 ad
365 2423 489 2460 quem
518 2423 564 2448 ea
593 2423 658 2448 res
686 2409 797 2448 nihil
829 2409 1043 2458 attinebat,
1077 2409 1184 2459 quod
1213 2422 1365 2458 magno
1393 2408 1550 2447 scilicet
1577 2407 1759 2457 periculo
1787 2406 1880 2446 scri·

222 2479 266 2519 -65
287 2475 460 2524 psissem
480 2474 696 2514 Christum
717 2488 802 2513 non
829 2474 909 2513 dici
940 2474 1124 2513 absolute
1149 2473 1403 2524 principium
1419 2488 1428 2521 ;
1458 2473 1567 2523 quod
1587 2486 1662 2523 ego
1680 2473 1737 2512 ita
1756 2471 1877 2519 sensi,

776 2573 830 2602 62.
855 2571 1097 2610 amplectabar
1114 2573 1205 2607 MN.;
1230 2572 1266 2607 cs.
1279 2581 1312 2607 p.
1337 2580 1384 2608 14.

283 2630 288 2632 —
329 2665 382 2693 31.
408 2654 662 2696 Paraphrases]
681 2655 745 2685 See
761 2664 794 2694 p.
816 2656 887 2693 136.
1160 2663 1212 2691 50.
1239 2652 1356 2693 offert]
1374 2652 1426 2684 cf.
1445 2652 1509 2692 Ep.
1526 2653 1600 2692 694.
1621 2662 1661 2682 10
1670 2661 1705 2682 n.

330 2708 381 2737 32.
405 2697 647 2738 Praedicator]
674 2698 765 2737 Aug.
794 2698 1048 2734 Justinianus;
1160 2707 1212 2735 52.
1238 2696 1445 2737 Suetonius]
1463 2696 1526 2727 See
1540 2696 1603 2736 Ep.
1620 2696 1695 2735 586.

287 2752 342 2771 see
359 2742 420 2781 Ep.
440 2742 513 2773 810.
526 2744 591 2781 356
604 2752 638 2772 n.
1204 2739 1365 2780 Curtius]
1384 2740 1448 2771 See
1464 2739 1525 2779 Ep.
1545 2750 1619 2778 704.

330 2794 382 2823 37.
407 2783 668 2824 cancellarius]
683 2785 732 2816 Le
749 2785 916 2824 Sauvage.
1206 2783 1411 2819 Institutio]
1430 2783 1493 2814 See
1510 2783 1573 2823 Ep.
1593 2784 1669 2821 853.

331 2829 383 2866 38.
410 2828 625 2869 sacellanus]
643 2828 681 2859 P.
699 2828 896 2859 Barbirius.
1161 2836 1213 2866 53.
1240 2826 1496 2867 Enchiridion]
1515 2826 1581 2857 See
1597 2825 1662 2866 Ep.
1679 2824 1755 2864 858.

330 2881 383 2908 40.
407 2871 538 2912 Budei]
554 2873 619 2912 Ep.
635 2873 710 2903 810.
1204 2870 1434 2910 Auctarium]
1454 2870 1507 2901 D1.

332 2923 383 2952 43.
410 2915 573 2956 epistole]
589 2916 653 2955 Ep.
672 2915 744 2953 778.
1161 2922 1214 2951 54.
1238 2913 1425 2954 Apologia]
1453 2914 1518 2944 See
1543 2913 1632 2952 Epp.
1661 2920 1734 2952 597.
1765 2919 1807 2949 32
1827 2918 1877 2949 n·‚

331 2957 384 2994 48.
408 2959 451 2988 ab
466 2958 616 2999 Anglia]
634 2959 698 2990 See
714 2959 777 2998 Ep.
795 2960 857 2997 964
876 2957 1012 2989 introd.
1120 2958 1181 2995 778
1198 2956 1330 2988 introd.

331 3010 384 3041 49.
408 3004 553 3032 centum
570 3000 703 3041 marce]
719 3003 798 3034 ⁵266.
816 3011 881 3041 138.
898 3005 949 3040 461.
1160 3001 1215 3039 58.
1238 3000 1255 3030 ὁ
1271 2999 1376 3042 Δεῖος]
1394 3000 1457 3031 See
1473 3009 1507 3039 p.
1525 3008 1601 3038 203.
