2034 3433
253 132 305 170 54
723 128 975 170 LETTERS
1014 128 1083 167 OF
1122 127 1386 167 ERASMUS
1730 123 1852 178 [1517

254 234 346 266 asin
365 235 428 274 Ep.
443 244 507 274 329
525 233 672 270 inti-od.²
691 232 729 262 in
747 232 810 263 the
827 232 950 270 spring
968 229 1007 259 of
1022 238 1125 269 15173
1153 228 1196 260 cf.
1215 229 1288 260 also
1305 230 1369 270 Ep.
1386 238 1460 269 595.
1478 237 1507 267 5,
1524 229 1554 259 6.
1604 228 1659 268 By
1675 227 1756 259 Jan.
1774 226 1857 266 1518

254 279 300 309 he
317 288 390 309 was
405 277 622 309 established
638 276 741 307 there
758 286 765 314 ;
790 275 832 307 cf.
851 275 915 313 Ep.
938 272 1026 313 768.]

289 371 497 402 ERASMVS
530 370 748 401 BONARVM
780 367 956 398 ARTIVM
989 366 1263 397 PROFESSORI
1294 367 1344 399 M.
1374 366 1614 398 GVILHEMO
1645 364 1821 396 NESENO

951 435 1034 465 SVO
1066 435 1100 468 S.
1128 435 1170 466 D.

313 523 452 561 BELLE
481 523 598 560 tuam
627 519 785 558 ornasti
815 517 996 567 Copiam.
1058 515 1178 554 Nihil
1206 517 1269 554 est
1294 517 1401 567 quod
1430 516 1659 567 indigneris
1679 515 1859 554 Budaeo.

258 588 324 627 Sic
346 587 484 626 visum
504 588 565 624 est
587 584 651 622 illi
671 597 766 622 cum
786 582 920 621 amico
940 581 1093 621 ludere.
1154 582 1332 621 Amicus
1351 584 1429 630 est,
1446 582 1591 621 doctus
1610 584 1682 629 est,
1698 583 1864 620 nostrae

258 652 451 692 factionis
471 653 543 699 est,
564 652 605 689 et
626 663 649 688 a
669 649 788 688 nobis
814 660 1062 697 responsum
1081 648 1145 685 est
1163 647 1276 685 satis.
1335 647 1484 687 Excita
1506 647 1792 686 Frobennium
1819 648 1865 685 vt

260 718 419 768 reliqua
448 718 590 755 nostra
618 713 814 753 similiter
843 715 961 751 ornet
991 714 1267 762 maturatque.
1328 712 1393 751 Ex
1423 713 1557 760 Beati,
1578 713 1663 752 imo
1684 712 1788 751 meis
1817 711 1867 750 ad

227 804 243 835 5
263 784 447 829 Beatum,
470 781 626 820 litteris
646 779 808 828 reliqua
828 790 1060 828 cognosces.
1120 777 1235 816 Bene
1256 777 1347 816 vale
1367 780 1408 816 et
1429 791 1505 816 nos
1531 791 1634 817 ama.

318 847 494 887 Louanii
511 846 646 896 pridie
667 843 960 883 Bartholomei.

320 913 463 952 Saluta
482 911 740 951 Lodouicum
762 910 963 956 nostrum,
986 908 1103 947 euius
1115 908 1318 958 profectui
1331 908 1527 959 gratulor.
1561 908 1614 949 M.
1633 907 1871 947 Conradum

264 977 384 1017 video
408 976 542 1015 adhuc
568 975 674 1014 mihi
704 986 954 1017 succensere.
976 986 1072 1012 cum
1098 973 1209 1012 nihil
1233 973 1395 1012 scribat.
1456 974 1565 1012 Eum
1589 986 1683 1013 meo
1701 973 1874 1012 1101111110

266 1041 477 1083 salutabis.

627 1149 632 1158 ·
679 1141 873 1195 614631662
934 1139 997 1179 To
1029 1139 1196 1180 HENRY
1229 1139 1457 1182 STROMER.

318 1234 505 1270 Deventer
524 1231 600 1267 MS.
623 1242 678 1277 91,
699 1230 724 1264 f.
748 1240 790 1276 52
808 1233 857 1265 v0.
1574 1231 1750 1266 Louvain.

318 1293 360 1328 D.
381 1305 415 1338 p.
439 1294 528 1328 188:
557 1291 594 1326 F.
616 1303 650 1335 p.
675 1291 761 1325 160:
791 1288 883 1324 HN:
911 1288 1026 1324 Lond.
1046 1288 1099 1325 iii.
1120 1299 1183 1334 30:
1210 1289 1281 1326 LB.
1304 1291 1383 1335 263.
1500 1301 1545 1334 24
1563 1289 1709 1336 August
1729 1297 1828 1335 1517.

317 1373 407 1415 [The
425 1370 607 1411 year-date
625 1370 678 1401 for
694 1370 770 1400 'this
787 1369 895 1400 series
911 1369 949 1399 of
961 1368 1084 1400 letters
1096 1378 1180 1410 may
1192 1371 1234 1401 be
1249 1370 1444 1402 confirmed
1461 1371 1509 1411 by
1519 1380 1631 1410 many
1644 1370 1874 1401 indications.

273 1419 307 1450 It
341 1418 372 1447 is
401 1415 575 1446 sufficient
607 1415 641 1444 to
673 1413 814 1444 remark
845 1413 937 1452 that,
966 1413 1006 1443 in
1037 1413 1099 1444 the
1131 1414 1289 1445 interval
1320 1415 1482 1446 between
1513 1414 1578 1445 the
1609 1414 1812 1445 dedication
1843 1412 1880 1444 of

273 1460 466 1493 Suetonius
491 1458 528 1499 (l.
556 1459 590 1497 5‘)
616 1458 688 1489 and
711 1458 774 1488 the
798 1457 1023 1497 publication
1055 1457 1093 1487 of
1123 1456 1178 1495 Dl,
1208 1467 1291 1497 1517
1316 1459 1346 1489 is
1378 1459 1442 1490 the
1472 1459 1559 1498 only
1582 1467 1667 1499 year
1691 1458 1731 1488 in
1756 1457 1877 1488 which

275 1506 443 1537 Erasmus
459 1512 533 1533 was
549 1504 586 1533 at
603 1502 765 1532 Louvain
783 1511 828 1532 on
846 1500 895 1531 St.
914 1500 1215 1532 Bartholomew’s
1232 1501 1331 1543 day]

276 1597 551 1632 CLARISSIMO
578 1597 754 1628 MEDICO
780 1597 821 1628 D.
845 1595 1067 1627 HEINRICO
1093 1595 1352 1626 STROMERIO
1377 1596 1654 1635 AVRBACHIO,
1676 1595 1883 1626 PATRONO

696 1666 751 1696 ET
784 1665 928 1695 AMICO
960 1665 1054 1695 MEO
1086 1665 1462 1699 INCOMPARABILI.

334 1749 373 1787 S.
391 1749 455 1797 R,
478 1746 760 1786 eruditissime
786 1745 954 1784 medice.
1014 1745 1166 1796 Accepi
1193 1759 1265 1796 per
1290 1759 1432 1785 meum
1456 1745 1665 1785 famulum
1684 1745 1886 1785 Iacobum

279 1814 421 1853 literas
440 1816 533 1852 tuas
552 1812 701 1851 multis
721 1811 891 1861 quidem
911 1811 1153 1850 nominibus
1167 1812 1426 1862 gratissimas
1442 1826 1451 1860 ;
1480 1812 1551 1851 sed
1564 1812 1642 1850 hoc
1653 1811 1885 1861 praecipue,

281 1880 389 1931 quod
411 1877 751 1918 reuerendissimi
771 1877 982 1916 Praesulis
1004 1877 1224 1916 honestam
1244 1878 1293 1916 de
1314 1877 1435 1916 nobis
1459 1876 1700 1927 opinionem
1725 1890 1771 1916 ac
1800 1889 1889 1926 pro·

281 1958 458 1996 pensum
478 1944 664 1982 fauorem
685 1942 895 1992 simulque
914 1942 1124 1992 singulare
1145 1942 1351 1992 quoddam
1371 1945 1493 1982 tuum
1512 1955 1609 1993 erga
1623 1955 1689 1981 me
1702 1942 1890 1981 studium

249 2028 265 2059 5
282 2012 500 2050 testentur.
557 2008 659 2046 Erat
679 2008 845 2046 animus
860 2007 1084 2046 inscribere
1098 2007 1423 2058 Archiepiscopo
1439 2007 1687 2047 Suetonium
1705 2007 1891 2057 aliosque

285 2076 357 2127 qui
382 2076 604 2115 Caesarum
624 2073 733 2112 vitas
760 2073 1079 2123 descripserunt,
1103 2086 1126 2111 a
1150 2086 1217 2111 me
1245 2075 1337 2123 post
1367 2086 1512 2112 omnes
1538 2087 1624 2112 non
1653 2075 1808 2112 temere
1834 2085 1892 2111 re-

285 2140 502 2191 cognitos3
532 2138 603 2177 sed
639 2140 727 2176 erat
758 2151 832 2176 cur
861 2138 902 2177 id
934 2138 1123 2188 fugerim.
1185 2138 1382 2178 Nondum
1414 2139 1550 2177 vilum
1589 2138 1704 2177 illius
1742 2139 1788 2177 in
1825 2151 1892 2176 me

286 2206 467 2245 officium
485 2217 578 2243 sum
594 2205 798 2254 expertus.
846 2204 926 2243 Sed
941 2205 1083 2242 tamen
1099 2217 1195 2242 cum
1209 2205 1332 2243 audio
1349 2204 1639 2244 celsitudinem
1650 2203 1764 2243 illius
1775 2206 1892 2243 tanto

288 2272 427 2310 animo
447 2271 586 2309 fauere
613 2269 745 2308 bonae
773 2269 860 2319 spei
886 2269 1074 2320 ingeniis,
1098 2269 1274 2309 arbitror
1302 2270 1493 2309 omnium
1519 2270 1779 2309 eruditorum
1806 2281 1894 2308 0550

233 2354 271 2377 10
288 2336 439 2387 parteis
467 2337 513 2374 vt
542 2334 671 2373 talem
699 2335 867 2373 heroem
896 2334 1091 2373 laudibus
1118 2335 1274 2374 vehant
1290 2352 1299 2383 ;
1329 2336 1435 2374 mihi
1464 2336 1541 2375 hoc
1572 2348 1736 2385 quoque
1761 2334 1895 2384 magis

289 2401 612 2451 suspiciendum,
634 2400 742 2450 quod
764 2401 886 2439 rebus
905 2401 986 2450 piis
1008 2414 1052 2439 ac
1077 2401 1199 2440 sacris
1226 2402 1363 2440 faueat
1388 2403 1532 2440 tantus
1557 2400 1785 2450 Princeps:
1815 2412 1895 2448 quo

335 2505 410 2535 631.
438 2513 500 2534 TIT.
520 2506 588 2534 Μ5.
606 2514 613 2533 z
637 2513 711 2535 mss.
730 2512 888 2534 ERAsmvs
904 2511 1156 2534 ROTERODAMVS
1171 2506 1241 2532 (mre
1257 2511 1461 2533 CLARszIMO
1477 2504 1551 2532 add.
1568 2503 1606 2532 D.
1718 2510 1790 2532 MEO
1806 2503 1873 2532 MS.
1888 2512 1895 2532 ι

292 2558 355 2579 5νο
371 2551 418 2579 D:
445 2558 502 2578 om.
521 2557 592 2577 cum
607 2549 732 2577 caeseris
749 2549 848 2577 titulis
863 2550 905 2577 H.
1069 2556 1098 2576 2.
1124 2545 1270 2586 quidem
1287 2549 1360 2576 add.
1380 2548 1422 2576 H.
1587 2554 1618 2583 3.
1648 2545 1837 2576 reuerendi
1854 2547 1895 2576 Η.

298 2603 347 2623 10.
374 2600 514 2630 quoque
530 2590 596 2621 hoc
612 2593 650 2621 D.
791 2600 839 2621 11.
865 2593 933 2621 MS.
949 2589 1012 2621 N2:
1038 2589 1307 2630 suscipiendum
1324 2588 1368 2619 Nl
1381 2591 1477 2619 Lond.

339 2680 414 2710 (330.
442 2689 468 2710 1.
496 2678 659 2719 copiam]
678 2678 846 2710 Froben's
863 2678 1003 2709 edition
1027 2677 1065 2708 of
1129 2676 1252 2715 Steitz,
1270 2686 1303 2716 p.
1319 2686 1371 2715 55.

295 2723 400 2763 April
421 2732 524 2762 15173
549 2732 603 2753 see
622 2723 685 2761 Ep.
703 2723 778 2760 462.
1219 2718 1439 2759 Conradum]
1494 2718 1688 2756 Fonteius3
1743 2718 1785 2749 cf.
1833 2719 1897 2759 Ep.

385 2765 548 2806 Budaeo]
623 2765 800 2804 Probably
869 2765 923 2796 for
1003 2764 1062 2795 his
1130 2764 1206 2801 464.
1222 2772 1276 2794 20.

299 2810 490 2841 criticisms
521 2810 560 2840 in
593 2809 656 2848 Ep.
690 2818 763 2848 435.
797 2818 836 2847 72
863 2819 932 2849 seq.
951 2819 958 2847 ;
1006 2818 1061 2839 see
1174 2806 1250 2839 631.
1269 2815 1296 2838 1.
1313 2805 1498 2846 Iacobum]
1516 2806 1653 2846 Nep0s;
1678 2815 1735 2837 see
1748 2806 1812 2847 Ep.
1825 2815 1899 2846 595.

300 2853 420 2885 Steitz.
441 2856 549 2893 Nesea,
568 2862 601 2892 p.
619 2861 659 2891 55
673 2862 708 2882 n.
1135 2859 1170 2880 11
1183 2859 1220 2881 n.

345 2908 376 2935 4.
403 2896 524 2936 Beati]
543 2896 606 2935 Ep.
624 2896 701 2927 628.
1181 2903 1211 2932 3.
1237 2892 1433 2934 Praesulis]
1486 2893 1786 2933 Archiepiscopus
1829 2892 1900 2924 Ma-

347 2950 376 2978 7.
403 2938 636 2979 Lodouicum]
672 2937 871 2979 Evidently
905 2938 1068 2976 Carinus,
1137 2938 1334 2977 guntinus:
1358 2937 1551 2975 Dinmarq.

302 2983 383 3014 who
407 2993 479 3014 was
505 2992 570 3013 one
601 2983 636 3013 of
667 2982 815 3013 Nesen's
845 2982 988 3022 pupils;
1022 2983 1065 3013 cf.
1181 2990 1212 3020 5.
1237 2981 1465 3021 Suetonium]
1483 2981 1546 3021 Ep.
1567 2981 1641 3020 586.
