2034 3433
1672 130 1750 168 217

156 130 255 186 774]
631 190 729 230 774.
790 187 855 229 To
887 188 1038 229 PETER
1067 187 1269 229 VANNES.

202 276 388 314 Deventer
403 278 479 314 MS.
499 289 556 324 91,
574 279 600 313 f.
620 289 676 324 30.
1392 275 1585 319 Antwerp.

203 335 274 371 LB.
293 336 391 383 App.
409 339 487 372 260.
1277 345 1320 371 22
1340 334 1529 378 February
1547 330 1700 379 (1518).

406 440 613 470 ERASMVS
643 439 786 470 PETRO
817 439 1032 469 AMMONIO
1064 439 1147 469 SVO
1178 438 1369 469 LVCENSI
1402 438 1436 467 S.
1461 437 1504 468 D.

211 519 413 558 MAIOREM
433 520 477 558 in
496 522 669 559 modum
691 523 730 558 te
749 533 846 570 rogo
865 521 911 558 vt
930 519 1026 557 huic
1053 518 1248 557 ministro
1275 532 1367 557 meo
1392 518 1530 556 tradas
1555 516 1749 567 quicquid

157 583 282 622 habes
293 585 562 634 epistolarum
577 585 795 624 Ammonii
811 585 861 624 ad
882 598 948 623 me
969 587 1039 623 aut
1059 597 1247 623 mearum
1267 585 1316 623 ad
1332 583 1621 631 Ammonium‚
1639 595 1751 632 prae—

156 651 267 687 terea
282 650 316 688 si
336 663 416 700 qua
433 652 533 689 sunt
551 648 691 703 [sunt]
706 650 955 700 exemplaria
974 650 1225 700 pertinentia
1243 651 1293 688 ad
1308 652 1498 688 nostrum
1519 648 1749 698 negocium.

159 713 251 752 Non
282 715 426 754 dubito
455 716 556 765 quin
578 716 717 755 faueas
739 716 891 766 gloriae
917 715 1081 765 cognati
1106 714 1196 754 tui:
1227 717 1270 753 at
1294 728 1368 765 ego
1391 715 1494 753 dabo
1521 726 1686 764 operam
1705 714 1752 751 vt

159 778 272 817 illius
297 780 599 819 immortalitati
627 781 854 819 consulam.
913 780 1095 818 Proinde
1118 793 1170 818 ne
1190 780 1375 828 moreris,
1401 792 1480 827 oro,
1507 777 1600 832 [hac
1621 777 1752 828 gratia
1771 796 1787 826 5

158 844 340 883 fasulum
373 843 534 898 meum]
564 846 639 884 hac
669 846 798 896 gratia
825 845 1031 883 famulum
1060 858 1212 884 meum.
1271 845 1315 883 Si
1344 844 1444 895 quid
1478 844 1557 882 erit
1590 845 1636 882 in
1671 856 1752 893 quo

159 908 236 947 tibi
255 910 413 959 possim
432 912 562 949 facere
581 913 758 961 gratum,
775 910 1000 960 comperies
1020 923 1096 948 nos
1114 910 1191 948 tibi
1211 924 1261 948 ex
1274 910 1415 948 animo
1430 910 1534 948 bene
1548 908 1747 947 volentes.

160 973 273 1012 Bene
293 975 394 1013 vale.
453 976 732 1026 Antwerpiae.
795 979 816 1013 8
839 975 922 1014 Cal.
945 976 1124 1014 Martias.

215 1038 319 1077 Cum
347 1040 447 1078 haec
475 1041 740 1091 scripsissem,
765 1041 998 1079 redduntur
1026 1040 1134 1078 mihi
1166 1040 1294 1078 simul
1326 1039 1446 1078 binae
1476 1041 1571 1078 tuae
1599 1038 1650 1076 ad
1685 1050 1752 1076 me

159 1102 330 1151 litterae,
367 1119 617 1156 supraquam
656 1106 738 1144 dici
769 1107 902 1156 possit
938 1105 1153 1155 iucundae,
1187 1105 1335 1156 quippe
1372 1105 1478 1143 tales
1515 1106 1562 1142 vt
1600 1117 1649 1142 ex
1686 1102 1753 1142 his
1774 1120 1813 1142 ιτ)

157 1182 323 1209 summa
341 1171 449 1209 mihi
468 1184 562 1221 spes
580 1172 645 1210 sit.

666 1315 760 1356 775.
821 1314 884 1355 To
914 1313 1039 1356 -JOHN
1073 1313 1250 1355 Sixrix.

207 1401 396 1438 Deventer
412 1403 487 1438 Ms.
508 1415 564 1449 91,
582 1403 607 1438 f.
626 1415 680 1449 30.
1400 1403 1590 1447 Antwerp.

207 1459 280 1495 LB.
298 1462 395 1507 App.
415 1464 494 1498 261.
1276 1473 1319 1497 22
1339 1462 1528 1506 February
1550 1458 1707 1507 (1518).

623 1565 830 1595 ERASMVS
861 1565 1046 1596 SIXTINO
1077 1566 1159 1596 SVO
1191 1566 1225 1597 S.
1247 1565 1291 1596 D.

215 1644 473 1684 MAGNOPERE
501 1648 544 1685 te
569 1660 666 1697 rogo
694 1649 742 1685 vt
769 1660 887 1686 meus
915 1647 1093 1685 Ioannes
1122 1661 1145 1685 a
1175 1647 1303 1685 Petro
1328 1646 1555 1684 Ammonio
1583 1643 1756 1695 accipiat

160 1723 239 1759 que
257 1711 398 1760 velim,
421 1712 545 1762 idque
566 1712 656 1750 sine
676 1725 804 1751 mora.
864 1713 973 1750 Nam
1002 1712 1128 1750 editio
1152 1712 1261 1751 Noui
1281 1711 1538 1750 Testamenti
1558 1709 1667 1760 cogit
1687 1723 1755 1748 me

160 1789 302 1814 rursus
327 1776 535 1816 Basileam
558 1777 680 1825 adire,
703 1779 776 1816 aut
795 1780 902 1816 certe
921 1777 1130 1815 Venetias.
1189 1777 1310 1815 Hanc
1336 1776 1614 1815 calamitatem
1634 1775 1754 1822 meis,

159 1842 206 1878 vt
232 1840 360 1888 aiunt,
383 1841 595 1891 quadrigis
617 1842 724 1880 mihi
749 1843 970 1891 accersiui;
1000 1842 1070 1881 sed
1095 1843 1203 1893 quod
1230 1841 1474 1880 intriuimus
1497 1840 1753 1879 exedendum

160 1907 234 1942 est.
294 1906 487 1945 Pontifex
514 1920 559 1945 ac
583 1907 785 1957 Princeps
807 1921 937 1946 nouas
956 1909 1085 1957 agunt
1107 1908 1350 1954 comoedias,
1373 1907 1444 1956 qui
1463 1919 1576 1944 nunc
1594 1904 1754 1943 bellum
1773 1925 1790 1955 5

161 1970 206 2006 in
231 1970 384 2009 Turcas
410 1975 667 2022 praetexunt,
691 1987 786 2011 cum
816 1973 950 2012 multo
978 1972 1090 2011 aliud
1119 1975 1274 2023 agatur.
1331 1972 1536 2011 Venimus
1566 1971 1616 2008 ad
1645 1982 1756 2008 sum—

161 2048 278 2073 mum
298 2038 338 2073 et
356 2037 591 2086 tyrannidis
620 2039 659 2075 et
682 2038 977 2088 impudentiae.
1037 2037 1118 2076 Hic
1147 2038 1192 2075 in
1219 2038 1367 2076 mediis
1393 2036 1556 2086 oppidis
1579 2036 1755 2085 grassari

161 2100 272 2138 fures
287 2104 490 2150 ceperant,
507 2103 577 2140 sed
593 2103 861 2152 magistratus
875 2103 1043 2142 tandem
1059 2104 1286 2153 experrecti
1301 2104 1496 2153 ceperunt
1511 2101 1750 2151 aduigilare.

161 2165 274 2204 Bene
303 2166 407 2215 vale,
437 2167 664 2205 amicorum
694 2167 960 2217 integerrime
987 2181 1033 2206 ac
1063 2170 1334 2218 patronorum
1367 2166 1749 2206 beneficentissime.

198 2231 470 2281 >Antvverpie.
495 2234 530 2269 8.
555 2232 640 2271 Cal.
661 2232 841 2270 Martias.
1776 2250 1814 2272 10

219 2297 333 2335 Haec
368 2297 438 2335 vbi
468 2297 733 2347 scripsissem,
770 2297 1001 2336 redduntur
1032 2300 1126 2335 tuae
1163 2298 1325 2335 litterae
1362 2310 1434 2347 per
1472 2297 1748 2334 Franciscum.

163 2364 203 2402 A
226 2363 481 2402 Maruffianis
503 2362 721 2412 pecuniam
745 2363 890 2412 accepi.
952 2363 1194 2401 Franciscus
1216 2364 1339 2412 negat
1363 2362 1442 2400 sibi
1467 2361 1592 2400 isthic
1612 2373 1753 2399 nume-

162 2431 291 2468 ratam
327 2428 555 2478 pecuniam,
592 2428 699 2478 quod
731 2428 966 2478 syngrapha
1003 2428 1130 2466 fuerit
1161 2441 1307 2478 parum
1345 2427 1561 2477 legittima.
1632 2425 1754 2465 Mitto

354 2538 425 2568 774.
453 2546 484 2577 5.
511 2540 582 2568 LB:
607 2537 806 2568 immortali
822 2539 892 2570 MS.
1028 2537 1099 2567 775.
1126 2538 1157 2568 8.
1183 2539 1256 2567 LB:
1280 2535 1482 2576 aduigelare
1497 2538 1566 2566 MS.

208 2638 282 2667 774.
308 2646 338 2668 2.
364 2635 612 2676 epistolarum]
637 2636 688 2667 Cf.
709 2635 770 2675 Ep.
790 2636 865 2674 656.
891 2646 920 2674 4.
1037 2645 1086 2666 12.
1112 2634 1320 2677 pecuniam]
1345 2634 1527 2666 Erasmus’
1552 2634 1753 2674 Aldington

207 2691 238 2720 3.
263 2679 466 2721 negocium]
484 2679 537 2711 cf.
555 2680 618 2719 Ep.
637 2689 699 2719 447
716 2679 847 2711 introd.
992 2680 1154 2719 pension,
1173 2679 1296 2709 which
1319 2688 1466 2718 appears
1488 2680 1525 2708 to
1548 2678 1638 2709 have
1663 2679 1752 2709 been

209 2724 283 2755 775.
297 2734 328 2762 4.
347 2723 532 2763 aceersiui]
546 2723 703 2763 Perhaps
713 2723 759 2762 by
770 2723 927 2762 altering
991 2723 1076 2762 paid
1092 2724 1131 2753 in
1147 2722 1303 2753 advance
1316 2732 1362 2753 on
1373 2721 1504 2762 special
1517 2722 1754 2753 instructions

164 2768 227 2799 the
255 2769 331 2797 text
356 2766 394 2797 of
418 2767 475 2797 his
504 2766 603 2805 early
628 2766 843 2797 translation
871 2767 926 2797 for
992 2767 1083 2797 from
1100 2766 1272 2796 Warham
1290 2776 1297 2804 ;
1313 2765 1357 2796 cf.
1376 2766 1438 2805 Ep.
1456 2775 1528 2804 794.
1542 2774 1608 2804 4‚5.
1651 2766 1754 2796 Eras-

164 2812 227 2843 the
250 2813 377 2841 Nouum
399 2812 668 2845 lust-rumentum;
691 2810 734 2842 cf.
764 2810 829 2850 Ep.
862 2811 926 2849 384
992 2820 1072 2840 mus
1089 2809 1161 2840 had
1183 2808 1341 2840 received
1366 2809 1429 2839 the
1451 2818 1582 2848 money
1596 2808 1754 2848 through

162 2853 294 2887 introd.
993 2853 1173 2883 Maruffo’s
1188 2855 1311 2892 agents
1329 2852 1387 2893 (cf.
1404 2853 1466 2891 Ep.
1483 2853 1558 2891 387.
1579 2862 1599 2882 2
1610 2853 1674 2894 n.)‚
1688 2853 1758 2883 but

208 2908 240 2937 5.
264 2896 419 2938 bellum]
440 2896 509 2926 For
532 2895 608 2926 this
632 2896 813 2935 projected
838 2896 924 2928 Cru-
992 2897 1050 2927 his
1074 2896 1138 2927 bill
1166 2898 1202 2927 to
1224 2896 1420 2926 reimburse
1440 2895 1541 2926 them
1566 2896 1639 2926 had
1665 2897 1753 2926 been

164 2943 247 2974 sade
264 2951 319 2972 see
337 2940 526 2979 Creighton
543 2940 590 2970 iv.
610 2948 726 2978 251-4.
991 2939 1133 2971 refused
1158 2941 1206 2979 by
1233 2939 1375 2978 Potkyn
1392 2953 1400 2978 ;
1424 2939 1468 2970 cf.
1494 2940 1558 2979 Ep.
1585 2940 1660 2978 782.
1676 2949 1751 2978 4-5,

212 2995 259 3016 11.
283 2982 530 3024 Franciscum]
546 2984 757 3014 Berckman.
989 2984 1061 3014 and
1079 2993 1134 3015 see
1151 2983 1225 3014 also
1242 2984 1330 3023 Epp.
1348 2984 1424 3022 823,
1442 2983 1516 3016 828.
