2034 3433
285 119 364 157 204

748 114 999 154 LETTERS
1038 113 1107 152 OF
1145 110 1407 150 ERASMUS

1751 105 1876 160 [1518

289 235 369 271 quo
389 220 495 260 mihi
515 223 648 259 cetera
666 218 843 269 placent,
861 228 993 255 vnum
1012 214 1118 252 illud
1134 213 1327 261 admiror,
1347 226 1418 251 cur
1433 211 1536 251 velit
1552 211 1878 261 disputationem

290 287 336 325 in
364 287 442 325 hoc
475 285 647 336 periculi
674 283 883 329 deducere,
906 282 952 319 vt
979 279 1051 329 qui
1077 279 1226 317 dixerit
1251 277 1466 316 Christum
1491 276 1762 315 resurrexisse
1789 278 1881 326 post

253 360 270 391 5
289 353 374 390 tres
404 351 502 400 dies,
533 350 727 398 loquatur
757 348 901 384 contra
929 344 1169 391 Ecclesiam,
1198 343 1340 382 contra
1377 341 1572 380 articulos
1603 340 1712 389 fidei,
1739 344 1882 379 contra

291 429 458 455 omnem
478 414 697 453 veritatem
717 426 726 450 :
756 424 852 449 cum
879 413 1022 448 tamen
1042 411 1103 448 tot
1123 421 1256 447 annos
1275 408 1333 446 ita
1353 408 1462 457 legat
1482 406 1675 445 Ecclesia.

292 480 430 519 stituit
450 492 537 517 rem
556 480 601 516 vt
620 478 692 515 aut
711 475 895 526 iugulare
914 473 1014 513 velit
1038 475 1109 512 aut
1135 471 1314 523 iugulari
1337 472 1392 510 sit
1418 484 1595 510 necesse.

1734 406 1802 444 Ita
1820 406 1883 444 in-

1655 470 1740 509 Nec
1766 469 1884 509 video

290 545 389 595 quid
409 544 519 582 vetet
538 541 619 580 dici
634 541 847 579 Christum
867 541 961 589 post
981 539 1156 578 tercium
1175 538 1285 577 diem
1304 536 1576 575 resurrexisse
1595 549 1604 583 ;
1634 535 1885 585 suffragante

291 607 558 658 synecdoche,
590 619 714 656 quam
747 617 870 642 nemo
902 603 1046 652 reiicit,
1070 604 1165 653 post
1193 602 1369 641 tercium
1399 601 1511 639 diem
1534 602 1726 639 exortum
1759 612 1887 638 resur-

236 686 275 707 10
292 673 408 712 rexit.

291 741 425 790 χεῖρας,
449 739 550 776 inter
566 748 716 783 manus,
737 737 780 773 et
797 736 892 785 μετὰ
910 736 1005 785 τρεῖς
1024 735 1172 784 ἡμέρας.

467 672 545 710 Sed
566 671 652 721 ipse
672 670 747 708 hec
767 668 917 708 melius
937 667 1137 718 dispicies.

1196 667 1281 706 Nec
1309 665 1455 719 (idem)
1483 666 1590 704 mihi
1609 665 1774 705 videtur
1792 666 1886 715 μετὰ

1230 733 1345 771 Bene
1364 732 1466 772 vale.

724 870 819 911 766.
879 869 944 910 ΤΟ
973 869 1141 910 HENRY
1173 867 1463 909 GLAREANUS.

340 962 529 997 Deventer
547 959 624 996 Ms.
643 970 698 1006 91,
716 960 742 996 f.
761 970 806 1005 37
824 963 875 994 v0.

342 1020 383 1054 D.
398 1031 432 1064 p.
450 1021 531 1064 165:
551 1019 636 1064 F.p.
652 1028 733 1064 152:
753 1016 841 1053 HN:
860 1017 974 1053 Lond.
986 1016 1039 1052 iii.
1058 1028 1117 1062 19:
1138 1017 1210 1053 LB.
1226 1027 1304 1060 302.

1333 957 1486 1003 College
1505 957 1555 991 du
1572 956 1645 999 Lis,
1663 955 1840 991 Louvain.

1413 1017 1454 1051 18
1472 1015 1642 1060 January
1662 1015 1763 1059 1518.

448 1099 634 1140 [Between
650 1099 711 1130 the
728 1098 890 1139 Apology
907 1098 1047 1139 against
1062 1097 1175 1128 Faber
1191 1096 1263 1128 and
1281 1096 1344 1127 the
1360 1095 1585 1136 publication
1601 1095 1640 1126 of
1653 1092 1731 1135 D¹.]

788 1197 994 1227 ERASMVS
1024 1196 1256 1228 GLARIANO
1287 1196 1320 1226 S.
1347 1196 1388 1226 D.

350 1279 549 1317 GEMINAE
569 1280 663 1316 tuae
682 1277 826 1316 literae
846 1277 1179 1328 conduplicatam
1209 1276 1317 1315 mihi
1345 1276 1605 1326 voluptatem
1624 1275 1809 1324 attulere,
1831 1274 1891 1313 mi

294 1343 486 1383 Glariane
502 1344 548 1381 in
566 1343 708 1393 paucis
727 1343 857 1382 chare.
907 1343 1046 1382 Patris
1065 1344 1244 1381 mortem
1260 1354 1413 1392 equum
1427 1343 1490 1380 est
1504 1354 1606 1391 equo
1621 1341 1725 1379 ferre
1737 1339 1889 1388 animo,

293 1409 535 1460 praesertim
554 1411 642 1447 tam
661 1409 862 1458 longaeui.

920 1409 1149 1447 Fortunam
1180 1408 1304 1446 istam
1330 1407 1407 1445 tibi
1426 1406 1622 1457 gratulor,
1646 1405 1717 1444 sed
1736 1406 1784 1444 vt
1801 1418 1890 1455 per—

294 1476 418 1525 petua
446 1474 502 1513 sit
528 1487 667 1524 precor
683 1487 693 1511 ;
723 1474 860 1512 solent
879 1474 993 1512 enim
1013 1474 1094 1511 ista
1113 1473 1351 1523 principum
1371 1472 1540 1510 donaria
1558 1471 1768 1521 πρόσκαιρα
1787 1470 1887 1508 εἶναι.

259 1545 276 1576 5
297 1540 414 1588 Quod
432 1539 574 1589 fugam
593 1539 769 1577 adornas
789 1538 917 1577 doleo.

297 1605 405 1655 quod
426 1606 488 1642 est
506 1603 551 1642 in
572 1603 765 1642 manibus
793 1604 989 1642 elabatur.

296 1669 444 1708 tariam
464 1669 584 1707 fratri
603 1669 872 1707 committere.

295 1735 435 1773 forsan
452 1734 609 1773 ibimus
626 1748 718 1773 vna.

974 1539 1126 1578 Vereor
1145 1537 1258 1576 enim
1278 1551 1329 1575 ne
1348 1537 1450 1576 dum
1470 1537 1543 1575 illa
1562 1535 1830 1586 persequeris,
1847 1535 1890 1573 id

1047 1603 1234 1643 Fortasse
1262 1602 1525 1653 praestiterat
1552 1614 1641 1639 rem
1668 1602 1891 1639 testamen-

931 1669 1050 1708 Certe
1070 1669 1132 1707 fac
1152 1670 1198 1708 vt
1218 1668 1345 1707 sciam
1365 1667 1529 1717 quando
1549 1667 1653 1705 velis
1671 1665 1887 1717 proficisci,

351 1800 483 1839 Fabro
502 1802 543 1839 te
561 1800 734 1839 charum
755 1813 844 1838 esse
871 1800 1038 1850 gaudeo,
1062 1800 1151 1839 viro
1174 1813 1265 1838 mea
1290 1797 1500 1837 sententia
1519 1798 1647 1846 doct0,
1670 1796 1831 1846 integro
1850 1798 1891 1834 et

240 1876 279 1898 10
297 1866 488 1914 humano,
511 1865 594 1903 nisi
613 1866 720 1916 quod
735 1865 779 1903 in
794 1879 860 1903 me
875 1865 955 1904 fuit
968 1865 1034 1904 sui
1046 1864 1272 1903 dissimilis.

1333 1864 1384 1902 Id
1396 1863 1480 1902 scio
1496 1863 1674 1901 aliorum
1688 1862 1891 1900 instinctu

297 1931 463 1969 factum.
522 1931 680 1969 Verum
696 1944 781 1969 non
794 1932 880 1969 erat
893 1930 1098 1970 eiusmodi
1112 1931 1193 1969 viri
1208 1930 1453 1980 cuiusquam
1469 1928 1655 1978 impulsu
1674 1927 1733 1966 sic
1752 1927 1891 1966 debac-

298 1996 412 2034 chari
431 1995 476 2034 in
496 1995 650 2034 famam
669 1996 856 2035 hominis
876 2010 925 2034 ex
944 1996 1084 2035 animo
1105 1995 1286 2034 amantis
1302 2009 1311 2043 3
1340 1995 1381 2033 id
1403 1994 1511 2045 quod
1530 1993 1618 2043 ipse
1645 1992 1822 2043 potuisti
1841 2005 1892 2031 ex

297 2063 493 2111 perpetuo
513 2075 605 2100 meo
625 2061 674 2099 de
696 2061 770 2100 illo
790 2074 980 2100 sermone
1001 2074 1254 2112 cognoscere.

1314 2059 1428 2098 Meae
1446 2059 1581 2098 :famae
1602 2071 1689 2097 non
1707 2057 1892 2096 multum

344 2170 417 2200 765.
444 2179 473 2208 3.
498 2169 587 2200 velit
602 2171 657 2199 LB
670 2180 678 2200 z
701 2170 795 2200 verit
810 2172 878 2201 MS.
1052 2180 1079 2208 7.
1106 2169 1211 2200 video
1227 2170 1357 2206 scripsi:
1380 2167 1459 2198 ideo
1475 2169 1545 2197 MS.
1719 2173 1769 2195 10.
1793 2164 1890 2195 idem

299 2216 372 2244 add.
390 2215 454 2244 LB.
560 2213 634 2244 766.
659 2222 723 2244 Trr.
748 2223 927 2245 GLAmANO
943 2217 1012 2245 MS.
1030 2224 1038 2244 ι
1061 2222 1218 2243 HENRICO
1233 2220 1417 2244 GLAREANO
1433 2219 1495 2241 svo
1511 2212 1550 2241 D.
1657 2217 1688 2240 2.
1714 2208 1891 2239 Glareane

301 2259 337 2287 D.
486 2266 516 2295 3.
542 2257 754 2296 praesertim
770 2258 846 2288 tam
863 2257 1026 2297 longaeui
1043 2259 1119 2287 add.
1135 2259 1170 2287 F.
1318 2265 1347 2294 5.
1374 2257 1401 2285 D
1416 2265 1423 2285 ε
1445 2254 1556 2284 Vereo
1571 2254 1640 2284 MS.
1783 2252 1815 2283 6.
1840 2254 1870 2282 D
1884 2263 1891 2282 :

300 2300 614 2331 testamentarium
629 2303 697 2332 MS.

300 2346 341 2374 H.
479 2352 529 2375 11.
553 2346 604 2374 D:
627 2343 840 2375 dabacchari
857 2346 925 2376 MS.

346 2443 419 2472 766.
443 2452 469 2473 1.
489 2442 628 2483 literae]
647 2443 741 2473 Both
756 2443 837 2474 lost.

345 2496 374 2516 2.
396 2485 528 2525 Patris]
550 2487 594 2526 (c.
614 2496 750 2525 1427—-
764 2486 873 2527 1517).
916 2486 972 2517 He
989 2485 1062 2516 had

303 2530 391 2559 been
401 2529 711 2560 town-councillor
721 2532 757 2560 at
767 2530 895 2561 Glarus
907 2530 960 2560 for
970 2530 1063 2568 forty

303 2582 414 2611 years,
462 2573 524 2603 See
541 2582 561 2603 a
577 2572 685 2604 letter
702 2574 793 2604 from
811 2573 1009 2605 Glareanus
1025 2574 1062 2603 to

304 2616 407 2646 Peter
423 2616 522 2655 Falk,
537 2616 645 2647 dated
655 2626 697 2655 23
709 2617 814 2656 April
828 2618 920 2656 1518,
937 2615 1040 2647 Basle
1055 2627 1062 2654 ;

302 2660 446 2698 printed
457 2660 497 2690 in
509 2662 660 2698 Anzeiqer
666 2664 696 2698 s.
707 2662 946 2691 schweizerische
960 2662 1063 2691 Gesch.

308 2703 431 2742 ΧΙ88ο),
447 2713 481 2743 p.
494 2704 568 2742 338,
576 2704 647 2734 and
658 2704 754 2734 cited
765 2705 802 2734 in
814 2703 877 2734 the
887 2703 1063 2734 excellent

304 2747 485 2784 appendix
522 2756 568 2778 on
603 2747 813 2778 Glareanus’
854 2747 979 2778 letters
1024 2747 1063 2776 in

306 2788 516 2820 Fritzsche's
535 2792 683 2828 Glarean,
698 2800 731 2830 p.
752 2800 822 2830 134.

347 2841 377 2870 3.
412 2832 626 2874 Fortunam]
657 2834 854 2865 Glareanus
885 2843 996 2865 seems
1027 2836 1064 2864 to

305 2876 394 2906 have
410 2877 569 2907 received
584 2877 677 2908 from
694 2877 841 2908 Francis
856 2887 869 2907 1
886 2887 906 2908 a
920 2879 1065 2916 present

305 2918 342 2948 of
356 2928 487 2959 money
503 2929 540 2950 as
553 2921 822 2960 compensation
838 2921 893 2951 for
905 2920 1010 2960 delay
1025 2921 1064 2950 in

303 2962 365 2992 the
405 2962 653 3001 appointment
683 2964 863 3003 promised
901 2964 940 2994 in
982 2964 1064 3002 1516

832 2311 860 2339 7.
885 2303 932 2331 D:
957 2300 1131 2340 proficissi
1147 2302 1214 2330 MS.

1064 2353 1114 2383 13.
1138 2345 1182 2375 de
1200 2345 1244 2373 bis
1260 2345 1295 2373 in
1310 2344 1391 2382 MS„
1411 2344 1446 2372 in
1455 2343 1520 2378 fine
1536 2344 1562 2371 et
1576 2341 1665 2370 initio
1680 2348 1835 2370 versuum.

1353 2309 1401 2329 10.
1430 2298 1502 2328 scio
1512 2300 1582 2334 post
1594 2296 1731 2326 factum
1747 2296 1893 2333 transfert

1128 2443 1209 2481 (Ep.
1231 2442 1306 2480 463.
1329 2441 1433 2480 42,3).
1480 2440 1543 2470 See
1567 2437 1759 2476 Fritzsche,
1777 2447 1810 2478 p.
1827 2447 1890 2477 233

1127 2485 1199 2517 and
1216 2485 1259 2516 cf.
1278 2484 1342 2524 Ep.
1362 2485 1437 2515 810.
1457 2493 1521 2522 443
1533 2492 1569 2514 n.

1171 2538 1206 2568 5.
1229 2526 1366 2568 fugam]
1388 2526 1586 2557 Glareanus
1602 2525 1710 2563 went,
1728 2523 1801 2555 and
1817 2534 1890 2556 was

1129 2574 1164 2602 at
1187 2571 1300 2611 Basle,
1319 2581 1360 2610 23
1377 2570 1483 2609 April
1500 2570 1538 2610 (l.
1557 2579 1577 2599 2
1590 2568 1657 2610 n.),
1675 2578 1721 2599 on
1737 2568 1796 2599 his
1812 2578 1891 2608 way

1129 2618 1165 2645 to
1181 2615 1310 2647 Glarus
1328 2613 1388 2652 (cf.
1405 2614 1476 2644 Zw.
1496 2612 1549 2643 E2.
1564 2613 1631 2651 34).
1666 2612 1720 2651 By
1736 2622 1775 2642 21
1794 2611 1890 2643 June

1129 2659 1175 2689 he
1191 2667 1263 2689 was
1280 2658 1384 2697 again
1401 2658 1440 2687 in
1458 2656 1559 2687 Paris
1577 2656 1660 2696 (Zw.
1677 2656 1728 2686 E2.
1745 2656 1819 2694 38).

1175 2712 1202 2741 7.
1229 2700 1352 2741 fratri]
1371 2701 1437 2732 See
1454 2701 1522 2731 Zw.
1539 2699 1594 2731 E2.
1611 2709 1688 2739 221,
1705 2708 1778 2738 252.

1173 2746 1204 2776 8.
1235 2745 1368 2775 ibimus
1391 2743 1479 2785 vna]
1506 2744 1677 2774 Erasmus
1705 2742 1891 2782 evidently

1129 2787 1297 2828 expected
1320 2788 1400 2818 that
1421 2787 1620 2819 Glareanus
1642 2786 1760 2818 would
1777 2785 1890 2817 travel

1130 2835 1168 2863 to
1185 2830 1421 2862 Switzerland
1440 2830 1596 2870 through
1614 2830 1785 2861 Louvain.
1833 2828 1889 2859 He

1130 2874 1341 2906 afterwards
1361 2874 1559 2913 attempted
1582 2875 1619 2904 to
1639 2883 1757 2904 secure
1782 2872 1890 2903 Bani-

1130 2919 1204 2949 sius
1221 2919 1269 2958 (p.
1285 2918 1359 2958 124)
1377 2928 1416 2949 as
1432 2928 1452 2949 a
1469 2917 1662 2957 travelling
1677 2915 1889 2956 companion

1131 2961 1248 3003 (BRE.
1269 2963 1336 3001 74).
