2034 3433
257 124 338 162 222
726 124 976 163 LETTERS
1015 123 1084 162 OF
1123 124 1389 164 ERASMUS
1735 121 1857 177 [1518

257 229 448 279 suspicio,
474 242 563 267 rem
592 229 733 267 animo
762 241 846 266 non
876 240 1045 277 syncero
1074 227 1125 266 ab
1154 227 1234 266 isto
1262 227 1361 277 geri.
1423 227 1564 277 Neque
1593 227 1706 265 enim
1730 240 1859 278 vsque

257 294 358 333 adeo
395 294 625 344 gratiosum
664 294 727 331 est
755 292 862 342 apud
892 305 958 330 me
997 291 1318 331 Guilielmorum
1347 291 1609 338 vocabulum,
1643 304 1769 342 quam
1797 305 1860 330 su-

257 361 455 409 spectum,
482 358 668 408 primum
696 357 963 408 ματαιολόγου,
987 356 1135 395 010111ᾶο
1156 359 1335 406 κηρυκτοῦ
1355 357 1559 407 πρόσωπον
1587 356 1676 404 1100,
1699 356 1856 406 opinor,

257 424 427 474 agentis,
449 425 495 461 vt
515 436 581 460 me
601 422 645 460 in
665 434 831 460 nassam
850 420 1037 459 illectum
1057 420 1258 459 irrideret.

200 496 237 527 25
312 489 373 526 De
403 488 607 537 Episcopo
636 486 872 525 Poncherio
899 485 1128 536 gestiebam
1155 485 1257 524 scire
1282 485 1381 536 quid
1409 487 1558 535 ageret,
1582 486 1622 523 et
1646 498 1749 523 num
1769 498 1858 524 con-

258 554 418 592 stanter
436 565 532 590 eum
552 552 596 589 in
616 565 693 591 nos
714 552 905 589 animum
925 550 1132 589 obtineret
1147 563 1272 601 quem
1291 550 1359 589 hic
1378 564 1477 600 prae
1496 564 1540 589 se
1559 549 1737 589 ferebat:
1765 563 1860 601 prae

258 633 299 657 se
319 617 478 655 ferebat
504 617 619 655 enim
650 630 790 655 rarum
820 616 1027 667 quendam
1047 630 1094 655 30
1114 616 1349 655 mirificum.
1411 616 1507 654 Non
1528 617 1636 666 quod
1656 615 1861 655 ambirem

259 683 482 733 quicquam
500 683 608 732 apud
624 682 937 731 illum,—cuius
953 682 1011 720 rei
1025 682 1093 720 vel
1112 682 1202 732 ipse
1217 682 1337 720 testis
1353 683 1426 730 est,
1446 681 1527 720 sibi
1551 681 1741 720 conscius
1760 681 1861 732 quid

259 748 454 787 detulerit
487 750 527 786 et
559 748 658 797 quid
694 760 769 797 ego
806 747 1171 798 responderim—3
1212 747 1284 786 sed
1318 747 1427 798 quod
1458 747 1788 797 pulcherrimum
1820 749 1861 786 et

199 825 239 855 30
257 813 526 852 ambiendum
546 826 635 851 esse
655 813 847 852 ducerem
864 812 902 851 ei
920 812 1125 863 placuisse
1140 812 1229 851 viro
1250 812 1320 863 qui
1339 813 1497 863 optimo
1513 813 1661 863 cuique
1681 812 1861 852 maxime

256 880 397 929 placet.
461 878 752 918 Clarissimum
785 880 1019 917 senatorem
1051 878 1288 927 Deloinum,
1320 878 1388 916 cui
1425 880 1467 916 te
1504 878 1730 928 impulsore
1767 878 1862 917 scri-

257 957 428 994 pseram,
465 944 716 982 subuerebar
745 957 798 982 ne
837 944 935 994 quid
964 946 1175 993 vtcunque
1205 946 1371 983 nostrae
1405 943 1676 983 offendissent
1703 943 1857 993 literae,

257 1009 365 1059 quod
385 1009 421 1048 is
447 1008 555 1047 nihil
583 1008 756 1048 omnino
779 1009 1055 1059 responderet.
1115 1009 1225 1048 Nam
1250 1009 1353 1048 scito
1373 1009 1484 1048 intra
1504 1022 1668 1048 menses
1687 1011 1863 1059 quatuor

258 1074 365 1112 nihil
403 1074 529 1112 istinc
567 1074 742 1112 allatum
781 1087 866 1113 esse
908 1075 1127 1113 literarum
1169 1075 1328 1124 praeter
1365 1074 1440 1112 has
1476 1075 1718 1123 postremas,
1761 1087 1863 1125 quas

197 1149 236 1180 35
257 1139 445 1178 Lutetiae
479 1139 598 1177 datas
632 1139 697 1177 die
731 1140 903 1178 brumae
933 1153 955 1178 e
988 1139 1205 1190 Maguntia
1237 1139 1354 1178 misit
1386 1139 1606 1178 Huttenus
1639 1140 1782 1179 noster
1811 1139 1862 1178 ad

258 1205 467 1243 decimum
488 1204 571 1243 Cal.
596 1205 782 1244 Martias.

311 1270 452 1319 Porro,
472 1270 582 1320 quod
599 1270 747 1308 scribis
763 1270 963 1320 quosdam
978 1270 1055 1308 hoc
1076 1270 1274 1309 lemmate
1290 1270 1536 1308 deterruisse
1550 1272 1592 1309 te
1606 1284 1659 1309 ne
1674 1283 1865 1321 pergeres

258 1337 301 1373 in
331 1335 599 1385 prouehendo
628 1337 772 1374 nostro
802 1335 980 1385 negocio,
1004 1336 1113 1385 quod
1140 1335 1372 1385 periculum
1402 1349 1492 1374 esse
1521 1335 1705 1375 dicerent
1735 1349 1799 1385 ne,
1827 1336 1864 1375 si

258 1401 530 1448 successisset,
563 1413 638 1439 vos
674 1414 820 1440 omnes
853 1404 891 1439 ἐν
920 1402 1046 1452 ἀτιμίᾳ
1078 1401 1211 1440 futuri
1247 1401 1400 1449 essetis,
1431 1414 1515 1439 non
1553 1401 1682 1451 potui,
1720 1401 1859 1449 fateor,

198 1483 240 1514 40
259 1466 412 1516 absque
428 1465 514 1504 risu
542 1465 686 1515 legere.
748 1465 891 1516 Neque
910 1465 1022 1504 enim
1042 1466 1148 1504 mihi
1166 1466 1375 1515 rogandus
1400 1479 1453 1514 es,
1478 1466 1635 1519 opinor,
1659 1467 1727 1505 vir
1745 1466 1862 1505 iuxta

258 1531 441 1582 prudens
467 1533 591 1581 atque
618 1544 783 1580 aequus,
807 1544 859 1569 ne
883 1531 991 1569 mihi
1016 1531 1152 1570 fraudi
1178 1531 1232 1570 sit
1259 1531 1367 1582 quod
1394 1531 1465 1569 alii
1485 1532 1534 1569 de
1555 1545 1622 1570 me
1642 1531 1709 1569 vel
1729 1544 1863 1570 errore

259 1597 327 1636 vel
354 1597 442 1635 ioco
472 1597 540 1635 vel
569 1596 708 1635 studio
737 1596 1073 1646 magnificentius
1101 1596 1389 1646 pronunciant.
1448 1596 1530 1635 Vix
1563 1597 1704 1635 credas
1737 1610 1862 1647 quam

260 1662 365 1700 mihi
395 1662 620 1701 molestum
658 1663 713 1701 sit
750 1662 973 1700 hominum
1010 1662 1247 1700 istiusmodi
1285 1662 1485 1710 studium,
1525 1663 1633 1712 quod
1672 1676 1738 1701 me
1778 1676 1863 1702 non

261 1727 458 1766 mediocri
477 1728 712 1778 frequenter
732 1729 876 1766 onerat
895 1727 1068 1766 inuidia.
1130 1727 1327 1766 Nondum
1347 1728 1475 1766 statui
1490 1729 1634 1766 Vtrum
1654 1727 1862 1778 deplorem

198 1805 238 1835 45
259 1792 453 1843 Episcopi
472 1790 637 1841 sertem,
662 1805 714 1831 an
740 1793 941 1842 pietatem
960 1793 1005 1830 in
1024 1792 1201 1842 patriam
1224 1792 1416 1841 admirer,
1439 1792 1510 1843 qui
1533 1794 1596 1831 tot
1621 1793 1865 1832 nominibus

259 1858 469 1897 difficilem
498 1858 747 1908 legationem
777 1858 949 1896 obierit:
979 1858 1165 1908 primum
1196 1857 1241 1896 in
1271 1859 1441 1907 negocio
1471 1857 1657 1906 molesto,
1688 1859 1738 1897 ad
1765 1858 1863 1898 haec

258 1923 368 1974 apud
393 1923 565 1973 Anglos,
595 1923 743 1962 deinde
772 1923 935 1973 hyeme,
957 1925 1167 1973 postremo
1196 1936 1291 1961 cum
1321 1923 1430 1972 apud
1458 1922 1554 1961 illos
1583 1923 1724 1962 omnia
1752 1937 1863 1963 nouo

258 1989 520 2039 pestilentiae
535 2002 682 2039 genere
695 1989 1004 2039 conflagrarent.
1055 1987 1296 2027 Huttenum
1307 1988 1386 2027 tibi
1398 1988 1564 2038 probari
1577 2001 1675 2027 sane
1687 1989 1863 2039 gaudeo:

260 2068 357 2093 nam
377 2055 466 2105 ipse
485 2055 671 2093 hominis
691 2054 859 2105 ingenio
884 2054 1063 2093 delector
1081 2054 1213 2093 vnice.
1272 2054 1446 2093 Vtinam
1477 2055 1617 2093 omnia
1644 2054 1760 2093 salua
1779 2055 1865 2094 sint

200 2132 240 2162 50
259 2119 501 2159 Tunstano!
543 2133 643 2158 nam
672 2122 712 2157 et
746 2119 845 2158 hinc
880 2119 1068 2158 discessit
1097 2133 1204 2168 eger,
1237 2133 1257 2157 e
1287 2119 1455 2158 famulis
1483 2120 1612 2158 altero
1641 2119 1797 2169 relicto,
1825 2124 1865 2158 et

258 2185 367 2234 apud
389 2185 619 2224 Britannos
638 2185 746 2223 nihil
765 2197 789 2223 a
808 2184 1046 2234 pestilentia
1069 2186 1223 2223 tutum.
1295 2185 1414 2224 Certe
1443 2184 1586 2223 literas
1606 2186 1698 2224 tuas
1717 2184 1864 2223 auidis-

258 2250 362 2288 sime
391 2250 608 2299 lectitauit,
645 2253 683 2289 et
714 2251 799 2289 iam
830 2251 1123 2301 argumentum
1153 2252 1328 2301 vtroque
1357 2249 1533 2299 dignum
1562 2250 1864 2300 propemodum

258 2315 499 2365 dispexerat.

304 2422 356 2450 23.
382 2412 604 2453 ματαιολόγου
621 2412 700 2447 ‹12ss1
718 2412 876 2452 θεολόγον
891 2412 964 2442 αῙΕ.
1055 2411 1212 2452 κηρυκτοῦ
1227 2410 1281 2442 a²:
1304 2410 1437 2450 κήρυκος
1451 2410 1498 2442 αἱ.
1585 2421 1638 2450 25.
1665 2410 1863 2442 Poncherio

260 2458 332 2487 add.
360 2456 404 2488 αἳ.
567 2457 620 2488 28.
653 2456 756 2487 cuius
779 2480 787 2487 .
816 2480 825 2486 .
853 2480 862 2488 .
889 2466 942 2495 29.
962 2455 1208 2495 responderim
1232 2457 1306 2485 adel.
1332 2458 1372 2485 D.
1526 2464 1579 2493 31.
1612 2454 1862 2486 Clarissimum

262 2502 464 2531 senatorem
481 2503 555 2531 add.
573 2503 611 2532 D.
760 2500 816 2530 cui
832 2522 841 2530 .
863 2525 870 2531 .
890 2523 897 2531 .
914 2500 1124 2539 scripseram
1140 2501 1216 2530 add.
1234 2501 1271 2530 D.
1462 2507 1515 2536 33.
1542 2498 1630 2529 scito
1647 2499 1691 2533 αβ
1707 2510 1714 2530 :
1736 2499 1808 2529 scio
1823 2501 1859 2528 F.

261 2552 314 2582 35.
340 2545 385 2577 ‹1ss
398 2557 403 2575 :
429 2544 617 2583 Moguntia
631 2546 677 2576 H.
830 2553 883 2582 37.
909 2553 954 2573 ne
970 2552 1135 2582 pergeres
1152 2566 1159 2574 .
1176 2566 1183 2574 .
1204 2566 1212 2573 .
1229 2551 1283 2581 39.
1300 2542 1528 2572 successisset
1543 2552 1581 2572 a:
1605 2550 1664 2580 ne,
1681 2542 1711 2572 si
1727 2551 1863 2573 succes-

262 2587 368 2620 sisset
385 2589 446 2621 DB
459 2599 464 2618 :
493 2597 548 2626 ne,
570 2588 600 2618 si
618 2588 858 2627 successisset,
875 2586 1077 2626 periculum
1094 2586 1188 2616 esset
1201 2587 1240 2616 E.
1359 2594 1411 2623 39.
1436 2585 1552 2615 futuri
1568 2586 1694 2616 essetis
1709 2585 1742 2615 α1
1756 2597 1762 2616 z
1787 2586 1863 2616 fore

263 2630 306 2662 αἳ.
456 2640 507 2669 41.
535 2630 589 2662 (1²1
614 2631 715 2662 faudi
731 2629 776 2663 al.
925 2640 976 2668 42.
1001 2630 1059 2660 vel
1075 2629 1194 2660 studio
1209 2628 1500 2668 magnificentius
1516 2631 1591 2659 add.
1609 2627 1652 2660 αἳ.
1765 2640 1785 2659 α
1796 2627 1839 2659 12²
1853 2640 1861 2661 :

262 2676 521 2713 pronunciauit
538 2674 583 2705 Dl
592 2676 625 2709 β.
771 2685 823 2712 44.
850 2674 1060 2712 frequenter
1075 2675 1150 2704 add.
1166 2674 1219 2703 H:
1242 2682 1300 2703 om.
1318 2672 1351 2706 β.
1497 2683 1549 2712 49.
1574 2682 1660 2703 nam
1678 2696 1685 2703 .
1704 2695 1711 2703 .
1732 2695 1739 2703 .
1758 2673 1862 2703 vnice

259 2721 333 2749 add.
352 2722 389 2750 D.
523 2728 575 2757 50.
603 2728 688 2748 nam
705 2743 712 2750 .
731 2741 737 2748 .
759 2742 766 2749 .
786 2727 840 2757 51.
856 2719 977 2748 tutum
995 2719 1068 2748 add,
1089 2719 1128 2747 D.

306 2821 359 2849 23.
384 2812 558 2852 mypmc-rofi]
596 2811 691 2843 Wm.
723 2810 819 2842 Petit
848 2810 928 2851 (Ep.
957 2819 1031 2849 522.
1100 2810 1163 2848 675
1179 2808 1261 2838 init.

267 2863 304 2892 17
320 2856 374 2894 n.)
392 2865 465 2885 was
482 2865 502 2886 a
520 2855 747 2885 Dominican.
1143 2861 1194 2890 31.
1220 2851 1445 2893 scripseram]
1465 2852 1527 2892 Ep.
1547 2862 1621 2892 535.

306 2898 360 2928 28.
386 2899 474 2937 quid
502 2897 690 2937 detulerit]
717 2898 751 2929 A
786 2907 866 2928 sum
898 2897 936 2928 of
969 2907 1032 2935 400
1144 2905 1195 2933 37.
1222 2895 1363 2935 scribis]
1383 2896 1445 2935 Ep.
1468 2906 1541 2935 744.
1560 2906 1602 2935 29
1618 2905 1689 2935 seq.

262 2950 400 2971 crowns
414 2943 453 2971 in
464 2942 631 2972 addition
646 2943 683 2972 to
695 2941 757 2971 the
771 2941 889 2980 salal-y
901 2940 1032 2971 offered
1144 2949 1195 2977 50.
1220 2938 1315 2979 eger]
1333 2939 1386 2970 Cf.
1405 2939 1467 2978 Ep.
1486 2940 1561 2977 663.
1581 2949 1674 2969 1-11.

262 2985 308 3023 by
334 2984 396 3016 the
424 2984 542 3023 King:
568 2986 612 3016 cf.
639 2984 751 3016 Lond.
777 2986 847 3015 xxi.
880 2993 931 3023 12,
959 2983 1030 3015 LB.
1144 2992 1195 3021 51.
1221 2982 1447 3022 pestilentia]
1465 2982 1515 3013 Cf.
1535 2983 1598 3023 Ep.
1616 2984 1691 3022 623.
1712 2993 1730 3023 7
1747 2991 1818 3021 seq.
