2034 3433
185 143 279 198 778]
633 147 702 186 To
739 147 1003 188 WILLIAM
1041 149 1311 190 BUDAEUs
1682 156 1762 193 229

179 261 382 300 reponere,
403 263 611 290 summam
640 252 937 291 contumeliam
960 253 1206 302 rependisse.
1267 255 1399 304 Atqui
1427 255 1461 293 si
1487 255 1565 304 ipsi
1589 256 1685 295 lieet
1711 259 1762 297 ab

177 315 425 365 Augustino,
456 316 693 365 Ambrosio,
720 317 989 367 Hieronymo,
1022 318 1106 356 imo
1132 318 1258 357 semel
1282 318 1333 357 ab
1363 319 1556 359 omnibus
1581 322 1762 372 antiquis

178 392 223 418 ac
251 381 438 431 probatis
466 382 695 430 dissentire,
731 382 836 420 mihi
865 396 950 421 non
978 383 1120 421 licebit
1149 383 1214 422 vel
1244 383 1465 423 honorifice
1494 385 1711 425 dissentire
1741 400 1763 425 a
1784 395 1843 426 280

180 444 348 485 Fabro‘?
401 446 457 484 Et
485 447 585 486 haec
614 447 693 485 erit
726 448 974 498 scriptorum
1006 448 1194 497 conditio,
1230 450 1277 487 vt
1308 450 1540 500 quicunque
1574 463 1597 489 a
1631 452 1761 490 Fabro

178 509 404 559 dissentiat,
439 511 475 549 is
505 512 745 561 Euangeliis
776 514 818 551 et
856 512 980 552 sacris
1018 512 1192 563 eloquiis
1225 513 1495 553 aduersetur‘?
1552 515 1761 566 Ingenuae

178 576 330 615 mentis
349 578 436 615 erat
455 576 499 615 in
526 577 758 616 manifestis
780 578 924 616 erratis
949 591 1067 628 agere
1089 578 1242 628 gratias
1269 579 1340 629 qui
1364 580 1604 630 monuisset,
1626 583 1666 620 et
1691 584 1760 632 qui

177 640 409 680 monuisset
445 654 528 680 11011
568 641 702 681 solum
740 655 858 692 parce
895 643 1186 692 moderateque
1219 645 1488 683 verumetiam
1526 646 1758 687 honorifice.

177 705 232 744 Et
257 707 396 745 tamen
426 707 511 756 ipse
538 720 591 746 116
619 707 794 757 priuatis
822 708 990 758 quidem
1019 708 1151 747 literis
1178 722 1267 747 sese
1295 709 1402 748 mihi
1428 710 1495 748 vel
1521 714 1668 762 purgat
1694 713 1761 751 vel
1782 722 1839 762 285

177 770 372 818 defendit,
395 772 518 822 idque
546 773 674 811 semel
701 775 823 823 atque
851 773 1002 812 iterum
1032 786 1055 811 a
1084 786 1149 810 me
1177 776 1448 823 prouocatus3
1479 775 1562 814 imo
1591 777 1760 827 perinde

178 836 293 886 quasi
330 837 450 885 lesus,
491 838 626 877 nescio
664 838 762 887 quid
801 837 1011 876 minarum
1051 837 1204 887 spirare
1244 838 1401 877 dicitur.
1477 840 1637 887 Quanto
1675 842 1761 891 ipse

178 901 406 951 simplicius
448 902 519 952 qui
564 903 705 941 statim
749 902 883 941 literis
930 902 1177 941 denunciaui
1221 903 1482 953 Apologiam,
1523 906 1760 956 priusquam

177 967 346 1006 adorsus
384 980 515 1006 essem
557 967 745 1015 scribere,
785 969 826 1005 et
871 967 1100 1006 absolutam
1137 968 1328 1017 protinus
1370 982 1443 1018 per
1490 970 1760 1010 Sor-bonicum

177 1033 382 1081 quendam
412 1033 463 1071 ad
492 1032 629 1082 ipsum
659 1032 768 1081 misi,
800 1032 981 1070 scribens
1010 1045 1112 1082 quae
1139 1046 1212 1081 pro
1241 1034 1422 1082 tempore
1457 1034 1626 1074 dicenda
1653 1037 1761 1076 vide·
1782 1053 1843 1085 290

176 1096 350 1136 bantur!

231 1162 373 1212 Neque
395 1175 492 1201 vero
521 1162 751 1212 periculum
775 1175 863 1200 esse
889 1164 991 1212 puto
1017 1175 1069 1200 ne
1094 1161 1301 1200 tribuatur
1326 1163 1627 1204 inconstantiae
1650 1167 1759 1216 quod

177 1226 358 1265 Fabrum
391 1227 514 1266 toties
546 1227 762 1266 laudatum
795 1240 905 1265 nunc
937 1227 1133 1265 refellam.
1193 1227 1384 1266 Primum
1424 1229 1535 1267 enim
1571 1230 1634 1268 illi
1672 1244 1762 1270 con·

175 1291 367 1331 ueniebat
404 1292 614 1342 imputari,
647 1305 732 1330 non
771 1292 886 1340 mihi,
928 1292 963 1331 si
1001 1292 1100 1342 quid
1137 1292 1223 1342 ipse
1261 1292 1499 1332 dissiderem
1532 1307 1555 1333 a
1589 1295 1755 1346 meipso,

174 1359 440 1407 posteaquam
473 1356 544 1395 ille
577 1369 705 1407 vsque
740 1357 840 1395 adeo
873 1356 938 1396 sui
972 1356 1186 1396 dissimilis
1218 1370 1305 1396 esse
1338 1359 1547 1408 coepisset.
1609 1360 1761 1399 Scribit
1781 1382 1839 1413 295

173 1422 285 1460 enim
305 1422 342 1460 is
361 1422 433 1472 qui
452 1422 631 1461 reddidit
650 1422 908 1472 Apologiam,
928 1423 1109 1461 Fabrum
1122 1422 1194 1461 vbi
1213 1423 1430 1473 recepisset
1448 1437 1549 1471 eam,
1574 1426 1759 1476 arguisse

173 1501 240 1526 me
259 1488 454 1526 leuitatis.
514 1488 558 1527 Si
577 1487 763 1527 leuitatis
783 1490 844 1526 est
864 1488 1117 1526 intentatum
1136 1488 1240 1526 falso
1260 1489 1416 1527 crimen
1437 1489 1638 1538 depellere
1659 1491 1756 1528 ciui—

171 1552 275 1601 liter,
298 1566 432 1603 queso,
456 1552 513 1591 sic
546 1553 725 1591 amicum
757 1566 806 1591 ex
836 1553 1000 1592 insidiis
1023 1553 1175 1592 adoriri
1201 1567 1282 1603 quo
1311 1554 1531 1593 donabitur
1559 1555 1759 1593 nomine?

172 1620 312 1668 Atque
331 1619 492 1657 vtinam
511 1618 616 1656 mihi
635 1631 708 1668 per
727 1617 848 1656 illum
868 1618 1052 1657 licuisset
1073 1618 1155 1656 mei
1170 1618 1350 1658 similem
1368 1631 1468 1668 esse,
1487 1620 1757 1670 laudibusque

170 1683 286 1722 illius
315 1696 476 1733 semper
503 1683 658 1734 aliquid
687 1683 933 1734 adiungere!
1001 1683 1085 1722 Nec
1113 1686 1253 1722 tamen
1280 1685 1473 1735 παλινῳδῶ
1502 1698 1606 1734 quae
1634 1685 1757 1724 hono·
1778 1706 1839 1736 500

170 1749 282 1788 rifice
312 1749 362 1788 de
391 1749 465 1788 illo
493 1749 737 1800 praedicaui‚
769 1750 855 1788 imo
890 1763 942 1788 ne
970 1750 1220 1788 sententiam
1250 1750 1418 1800 quidem
1446 1750 1494 1788 de
1522 1750 1594 1789 illo
1622 1764 1755 1789 meam

171 1814 304 1853 adhuc
347 1816 507 1853 mutare
551 1827 747 1864 possum:
789 1816 953 1853 tantum
1000 1814 1179 1854 demiror
1217 1815 1314 1865 quid
1356 1816 1547 1854 acciderit
1584 1816 1755 1854 homini.

172 1880 388 1918 Postremo
421 1892 508 1918 non
535 1880 678 1917 statim
709 1880 918 1929 vituperat
944 1879 1120 1919 alterum
1145 1881 1333 1929 quisquis
1359 1893 1446 1918 sese
1474 1882 1626 1920 tuetur.
1684 1881 1757 1919 Ius

171 1946 233 1983 est
261 1944 474 1994 publicum
501 1944 590 1983 vim
617 1945 662 1983 vi
690 1944 939 1995 propulsare.
998 1946 1213 1984 Caeterum
1242 1945 1313 1984 vbi
1343 1945 1392 1983 de
1420 1944 1498 1984 fide
1527 1945 1757 1984 Christiana

171 2010 315 2060 agitur,
349 2009 526 2060 impium
555 2009 680 2048 etiam
711 2012 773 2048 est
806 2023 971 2049 causam
1001 2010 1231 2049 aduersario
1260 2011 1433 2049 tradere.
1491 2012 1628 2049 Tuum
1656 2011 1755 2049 iudi·
1775 2029 1834 2061 305

171 2075 282 2113 cium
312 2087 396 2113 non
424 2074 549 2124 exegi,
575 2075 663 2113 siue
692 2076 800 2125 quod
830 2076 1102 2125 perspicerem
1125 2088 1214 2113 rem
1236 2076 1299 2113 tui
1326 2076 1405 2113 fori
1433 2089 1516 2114 non
1545 2089 1641 2124 esse,
1669 2077 1755 2114 siue

172 2139 280 2189 quod
299 2139 400 2178 alias
416 2140 778 2189 occupatissimum
794 2153 960 2178 onerare
978 2140 1144 2189 nollem,
1162 2140 1248 2178 siue
1267 2153 1318 2178 ne
1335 2141 1458 2190 (quod
1479 2143 1540 2180 est
1555 2141 1754 2180 molestis-

170 2205 340 2253 simum)
368 2204 477 2242 inter
510 2204 611 2242 duos
640 2204 794 2242 amicos
830 2204 985 2243 arbiter
1018 2205 1263 2243 alterutrum
1302 2205 1505 2243 offendere
1542 2206 1750 2255 cogereris.

169 2271 309 2320 Atque
333 2269 495 2308 vtinam
524 2269 601 2307 hoc
629 2269 673 2307 in
703 2270 841 2307 totum
869 2271 1073 2319 praestare
1102 2269 1293 2318 licuisset,
1318 2283 1368 2308 ne
1397 2271 1463 2309 vel
1493 2271 1624 2309 Fabro
1651 2271 1754 2321 quis-

169 2336 281 2386 piam
310 2334 552 2373 mortalium
581 2347 674 2373 mea
703 2347 822 2373 causa
861 2334 1000 2373 minus
1034 2336 1138 2372 esset
1171 2334 1338 2382 amicus,
1370 2335 1437 2373 vel
1464 2335 1535 2373 ille
1563 2335 1752 2386 cuiquam
1772 2354 1833 2384 310

168 2400 375 2450 iniquior!

223 2466 340 2514 Quod
374 2465 409 2504 si
438 2466 496 2514 tu,
530 2465 590 2503 mi
621 2465 769 2515 Budee,
804 2478 888 2503 non
926 2464 1108 2515 graueris
1145 2464 1269 2502 huius
1302 2477 1444 2502 causae
1475 2465 1751 2515 cognitionem

168 2531 384 2581 suscipere,
407 2530 584 2578 etiamsi,
605 2532 652 2569 vt
671 2531 769 2578 dixi,
793 2543 858 2569 res
879 2543 963 2568 non
982 2531 1045 2568 est
1065 2529 1233 2568 omnino
1253 2530 1316 2568 tui
1334 2530 1543 2579 praetorii,
1562 2543 1644 2580 age,
1668 2544 1750 2569 non

168 2595 305 2634 reiicio
328 2595 532 2642 iudicem3
560 2595 682 2634 modo
706 2595 865 2645 negocii
891 2597 1046 2633 statum
1075 2607 1240 2633 omnem
1269 2594 1412 2633 ordine
1438 2595 1649 2644 perdiscas,
1673 2596 1750 2635 hoc

167 2662 229 2700 est
261 2660 512 2710 Apologiam
550 2664 735 2699 nostram
769 2673 854 2699 non
887 2660 1062 2698 oscitans
1096 2672 1140 2697 ac
1173 2659 1407 2708 vellicatim,
1444 2661 1491 2699 vt
1528 2661 1570 2697 te
1607 2660 1750 2699 fecisse
1767 2679 1828 2711 3¹5

212 2770 285 2808 289.
313 2778 375 2809 per
391 2769 623 2799 Sorbonicum
639 2769 820 2808 quendam
836 2771 908 2799 add.
927 2766 970 2798 αἳ.
1147 2776 1221 2806 295.
1246 2767 1377 2798 Scribit
1400 2793 1407 2800 .
1434 2792 1440 2799 .
1465 2791 1474 2799 .
1501 2769 1575 2807 298.
1601 2770 1748 2800 nomine

168 2817 239 2844 add.
254 2811 288 2842 α2
306 2816 394 2851 (295.
419 2812 569 2851 Scripsit
583 2814 621 2843 D.
722 2813 796 2851 296.
821 2821 899 2842 eam
915 2813 988 2841 add.
1003 2813 1056 2840 H:
1080 2820 1137 2840 om.
1156 2812 1190 2844 β.
1291 2820 1364 2849 297.
1387 2810 1444 2845 a²l3
1460 2822 1467 2841 ε
1492 2811 1528 2842 Si
1546 2811 1674 2843 leuitas
1690 2814 1747 2854 N).

168 2867 241 2896 299.
267 2856 361 2886 mihi
377 2858 451 2886 add.
469 2854 545 2889 12²3:
569 2865 628 2887 om.
644 2858 679 2886 Ε.
769 2855 840 2886 mei
858 2878 865 2885 .
884 2878 892 2885 .
912 2878 920 2885 .
938 2854 1176 2892 laudibusque
1191 2853 1242 2884 12²:
1270 2853 1437 2885 laudibus
1453 2853 1496 2884 αἱ.
1596 2865 1670 2895 312.
1696 2858 1744 2887 mi

168 2900 289 2931 Budee
306 2901 381 2930 add.
396 2897 439 2928 112.
528 2908 602 2937 313.
630 2899 772 2930 etiamsi
787 2910 824 2930 a:
849 2898 959 2929 etiam
977 2899 1011 2932 β.
1101 2906 1174 2936 315.
1201 2898 1241 2927 vt
1257 2899 1291 2928 te
1307 2908 1326 2927 α
1337 2897 1377 2927 D²
1392 2910 1398 2929 :
1423 2899 1462 2928 vt
1479 2908 1543 2938 pro
1559 2900 1594 2930 te
1610 2899 1692 2934 1))β.

210 2999 284 3030 288.
312 2996 442 3038 literis]
467 2997 537 3028 Not
553 2999 687 3029 extant.
1030 3006 1104 3035 290.
1131 2995 1305 3036 scribens]
1324 2997 1385 3037 Ep.
1404 2997 1478 3037 659.
