2034 3433
177 133 274 187 9-r6]
585 135 655 175 rro
694 134 888 174 ERARD
926 135 1000 174 DE
1038 137 1113 176 LA
1145 135 1344 175 MARCK
1673 136 1751 174 487

175 238 278 288 pede
297 238 511 288 tetigisset,
527 251 650 289 quam
670 238 741 288 qui
760 240 942 276 mentem
957 239 1185 278 vinolentia
1203 239 1414 289 sepelisset
1428 240 1436 254 ’
1453 254 1462 286 ;
1490 238 1751 278 stomachans

175 305 216 341 et
249 303 470 353 indignans
505 303 731 343 Ecclesiam
767 303 932 351 Christi,
975 317 1099 354 quam
1138 304 1395 355 paucissimis
1433 304 1751 343 celebrationum

175 368 441 406 sacramentis
481 367 756 406 misericordia
793 367 869 405 Dei
912 381 1002 406 esse
1038 368 1211 408 liberam
1249 369 1392 417 voluit,
1435 371 1496 408 tot
1534 368 1752 408 seruilibus
1775 379 1835 410 240

176 422 367 471 oneribus
395 432 538 483 premi,
578 434 620 471 vt
652 432 904 471 tolerabilior
937 433 1146 472 videretur
1175 434 1353 472 conditio
1388 434 1648 482 Iudaeorum,
1683 433 1754 482 qui

176 498 338 537 etiamsi
359 500 524 547 tempus
545 497 749 536 libertatis
771 510 856 535 non
879 498 1154 547 agnouissent,
1176 498 1377 548 legalibus
1408 501 1544 538 tamen
1570 498 1751 545 sarcinis,

177 576 262 601 non
281 562 475 601 humanis
493 561 898 612 praesumptionibus
917 562 1226 601 subiicerentur.

186 663 190 669 ,
230 628 309 667 Sed
329 627 568 666 huiusmodi
588 627 740 666 zizania
759 629 969 678 vtcunque
991 628 1149 674 tolerat,
1177 628 1270 666 licet
1295 630 1455 667 inuitus
1478 644 1486 676 ;
1515 629 1618 668 illud
1639 628 1753 667 nullo

175 695 294 741 pacto
338 692 555 730 ferendum
600 692 730 741 putat,
777 694 918 741 vtpote
964 692 1100 742 palam
1147 706 1381 743 repugnans
1419 693 1515 732 fidei
1552 704 1753 744 sanaeque
1775 708 1834 741 245

177 757 383 797 doctrinae
403 755 610 808 (minime)
633 758 964 805 consentaneum,
989 759 1096 807 quod
1118 758 1285 808 quidam
1313 759 1371 796 sic
1401 759 1451 797 ab
1474 772 1545 797 esu
1568 759 1753 797 carnium

175 823 430 861 abstinerent
448 824 495 861 vt
513 835 582 861 eos
595 822 667 872 qui
684 824 947 860 vescerentur
972 836 1046 872 pro
1073 823 1304 861 immundis
1332 823 1537 862 ducerent.
1597 823 1755 862 Extant

176 891 215 926 et
228 888 352 926 huius
365 887 670 937 superstitionis
682 887 792 925 hisce
807 887 1062 938 temporibus
1073 901 1157 926 non
1169 888 1338 927 obscura
1352 888 1534 939 vestigia,
1549 888 1753 939 plerisque

175 953 326 992 bonam
345 953 508 1002 pietatis
527 954 686 1002 partem
706 953 750 991 in
769 953 954 991 ciborum
973 953 1131 992 delectu
1150 953 1409 1003 ponentibus,
1434 966 1535 1004 quos
1554 967 1604 992 ex
1624 966 1753 1004 aequo

176 1018 287 1057 Deus
306 1017 461 1058 creauit
479 1018 530 1056 ad
549 1018 801 1056 vescendum
821 1031 916 1056 cum
940 1019 1166 1067 gratiarum
1185 1019 1358 1058 actione.
1417 1018 1501 1057 Nec
1520 1019 1587 1057 hic
1615 1019 1753 1057 minus
1774 1031 1835 1064 250

175 1085 480 1133 praeposterum
494 1083 693 1122 iudicium
709 1097 833 1133 quam
845 1084 952 1133 apud
967 1084 1094 1122 Afros
1108 1084 1152 1122 in
1167 1084 1319 1134 pedum
1335 1084 1499 1132 lotione,
1517 1085 1617 1122 dum
1632 1097 1754 1122 nemo

174 1148 258 1186 fere
277 1161 361 1186 non
381 1148 549 1197 grauius
577 1149 733 1186 crimen
761 1148 970 1187 existimat
993 1148 1057 1187 die
1082 1149 1242 1188 sabbati
1271 1149 1462 1188 carnibus
1485 1149 1605 1195 vesci,
1630 1161 1752 1199 quam

176 1213 365 1252 mendaci
384 1213 605 1252 virulentia
623 1213 778 1252 famam
798 1213 940 1252 fratris
958 1214 1158 1253 incessere
1177 1216 1249 1252 aut
1268 1214 1391 1253 etiam
1411 1214 1626 1252 hominem
1645 1214 1753 1252 ferro

174 1278 368 1329 iugulare.
428 1279 557 1317 Erant
585 1279 657 1329 qui
684 1279 799 1317 iuxta
827 1278 949 1317 Pauli
983 1279 1225 1318 vaticinium
1254 1279 1298 1317 in
1326 1282 1462 1318 totum
1490 1278 1755 1328 prohiberent

174 1343 341 1382 nubere.
399 1344 463 1382 Ex
496 1357 575 1394 qua
606 1343 897 1394 superstitione
926 1343 1115 1382 relictum
1149 1344 1321 1393 videtur,
1344 1344 1453 1394 quod
1479 1344 1599 1383 diuus
1628 1344 1753 1382 etiam
1774 1356 1833 1388 255

176 1408 398 1458 Gregorius
425 1409 634 1447 Romanae
659 1409 852 1447 ecclesiae
879 1422 957 1448 vsu
984 1411 1190 1459 receptum
1215 1409 1412 1458 praecipit
1438 1409 1751 1457 obseruandum,

175 1476 220 1512 vt
238 1473 303 1513 vir
321 1474 393 1524 qui
412 1487 506 1512 cum
525 1487 650 1513 vxore
668 1476 831 1524 propria
849 1487 936 1512 rem
956 1474 1179 1521 habuisset,
1202 1474 1424 1512 abstineret
1445 1473 1683 1524 aliquandiu
1703 1474 1754 1512 ab

174 1539 363 1588 ingressu
393 1539 549 1589 templi,
591 1553 664 1578 nec
702 1539 984 1588 ingrederetur
1016 1539 1098 1577 nisi
1131 1538 1254 1584 lotus,
1295 1541 1468 1586 noctem,
1503 1540 1548 1577 vt
1580 1539 1638 1577 ait
1666 1539 1750 1586 ille,

173 1604 345 1643 flumine
377 1617 585 1654 purgans;
615 1617 660 1642 ac
692 1604 752 1642 rei
783 1603 1087 1653 superstitiosae
1119 1617 1282 1643 causam
1312 1603 1453 1651 adfert,
1491 1617 1576 1642 non
1606 1604 1754 1642 addam

174 1669 347 1719 qualem,
371 1669 571 1708 nimirum
589 1669 705 1717 hanc,
724 1669 943 1719 quodlicet
960 1669 1182 1708 honestum
1201 1670 1255 1708 sit
1277 1669 1599 1716 matrimonium,
1615 1671 1755 1707 tamen
1775 1672 1835 1705 260

173 1734 378 1783 voluptas,
409 1735 499 1773 sine
527 1747 607 1784 qua
633 1748 718 1773 non
747 1735 905 1773 constat
933 1735 1078 1781 coitus,
1100 1734 1216 1772 nullo
1244 1734 1366 1773 modo
1394 1734 1523 1784 possit
1552 1747 1639 1772 esse
1667 1734 1755 1772 sine

175 1799 304 1848 culpa.
362 1798 477 1847 Quod
506 1799 598 1838 dico
625 1799 800 1837 refertur
827 1799 872 1837 in
901 1799 1127 1838 Sententiis
1154 1798 1421 1848 Theologicis,
1452 1798 1523 1836 lib.
1556 1798 1628 1845 iiii,
1658 1798 1753 1837 dist.

174 1864 284 1911 xxxi,
315 1863 334 1912 ξ
362 1863 437 1903 Sed
464 1864 571 1912 forte
604 1864 756 1912 aliquis.
823 1863 1044 1902 Ficulnum
1081 1876 1177 1902 vero
1214 1863 1417 1902 auxilium
1455 1865 1527 1911 est,
1559 1862 1667 1912 quod
1696 1863 1754 1900 ibi

175 1920 503 1967 comminiscitur
527 1929 733 1979 Magister,
755 1929 831 1967 hoc
853 1929 1172 1979 intelligendum
1195 1929 1245 1966 de
1274 1941 1495 1978 congressu
1519 1941 1591 1976 per
1615 1928 1754 1967 incon-

175 1993 394 2031 tinentiam
411 2007 420 2041 ;
449 1993 519 2043 qui
538 1993 638 2032 dicit
660 1994 669 2012 ‘
682 1993 797 2032 nullo
816 1994 938 2032 modo
951 1994 971 2042 ⁹,
995 1994 1102 2031 nihil
1122 1993 1283 2042 excipit.
1777 1997 1834 2040 265

229 2058 338 2105 Quin
363 2060 404 2096 et
425 2058 600 2106 aliarum
626 2058 858 2107 haereseon,
879 2059 1069 2108 quamuis
1094 2058 1253 2097 sublata
1279 2057 1364 2096 sint
1386 2057 1591 2105 vocabula,
1613 2059 1754 2096 tamen

176 2122 372 2172 reliquias
399 2135 444 2160 ac
469 2136 542 2161 ceu
561 2123 765 2162 cicatrices
785 2123 982 2173 quasdam
1001 2123 1096 2162 licet
1115 2123 1237 2161 hodie
1258 2136 1418 2173 quoque
1438 2122 1750 2172 deprehendere,

175 2187 290 2226 velut
304 2200 447 2226 eorum
467 2188 537 2237 qui
556 2187 798 2226 dicebantur
816 2189 973 2237 Esseni,
992 2189 1063 2238 qui
1081 2188 1309 2236 Ebionitae,
1333 2188 1402 2238 qui
1422 2187 1661 2236 Apostolici,
1683 2188 1754 2237 qui

178 2252 390 2300 Psalliani,
411 2251 498 2290 siue
520 2252 731 2299 Euchitae,
753 2266 805 2291 ne
836 2253 932 2303 quid
963 2253 1166 2303 attingam
1196 2253 1246 2291 de
1270 2252 1527 2301 Simoniacis,
1552 2265 1654 2302 quae
1672 2266 1753 2291 vox

177 2319 260 2356 iam
273 2317 373 2355 olim
387 2317 563 2355 habetur
576 2317 682 2356 inter
696 2317 905 2357 obsoletas.
950 2319 1105 2357 Verum
1118 2318 1356 2356 huiusmodi
1370 2319 1575 2356 sectarum
1587 2317 1754 2356 dissidia
1775 2329 1835 2363 270

176 2383 382 2433 —quibus
402 2384 541 2432 postea
559 2384 672 2422 totus
691 2396 816 2432 prope
837 2383 1101 2433 conflagrauit
1122 2383 1243 2431 orbis,
1260 2382 1498 2432 praesertim
1519 2382 1620 2421 Ario
1639 2382 1750 2430 duce,

179 2447 301 2486 rebus
320 2449 408 2485 tam
427 2446 644 2497 ambiguis,
668 2450 714 2486 vt
733 2447 938 2486 incertum
967 2450 1073 2486 esset
1102 2450 1195 2487 vtro
1223 2461 1266 2486 se
1289 2447 1469 2486 mundus
1488 2447 1755 2485 inclinaret—

178 2513 274 2550 viuo
293 2512 420 2550 etiam
440 2512 571 2551 Paulo
591 2512 873 2562 pullularunt;
904 2527 987 2552 non
1017 2513 1066 2551 de
1090 2513 1456 2552 condonationibus
1481 2514 1552 2550 aut
1581 2512 1752 2562 applica-

221 2617 294 2655 246.
319 2616 468 2646 minime
484 2618 604 2646 addidi.
747 2617 788 2650 B:
814 2618 1072 2647 eonsentanum
1088 2628 1106 2646 a
1123 2628 1130 2648 ε
1153 2627 1210 2648 om.
1230 2618 1257 2649 δ.
1432 2617 1506 2655 256.
1529 2616 1707 2656 praecepit
1723 2618 1750 2648 θ.

179 2661 252 2698 263.
277 2659 464 2690 Ficulnum
480 2682 489 2689 .
508 2682 517 2690 .
531 2683 539 2690 .
559 2661 632 2699 265.
649 2660 782 2699 excipit
798 2663 871 2692 add.
889 2672 918 2699 η.
1011 2662 1083 2699 267.
1108 2660 1213 2691 hodie
1225 2670 1363 2700 quoque
1375 2662 1485 2697 scripsi
1498 2671 1506 2690 ε
1530 2660 1706 2699 hodieque
1721 2671 1750 2692 α.

179 2705 253 2742 269.
279 2712 366 2741 quae
382 2726 391 2734 .
410 2725 418 2733 .
435 2725 444 2733 .
462 2711 536 2740 270.
553 2703 728 2734 obsoletas
744 2707 816 2735 add.
836 2716 866 2742 η.

222 2801 295 2840 256.
320 2801 524 2841 Gregorius]
547 2801 611 2831 See
634 2804 792 2832 Decretum
811 2811 860 2833 ca.
878 2811 929 2841 33,
1001 2811 1021 2832 a
1037 2803 1221 2841 quotation
1246 2800 1301 2842 (cf.
1319 2801 1382 2840 Ep.
1401 2802 1472 2831 116.
1490 2812 1519 2839 4,
1546 2801 1666 2832 where
1689 2801 1752 2832 the

180 2846 315 2883 quaest.
331 2854 351 2882 4
369 2847 384 2881 ξ
408 2846 462 2874 Vir
477 2854 547 2875 cum
560 2847 698 2882 propria.
1001 2845 1179 2876 reference
1196 2846 1226 2876 is
1246 2847 1284 2875 to
1303 2845 1425 2882 Varro,
1443 2846 1525 2875 Men.
1544 2846 1635 2884 335),
1653 2854 1692 2874 or
1715 2846 1752 2876 to

221 2888 293 2926 258.
306 2889 346 2918 vt
355 2888 406 2918 ait
416 2887 493 2928 ille]
505 2888 573 2919 Not
583 2888 747 2927 Gregory.
774 2887 787 2918 1
798 2888 932 2919 believe
999 2889 1078 2928 give
1094 2898 1140 2919 an
1157 2889 1210 2918 air
1222 2887 1260 2918 of
1273 2888 1457 2926 authority
1470 2889 1506 2917 to
1516 2897 1612 2918 some
1623 2888 1751 2927 phrase

179 2932 348 2963 Erasmus
363 2932 399 2962 to
414 2931 503 2962 have
517 2931 606 2962 used
615 2931 691 2962 this
706 2931 797 2962 form
814 2932 932 2962 either
999 2931 1120 2962 which
1137 2931 1207 2961 had
1222 2931 1342 2962 struck
1359 2931 1435 2961 him
1453 2931 1574 2961 whilst
1590 2931 1747 2972 writing.

178 2975 286 3006 when
301 2974 347 3005 he
362 2973 465 3005 could
482 2975 545 3005 not
563 2975 670 3005 recall
685 2974 748 3006 the
764 2975 879 3015 origin
896 2975 932 3006 of
1041 2976 1114 3013 264.
1141 2974 1321 3016 Magister]
1339 2974 1523 3006 Lombard.
