2034 3433
265 109 344 148 264
729 110 982 150 LETTERS
1019 109 1089 149 OF
1127 110 1394 150 ERASMUS
1735 109 1774 164 [1
1783 121 1805 159 5
1814 124 1829 148 1
1838 114 1860 148 8

206 229 244 260 15
263 227 401 265 vsque,
424 227 522 264 roga
549 227 652 252 num
681 227 785 263 opus
812 215 950 263 ipsum
980 213 1207 264 perlegerit.
1269 214 1313 253 Si
1337 214 1532 264 perfricta
1556 215 1659 254 facie
1685 216 1794 255 dicet
1819 230 1862 255 se

261 279 419 329 legisse,
451 292 551 329 vrge
590 281 636 316 vt
671 279 811 316 locum
848 278 1029 328 proferat
1067 291 1192 327 quem
1226 279 1505 328 reprehendit.
1563 279 1659 318 Non
1687 283 1863 331 reperies

264 356 496 395 quenquam
518 343 588 392 qui
607 343 648 380 id
668 342 811 391 possit.

320 410 440 447 Nunc
460 408 555 446 vide
576 420 699 457 quam
721 408 799 446 hoc
819 408 873 446 sit
893 407 1188 456 Christianum,
1208 408 1293 447 imo
1313 422 1436 458 quam
1455 410 1757 448 monachorum
1777 423 1865 460 pro-

265 475 442 512 fessione
472 473 655 522 dignum,
683 473 791 522 apud
821 473 1061 523 imperitam
1090 473 1254 523 plebem
1279 473 1458 512 lacerare
1485 474 1641 513 famam
1670 475 1864 524 hominis,

207 554 245 574 20
265 551 390 588 quam
420 537 546 575 etiam
584 538 620 575 si
655 538 796 587 velint,
831 538 981 577 sarcire
1013 551 1098 576 non
1130 539 1306 589 possint,
1340 552 1436 578 cum
1469 540 1511 578 id
1543 540 1650 590 quod
1692 542 1867 590 carpunt

264 616 431 653 prorsus
469 603 690 652 ignorent3
734 617 820 642 non
859 604 1089 653 cogitantes
1125 617 1220 642 vere
1254 603 1408 642 dixisse
1448 604 1640 653 Paulum,
1675 605 1865 644 Maledici

265 680 438 716 regnum
486 668 564 706 Dei
611 681 696 706 non
743 669 1026 719 possidebunt.
1099 669 1275 707 Nullum
1315 670 1455 707 autem
1494 669 1689 709 infamiae
1736 683 1867 720 genus

265 732 504 770 sceleratius
525 746 651 782 quam
670 733 870 778 hereseos,
895 734 1002 783 quod
1024 734 1096 772 isti
1116 734 1258 773 statim
1286 734 1526 785 impingunt
1546 735 1584 773 si
1603 735 1696 785 quis
1714 748 1783 774 eos
1800 736 1867 774 vel

266 798 371 834 nutu
392 797 585 836 offendat.

319 861 479 900 Deinde
505 864 856 912 quemadmodum
882 864 991 914 apud
1017 863 1217 911 Eluetios,
1242 866 1289 902 vt
1316 866 1496 912 narrant,
1519 878 1603 903 vno
1625 866 1821 916 quopiam
1846 880 1867 904 e

264 926 386 965 turba
415 927 647 977 proferente
675 929 865 978 digitum,
895 929 1072 980 digitum
1100 931 1318 980 proferunt
1346 943 1491 968 omnes
1523 932 1564 968 et
1595 931 1647 969 ad
1675 931 1868 981 praedam

265 995 499 1041 accurrunt,
528 993 587 1031 ita
620 993 747 1032 simul
775 996 899 1045 atque
933 1008 983 1033 ex
1016 996 1095 1034 isto
1124 1008 1248 1045 grege
1275 1008 1384 1034 vnus
1422 995 1631 1045 quispiam
1670 997 1870 1046 grunnire

266 1057 432 1106 ceperit,
455 1071 551 1096 mox
565 1060 802 1108 grunniunt
819 1060 1006 1099 vniuersi
1025 1062 1067 1098 et
1084 1060 1192 1110 apud
1210 1060 1414 1111 populum
1434 1061 1684 1111 quiritantes
1702 1062 1753 1100 ad
1774 1074 1871 1100 saxa

266 1125 518 1171 prouocantt
548 1124 664 1163 velut
703 1125 825 1164 obliti
864 1126 1134 1176 professionis
1173 1139 1281 1175 suae,
1312 1140 1398 1164 non
1426 1126 1539 1165 aliud
1572 1126 1749 1176 professi
1785 1127 1872 1165 sint

209 1207 250 1236 30
267 1200 391 1237 quam
399 1190 446 1226 vt
457 1188 853 1229 bonorumvirorum
866 1191 1039 1230 nomina
1050 1191 1216 1241 linguae
1229 1204 1325 1230 suae
1334 1191 1560 1230 virulentia
1573 1192 1868 1240 contaminent,

266 1265 311 1290 ac
347 1265 518 1303 prorsus
547 1254 662 1293 iuxta
690 1255 1011 1307 Psalmographi
1043 1257 1300 1305 vaticinium,
1336 1258 1552 1296 Acuerunt
1585 1257 1750 1308 linguas
1778 1271 1873 1297 suas

268 1318 376 1356 sicut
421 1322 644 1369 serpentes,
689 1334 902 1360 venenum
950 1322 1141 1372 aspidum
1183 1323 1262 1361 sub
1310 1322 1435 1361 labiis
1472 1335 1627 1361 eorum.
1688 1322 1754 1362 Ita
1801 1322 1873 1372 qui

270 1382 474 1422 debebant
503 1385 762 1424 Christianae
788 1386 955 1437 pietatis
979 1388 1278 1437 praedicatores
1305 1400 1404 1436 esse,
1428 1388 1564 1426 studio
1587 1390 1689 1426 sunt
1716 1388 1873 1426 alienae

269 1448 437 1497 pietatis
467 1449 785 1499 obtrectatores:
814 1453 856 1490 et
889 1451 961 1502 qui
989 1440 1033 1490 se
1060 1453 1310 1501 profitentur
1337 1452 1644 1502 hierophantas,
1673 1452 1874 1491 exhibent

212 1533 251 1565 35
270 1514 555 1563 sycophantas.
615 1516 670 1554 Et
690 1517 800 1565 quod
819 1517 998 1567 prodigii
1017 1517 1153 1556 simile
1171 1520 1244 1566 est,
1261 1517 1453 1556 homines
1473 1518 1524 1556 ad
1544 1515 1872 1556 benedicendum

271 1578 558 1628 infantissimi,
581 1581 631 1619 ad
658 1581 935 1620 mordendum
963 1584 1005 1620 et
1030 1582 1375 1621 calumniandum
1403 1582 1593 1632 linguam
1617 1583 1773 1621 habent
1795 1597 1805 1630 ς
1833 1585 1873 1621 et

271 1642 374 1682 alias
411 1657 580 1693 prorsus
608 1659 631 1683 a
661 1645 793 1684 Musis
820 1649 862 1684 et
891 1647 1046 1685 Gratiis
1074 1647 1216 1695 alieni,
1245 1648 1289 1686 in
1319 1648 1632 1697 conspurcanda
1669 1648 1873 1686 bonorum

271 1708 457 1747 virorum
476 1709 588 1749 fama
607 1710 706 1749 salsi
724 1711 805 1749 sibi
824 1712 1021 1750 videntur
1040 1714 1081 1751 et
1096 1713 1275 1751 venusti.

327 1773 556 1823 Postremo,
573 1776 681 1825 quod
702 1790 775 1826 per
794 1790 837 1815 se
856 1790 940 1815 non
958 1779 1146 1826 possunt,
1162 1791 1234 1827 per
1254 1777 1499 1816 subornatos
1518 1779 1657 1827 agunt,
1672 1777 1875 1816 conducto

212 1861 254 1891 40
276 1837 452 1889 Cherylo
480 1840 677 1890 quopiam
704 1844 776 1879 aut
802 1841 913 1880 malo
940 1842 1133 1881 rhetore:
1174 1844 1292 1881 tanta
1317 1845 1380 1881 est
1405 1842 1571 1881 ledendi
1596 1842 1735 1891 libido,
1760 1845 1875 1881 tanta

274 1904 366 1942 sitis
391 1905 451 1942 rei
477 1919 571 1943 cum
592 1906 813 1945 facillimae
831 1911 923 1945 tum
944 1907 1293 1946 sceleratissimae.
1352 1907 1555 1946 Prodesse
1575 1907 1874 1946 difficillimum

274 1971 348 2017 est,
372 1969 441 2008 sed
462 1970 578 2009 iuxta
597 1971 740 2021 pium:
771 1985 844 2010 cur
868 1985 955 2010 non
980 1972 1057 2011 hac
1082 1975 1200 2021 parte
1226 1973 1365 2023 potius
1392 1972 1602 2011 declarant
1630 1986 1673 2011 se
1701 1985 1876 2022 magnos

274 2048 320 2072 ac
348 2035 631 2084 suspiciendos
659 2037 862 2085 homines,
883 2038 919 2075 si
948 2038 1047 2087 quid
1076 2050 1163 2076 esse
1190 2038 1369 2076 volunt?
1425 2038 1526 2076 Erat
1553 2038 1628 2076 hoc
1656 2038 1874 2076 hominum

275 2113 407 2149 genus
426 2101 598 2140 omnino
622 2101 797 2151 dignum
817 2103 877 2140 ita
896 2102 1016 2140 libris
1037 2102 1237 2141 celebrari
1256 2106 1303 2142 vt
1322 2103 1544 2153 posteritas
1564 2116 1648 2141 non
1667 2103 1876 2153 ignoraret

215 2187 256 2217 45
276 2166 473 2204 eximiam
493 2180 660 2206 morum
679 2167 921 2218 ingeniique
942 2168 1256 2218 peruersitatem
1277 2168 1355 2206 sub
1379 2169 1592 2218 praetextu
1620 2168 1876 2207 Christianae

276 2231 499 2281 religionis.
557 2233 697 2282 Atque
715 2233 759 2271 id
779 2232 954 2272 fortasse
976 2235 1182 2283 praestare
1201 2233 1373 2281 valeam,
1395 2233 1432 2272 si
1456 2232 1677 2283 paululum
1696 2232 1871 2271 adnitar.

277 2297 434 2335 Verum
462 2297 541 2336 hoc
569 2298 722 2348 partim
751 2298 962 2336 dissuadet
995 2298 1232 2337 Christiana
1259 2298 1475 2345 modestia,
1504 2297 1657 2348 partim
1682 2297 1875 2348 iniquum

278 2363 456 2401 arbitror
503 2363 555 2401 ob
594 2377 820 2413 paucorum
863 2363 1074 2402 maliciam
1116 2363 1334 2403 vniuersos
1376 2363 1545 2401 ordines
1584 2363 1627 2400 in
1669 2362 1875 2400 inuidiam

278 2440 445 2467 vocare:
477 2428 522 2466 in
541 2428 692 2478 quibus
712 2429 796 2467 scio
816 2428 1045 2478 permultos
1064 2441 1152 2467 esse
1171 2428 1322 2478 quibus
1348 2428 1525 2466 istorum
1554 2426 1765 2465 temeritas
1791 2439 1877 2465 non

220 2512 261 2543 50
279 2493 419 2531 minus
438 2492 629 2543 displicet
648 2507 695 2532 ac
715 2494 846 2532 nobis,
907 2493 1039 2543 Magis
1058 2493 1161 2532 libet
1183 2507 1327 2532 eorum
1351 2493 1502 2531 habere
1522 2492 1725 2531 rationem
1745 2493 1818 2543 qui
1837 2495 1877 2530 et

278 2558 430 2606 pietate
449 2560 490 2596 et
511 2558 744 2596 eruditione
762 2561 804 2596 et
823 2558 1023 2608 dignitate
1043 2558 1337 2608 praecellentes
1355 2558 1507 2607 gratias
1526 2559 1656 2607 agunt
1678 2557 1785 2596 mihi
1803 2571 1877 2608 pro

280 2622 384 2660 meis
402 2622 758 2673 qualibuscunque
777 2623 934 2672 vigiliis
953 2638 962 2670 ς
990 2625 1196 2670 conatum,
1221 2623 1376 2672 opinor,
1399 2622 1688 2672 approbantes,
1712 2622 1748 2660 si
1768 2623 1875 2672 quod

323 2718 375 2740 20.
402 2708 497 2747 quod
512 2711 562 2740 D:
586 2710 683 2751 quod
698 2711 767 2740 MS.
923 2717 976 2748 25.
1000 2710 1040 2739 vt
1056 2710 1210 2739 narrant
1225 2710 1299 2738 add.
1317 2710 1355 2738 D.
1507 2709 1559 2738 26.
1585 2707 1741 2748 digitum
1757 2718 1816 2738 om.
1832 2709 1873 2738 N.

280 2761 333 2789 33.
357 2762 433 2782 esse
449 2755 522 2784 acld.
541 2756 578 2784 D.
697 2762 749 2791 39.
773 2751 949 2782 conducto
965 2775 973 2783 .
995 2775 1002 2783 .
1020 2775 1027 2783 .
1046 2762 1098 2790 40.
1122 2751 1264 2782 rhetore
1279 2754 1354 2782 add.
1371 2754 1408 2782 D.
1543 2761 1596 2790 41.
1621 2752 1702 2782 sitis
1717 2754 1768 2782 D:
1793 2751 1878 2782 satis

281 2795 361 2825 sitis
376 2798 446 2826 MS.
578 2806 631 2835 43.
656 2796 744 2827 Erat
759 2795 827 2826 hoc
842 2798 910 2826 MS.
926 2806 933 2826 ε
957 2795 1022 2826 Est
1036 2795 1133 2826 istud
1148 2797 1185 2826 D.
1329 2805 1380 2834 44.
1408 2796 1548 2835 ignoret
1564 2797 1604 2825 D.
1748 2805 1801 2833 47.
1827 2797 1856 2824 D
1870 2804 1879 2824 τ

283 2838 449 2870 disuadet
464 2841 532 2871 MS.

325 2924 377 2945 21.
403 2905 573 2957 Paulum]
593 2925 608 2946 1
624 2915 701 2947 Cor.
719 2917 750 2946 6.
770 2925 820 2946 10.
1159 2924 1212 2952 40.
1239 2913 1409 2956 Cherylo]
1434 2914 1488 2946 Cf.
1515 2914 1602 2946 Hor.
1626 2917 1684 2951 Ep.
1707 2923 1737 2945 2.
1757 2923 1783 2944 1.
1801 2922 1874 2952 233,

327 2967 378 2996 31.
406 2958 694 3000 Psalmographi]
714 2968 786 3000 139.
805 2970 824 2997 4
842 2959 934 2998 (140.
951 2958 998 2999 3).
1115 2961 1157 2989 A.
1172 2960 1206 2988 P.
1219 2967 1292 2996 357.
