2034 3433
340 171 421 209 586
804 168 1054 207 LETTERS
1092 167 1162 206 OF
1200 167 1466 206 ERASMUS
1807 166 1931 220 [1519

340 275 455 313 dotes
468 275 671 321 omittam,
691 285 793 323 quas
806 272 864 310 sic
877 270 999 310 habet
1015 284 1112 310 cum
1122 270 1216 310 aliis
1231 271 1399 321 regibus
1413 283 1655 310 communes
1667 273 1713 310 vt
1728 271 1934 322 plerisque

339 341 584 389 praecurrat,
618 337 733 376 nulla
770 337 825 375 sit
855 335 1183 386 inferior—quid
1213 336 1286 374 illo
1318 337 1368 375 ad
1403 336 1701 386 disputandum
1735 337 1932 386 argutius,

339 405 389 443 ad
427 403 727 441 inueniendum
764 401 939 450 felicius,
981 402 1030 441 ad
1069 401 1337 440 iudicandum
1375 402 1527 451 sanius,
1567 402 1618 441 ad
1655 401 1934 452 eloquendum

339 469 584 508 venustius?

393 534 506 572 Olim
537 534 614 572 ocii
644 533 941 583 literarumque
971 532 1188 572 dulcedine
1220 533 1366 582 captus
1396 532 1448 571 ab
1479 532 1587 571 aulis
1616 546 1763 583 regum
1793 532 1936 572 abhor-

341 599 506 647 rebam;
535 601 578 637 at
615 599 659 637 in
697 599 825 637 talem
864 598 1003 637 aulam
1039 598 1106 637 vel
1145 610 1241 636 cum
1279 598 1368 636 tota
1404 598 1674 647 supellectile,
1710 611 1815 648 quae
1851 598 1934 636 fere

339 666 549 704 chartacea
572 667 646 713 est,
669 665 816 703 liberet
842 664 1093 714 immigrare,
1118 663 1163 701 ni
1188 662 1443 702 valetudinis
1469 663 1735 703 imbecillitas
1757 665 1799 702 et
1827 664 1938 702 aetas

340 732 422 771 iam
442 730 732 780 ingrauescens
748 728 1015 768 dissuaderet.
1065 728 1149 767 Vbi
1168 741 1279 767 nunc
1295 729 1393 767 sunt
1413 728 1485 778 qui
1497 728 1685 767 iactitant
1699 728 1938 779 principum

339 796 473 846 vigori
500 796 656 834 officere
683 795 897 834 literarum
921 793 1201 844 cognitionem
1216 795 1236 832 ⁶?
1293 793 1397 842 Quis
1424 793 1609 833 Henrico
1633 796 1776 834 octauo
1800 794 1867 833 vel
1891 794 1937 832 in

283 882 319 911 35
340 861 501 900 bellicis
537 861 661 899 rebus
702 860 916 907 dexterior,
958 859 1026 898 vel
1064 859 1110 898 in
1148 859 1373 898 condendis
1413 859 1575 909 legibus
1615 860 1830 908 cordatior,
1871 859 1938 898 vel

283 1209 324 1239 40

284 1535 324 1567 45

286 1863 326 1894 50

340 927 385 966 in
406 927 590 966 consiliis
611 926 823 975 oculatior,
845 926 913 964 vel
940 926 985 964 in
1015 925 1237 964 coercenda
1265 925 1466 963 scelerum
1496 925 1664 964 licentia
1683 925 1938 975 vigilantior,

341 992 407 1031 vel
435 992 479 1031 in
500 992 729 1042 deligendis
757 991 1071 1042 magistratibus
1099 994 1222 1041 atque
1245 990 1389 1029 officiis
1418 990 1665 1041 diligentior,
1687 991 1756 1030 vel
1778 990 1823 1029 in
1848 1003 1942 1029 con-

341 1058 532 1097 ciliandis
569 1057 729 1097 foedere
768 1057 933 1108 regibus
972 1057 1205 1095 efficacior?
1274 1055 1480 1107 Equidem
1518 1070 1691 1095 aureum
1729 1056 1939 1106 quoddam

340 1123 529 1163 seculum
549 1123 698 1162 exoriri
727 1122 857 1171 video,
882 1137 962 1173 quo
990 1122 1099 1160 mihi
1123 1121 1311 1160 fortassis
1333 1135 1417 1160 non
1438 1123 1651 1173 continget
1670 1123 1766 1171 frui,
1789 1121 1940 1172 quippe

342 1189 416 1239 qui
448 1190 531 1228 iam
571 1189 621 1227 ad
654 1188 818 1227 fabulae
852 1202 965 1227 meae
1000 1187 1290 1238 catastrophen
1323 1187 1540 1232 accedam;
1578 1187 1763 1238 gratulor
1798 1189 1940 1226 tamen

343 1254 442 1304 orbi,
466 1255 651 1305 gratulor
670 1254 905 1303 iuuenibus,
927 1254 971 1292 in
992 1266 1170 1304 quorum
1196 1253 1349 1293 animis
1368 1253 1420 1292 ob
1441 1253 1668 1292 officiorum
1695 1252 1940 1292 memoriam

343 1322 552 1370 vtcunque
571 1322 779 1370 superstes
798 1319 877 1358 erit
898 1320 1106 1358 Erasmus.

398 1385 477 1424 Sed
507 1387 554 1424 vt
582 1385 736 1434 finiam,
768 1385 1028 1424 ornatissime
1058 1384 1249 1433 Henrice,
1278 1384 1445 1424 redamo
1473 1387 1514 1423 te
1538 1386 1759 1432 amantem,
1787 1397 1942 1435 proque

344 1451 488 1490 officiis
505 1452 550 1490 in
571 1465 638 1490 me
656 1453 742 1490 tuis
761 1465 846 1489 non
872 1450 1113 1501 vulgaribus
1136 1450 1214 1489 hoc
1239 1450 1438 1489 maiorem
1467 1450 1598 1489 habeo
1624 1450 1812 1500 gratiam,
1834 1450 1942 1500 quod.

344 1530 391 1555 ea
421 1516 673 1567 praestiteris
713 1516 830 1555 nullo
871 1529 1056 1566 vnquam
1094 1530 1118 1555 a
1156 1529 1222 1554 me
1259 1515 1472 1554 lacessitus
1511 1515 1652 1570 officio.
1714 1516 1944 1554 Generosae

345 1582 536 1621 dominae
556 1582 682 1620 matri
703 1583 807 1630 tuae,
824 1581 929 1619 mihi
945 1594 1028 1620 vno
1048 1583 1173 1631 atque
1192 1580 1322 1619 altero
1338 1580 1541 1631 colloquio
1561 1580 1759 1630 cognitae,
1774 1592 1943 1630 praecor

345 1648 485 1686 omnia
510 1647 617 1686 laeta
644 1660 928 1697 prosperaque.
990 1646 1128 1685 Istum
1155 1646 1345 1685 animum
1368 1646 1457 1695 tibi,
1480 1648 1521 1684 te
1543 1646 1663 1684 nobis
1691 1648 1826 1684 seruet
1846 1646 1943 1696 Opt.

344 1712 452 1751 Max.
485 1713 614 1752 Iesus.
673 1712 800 1751 Hunc
831 1713 1054 1750 Erasmum
1080 1713 1221 1762 pergat
1246 1713 1319 1750 tua
1345 1711 1543 1750 nobilitas
1566 1712 1676 1750 inter
1698 1725 1793 1750 suos
1821 1711 1943 1750 clien-

345 1779 455 1817 tulos
474 1791 636 1827 ponere,
659 1778 796 1817 studio
816 1780 924 1816 certe
944 1777 1052 1816 nulli
1073 1790 1295 1816 cessurum.

398 1843 696 1893 Antuuerpiae.
723 1843 783 1881 Id.
810 1843 919 1882 Maii.
970 1844 1093 1881 ANNo
1113 1855 1294 1881 M.D.X1x.

1009 1941 1210 1980 Erasmus
1230 1941 1533 1980 Roterodamus
1551 1954 1600 1980 ex
1620 1941 1758 1981 animo
1778 1943 1887 1980 tuus.

389 2074 625 2148 43HHenriee
642 2077 674 2104 H
691 2084 698 2103 ε
723 2072 873 2103 Ricarde
890 2075 928 2104 E.
1068 2083 1120 2113 50.
1147 2073 1250 2103 Amo
1267 2083 1324 2104 om.
1346 2076 1390 2103 H.
1515 2082 1568 2112 51.
1596 2073 1766 2105 Erasmus
1782 2098 1790 2105 .
1812 2099 1818 2105 .
1837 2097 1845 2106 .
1864 2076 1949 2107 tuus

348 2129 408 2148 OWL.
461 2142 467 2148 .

390 2249 443 2277 41.
466 2240 676 2281 officiorum]
685 2239 1114 2280 Erasmus'anticipation
1182 2238 1221 2269 of
1232 2239 1395 2278 honour;
1419 2239 1491 2271 and
1511 2239 1550 2270 in
1569 2241 1696 2280 1515-6
1711 2240 1777 2271 her
1795 2241 1947 2273 services

348 2284 428 2315 that
441 2283 498 2314 his
511 2283 760 2315 school-books
775 2284 832 2323 (cf.
846 2284 908 2323 Ep.
921 2293 994 2323 932.
1008 2294 1050 2314 20
1060 2283 1111 2323 n.)
1182 2292 1275 2314 were
1304 2283 1489 2314 rewarded
1519 2284 1611 2314 with
1642 2285 1822 2324 pensions.
1870 2285 1947 2316 Her

347 2326 467 2358 would
484 2327 556 2358 live
572 2327 656 2367 long
672 2337 744 2358 was
760 2327 852 2367 fully
864 2328 974 2358 borne
990 2328 1051 2358 out
1067 2327 1114 2367 by
1181 2326 1257 2357 will
1273 2326 1389 2358 shows
1412 2327 1492 2358 that
1512 2327 1576 2358 she
1597 2327 1753 2359 married
1773 2337 1795 2359 a
1815 2328 1946 2360 second

349 2370 412 2402 the
431 2371 544 2409 facts;
568 2380 625 2402 see
642 2370 753 2402 BEr1.
1181 2370 1280 2402 time.
1336 2371 1401 2402 See
1430 2372 1632 2409 Pyzqrymaqe
1661 2373 1696 2408 of
1726 2374 1780 2403 Sir
1808 2374 1948 2404 Richard

391 2415 444 2453 46.
469 2414 592 2455 matri]
630 2414 719 2446 Joan
762 2414 832 2456 (†4
871 2413 965 2454 Sept.
1002 2414 1113 2454 1538),
1183 2415 1360 2453 Gzcyfforde,
1386 2413 1440 2445 ed.
1469 2414 1516 2446 H.
1541 2414 1644 2454 Ellis,
1675 2414 1834 2446 Camden
1856 2416 1945 2456 Soc„

347 2459 451 2489 sister
474 2458 512 2488 of
532 2458 589 2489 Sir
613 2458 781 2489 Nicholas
796 2458 910 2489 Vaux.
948 2458 1019 2488 She
1042 2457 1114 2488 had
1185 2458 1278 2497 1851,
1294 2468 1328 2498 p.
1346 2458 1438 2496 xiii3
1462 2457 1527 2488 DN
1531 2458 1571 2490 B.
1591 2459 1691 2497 xxiii,
1713 2469 1745 2499 p.
1762 2468 1850 2498 3305
1874 2459 1945 2490 and

350 2501 505 2532 married
532 2501 623 2533 with
651 2501 708 2533 Sir
736 2501 891 2532 Richard
923 2501 1115 2533 Guildford
1181 2501 1326 2532 Brewer
1341 2501 1418 2533 xiii.
1437 2501 1473 2532 ii.
1494 2511 1568 2542 219,
1588 2502 1661 2542 289.

350 2546 451 2585 (1455
464 2547 480 2576 ⁴?
497 2563 538 2569 -
553 2547 575 2576 6
599 2546 694 2585 Sept.
727 2546 822 2586 1506)
844 2555 883 2576 as
907 2545 965 2576 his
987 2544 1116 2576 second
1225 2545 1300 2576 The
1321 2544 1405 2576 date
1430 2544 1468 2575 of
1485 2545 1552 2576 her
1572 2547 1838 2577 conversations
1857 2547 1946 2578 with

349 2589 441 2629 wife,
470 2600 498 2620 c.
530 2589 680 2627 1486-83
718 2589 791 2620 and
819 2598 891 2619 was
922 2589 975 2619 for
1007 2598 1115 2628 many
1182 2588 1352 2620 Erasmus
1373 2598 1439 2619 can
1461 2589 1546 2628 only
1564 2589 1605 2620 be
1627 2598 1648 2620 a
1668 2591 1799 2621 matter
1815 2590 1853 2621 of
1865 2599 1946 2621 con-

349 2642 452 2672 years
468 2634 507 2663 in
523 2632 615 2664 close
631 2632 845 2664 attendance
859 2641 904 2663 011
918 2633 979 2663 the
994 2631 1111 2663 Court.
1179 2631 1340 2671 jecture3
1363 2632 1429 2663 but
1444 2632 1502 2663 his
1521 2633 1674 2664 mistake
1695 2633 1735 2664 in
1757 2633 1820 2664 the
1841 2643 1947 2665 name

351 2676 394 2707 In
414 2686 496 2715 1514
518 2676 581 2707 she
602 2676 854 2716 accompanied
876 2676 977 2716 Mary
998 2675 1117 2707 Tuder
1183 2675 1268 2706 here
1287 2676 1358 2716 (tit.
1377 2686 1411 2707 n.
1430 2675 1502 2706 and
1525 2676 1549 2708 1.
1566 2686 1656 2716 4311.
1663 2676 1850 2717 >suggests
1866 2678 1948 2735 that

352 2721 387 2750 to
417 2720 550 2750 France
582 2730 619 2751 as
650 2720 808 2751 mistress
839 2719 877 2750 of
904 2719 969 2750 her
999 2719 1116 2750 maids
1182 2720 1228 2750 he
1245 2718 1316 2750 had
1333 2720 1466 2750 known
1483 2720 1542 2751 Si1
1563 2720 1729 2751 Richard.
