<?xml version="1.0" encoding="UTF-8"?>
<!DOCTYPE html PUBLIC "-//W3C//DTD XHTML 1.0 Transitional//EN"
    "http://www.w3.org/TR/xhtml1/DTD/xhtml1-transitional.dtd">
<html xmlns="http://www.w3.org/1999/xhtml" xml:lang="en" lang="en">
 <head>
  <title>
</title>
<meta http-equiv="Content-Type" content="text/html;charset=utf-8" />
  <meta name='ocr-system' content='tesseract 3.04.00' />
  <meta name='ocr-capabilities' content='ocr_page ocr_carea ocr_par ocr_line ocrx_word'/>
</head>
<body>
  <div class='ocr_page' id='page_1' title='image "./opusepistolarumd03erasuoft_0236.png"; bbox 0 0 2034 3433; ppageno 0'>
   <div class='ocr_carea' id='block_1_1' title="bbox 318 141 1904 197">
    <p class='ocr_par' dir='ltr' id='par_1_1' title="bbox 318 141 1904 197">
     <span class='ocr_line' id='line_1_1' title="bbox 318 141 1904 197; baseline -0.003 -12"><span class='ocrx_word' id='word_1_1' title='bbox 318 147 397 186; x_wconf 83' lang='lat'>196</span> <span class='ocrx_word' id='word_1_2' title='bbox 781 145 1029 186; x_wconf 81' lang='lat' dir='ltr'>LETTERS</span> <span class='ocrx_word' id='word_1_3' title='bbox 1068 144 1137 182; x_wconf 83' lang='lat' dir='ltr'>OF</span> <span class='ocrx_word' id='word_1_4' title='bbox 1176 143 1441 183; x_wconf 86' lang='lat' dir='ltr'>ERASMUS</span> <span class='ocrx_word' id='word_1_5' title='bbox 1780 141 1904 197; x_wconf 87' lang='lat'><strong>[1518</strong></span> 
     </span>
    </p>
   </div>
   <div class='ocr_carea' id='block_1_2' title="bbox 254 246 1905 429">
    <p class='ocr_par' dir='ltr' id='par_1_2' title="bbox 254 246 1905 429">
     <span class='ocr_line' id='line_1_2' title="bbox 370 246 1905 300; baseline -0.001 -11"><span class='ocrx_word' id='word_1_6' title='bbox 370 250 448 289; x_wconf 87' lang='lat' dir='ltr'>Sed</span> <span class='ocrx_word' id='word_1_7' title='bbox 487 250 655 300; x_wconf 85' lang='lat' dir='ltr'>longius</span> <span class='ocrx_word' id='word_1_8' title='bbox 692 248 899 298; x_wconf 87' lang='lat' dir='ltr'>prouehor</span> <span class='ocrx_word' id='word_1_9' title='bbox 937 248 981 285; x_wconf 91' lang='lat' dir='ltr'>in</span> <span class='ocrx_word' id='word_1_10' title='bbox 1017 246 1191 296; x_wconf 85' lang='lat' dir='ltr'>epistola</span> <span class='ocrx_word' id='word_1_11' title='bbox 1230 259 1355 295; x_wconf 86' lang='lat' dir='ltr'>quam</span> <span class='ocrx_word' id='word_1_12' title='bbox 1386 259 1459 296; x_wconf 84' lang='lat' dir='ltr'>par</span> <span class='ocrx_word' id='word_1_13' title='bbox 1488 248 1563 287; x_wconf 77' lang='lat' dir='ltr'>est.</span> <span class='ocrx_word' id='word_1_14' title='bbox 1621 247 1737 286; x_wconf 83' lang='lat' dir='ltr'>Bene</span> <span class='ocrx_word' id='word_1_15' title='bbox 1773 249 1905 287; x_wconf 77' lang='lat' dir='ltr'>valeat</span> 
     </span>
     <span class='ocr_line' id='line_1_3' title="bbox 254 312 1667 362; baseline -0.002 -8"><span class='ocrx_word' id='word_1_16' title='bbox 254 332 293 362; x_wconf 78' lang='lat'>35</span> <span class='ocrx_word' id='word_1_17' title='bbox 315 315 657 354; x_wconf 84' lang='lat' dir='ltr'>reuerendissima</span> <span class='ocrx_word' id='word_1_18' title='bbox 678 315 723 352; x_wconf 89' lang='lat' dir='ltr'>T.</span> <span class='ocrx_word' id='word_1_19' title='bbox 739 314 800 361; x_wconf 68' lang='lat' dir='ltr'>P„</span> <span class='ocrx_word' id='word_1_20' title='bbox 824 313 889 351; x_wconf 89' lang='lat' dir='ltr'>cui</span> <span class='ocrx_word' id='word_1_21' title='bbox 908 325 975 351; x_wconf 91' lang='lat' dir='ltr'>me</span> <span class='ocrx_word' id='word_1_22' title='bbox 997 325 1168 361; x_wconf 83' lang='lat' dir='ltr'>meaque</span> <span class='ocrx_word' id='word_1_23' title='bbox 1188 312 1327 351; x_wconf 87' lang='lat' dir='ltr'>studia</span> <span class='ocrx_word' id='word_1_24' title='bbox 1347 312 1490 351; x_wconf 88' lang='lat' dir='ltr'>dedico</span> <span class='ocrx_word' id='word_1_25' title='bbox 1516 312 1667 351; x_wconf 85' lang='lat' dir='ltr'>omnia.</span> 
     </span>
     <span class='ocr_line' id='line_1_4' title="bbox 368 377 1451 429; baseline -0.003 -10"><span class='ocrx_word' id='word_1_26' title='bbox 368 380 546 419; x_wconf 87' lang='lat' dir='ltr'>Louanii</span> <span class='ocrx_word' id='word_1_27' title='bbox 566 381 710 429; x_wconf 82' lang='lat' dir='ltr'>quarto</span> <span class='ocrx_word' id='word_1_28' title='bbox 730 378 832 416; x_wconf 87' lang='lat' dir='ltr'>Idus</span> <span class='ocrx_word' id='word_1_29' title='bbox 853 377 1081 416; x_wconf 83' lang='lat' dir='ltr'>Ianuarias.</span> <span class='ocrx_word' id='word_1_30' title='bbox 1141 389 1209 416; x_wconf 78' lang='lat' dir='ltr'>AN.</span> <span class='ocrx_word' id='word_1_31' title='bbox 1233 389 1451 416; x_wconf 79' lang='lat' dir='ltr'>M.D.xvn1.</span> 
     </span>
    </p>
   </div>
   <div class='ocr_carea' id='block_1_3' title="bbox 661 564 1557 608">
    <p class='ocr_par' dir='ltr' id='par_1_3' title="bbox 661 564 1557 608">
     <span class='ocr_line' id='line_1_5' title="bbox 661 564 1557 608; baseline -0.003 0"><span class='ocrx_word' id='word_1_32' title='bbox 661 567 812 608; x_wconf 81' lang='lat'>⁷2⁷759.</span> <span class='ocrx_word' id='word_1_33' title='bbox 871 565 935 606; x_wconf 86' lang='lat' dir='ltr'>To</span> <span class='ocrx_word' id='word_1_34' title='bbox 967 564 1161 606; x_wconf 81' lang='lat' dir='ltr'>GERARD</span> <span class='ocrx_word' id='word_1_35' title='bbox 1192 564 1557 606; x_wconf 74' lang='lat' dir='ltr'>GELDENHAUER.</span> 
     </span>
    </p>
   </div>
   <div class='ocr_carea' id='block_1_4' title="bbox 360 672 1858 779">
    <p class='ocr_par' dir='ltr' id='par_1_4' title="bbox 360 672 1858 779">
     <span class='ocr_line' id='line_1_6' title="bbox 360 672 1747 720; baseline -0.003 -8"><span class='ocrx_word' id='word_1_36' title='bbox 360 678 550 712; x_wconf 86' lang='lat' dir='ltr'>Deventer</span> <span class='ocrx_word' id='word_1_37' title='bbox 569 674 645 710; x_wconf 85' lang='lat' dir='ltr'>MS.</span> <span class='ocrx_word' id='word_1_38' title='bbox 665 685 719 720; x_wconf 83' lang='lat'>91,</span> <span class='ocrx_word' id='word_1_39' title='bbox 738 674 763 709; x_wconf 89' lang='lat' dir='ltr'>f.</span> <span class='ocrx_word' id='word_1_40' title='bbox 783 674 838 717; x_wconf 83' lang='lat'>78.</span> <span class='ocrx_word' id='word_1_41' title='bbox 1569 672 1747 708; x_wconf 85' lang='lat' dir='ltr'>Louvain.</span> 
     </span>
     <span class='ocr_line' id='line_1_7' title="bbox 361 729 1858 779; baseline -0.002 -9"><span class='ocrx_word' id='word_1_42' title='bbox 361 735 402 770; x_wconf 92' lang='lat' dir='ltr'>D.</span> <span class='ocrx_word' id='word_1_43' title='bbox 420 743 559 779; x_wconf 89' lang='lat' dir='ltr'>p.210:</span> <span class='ocrx_word' id='word_1_44' title='bbox 589 733 626 767; x_wconf 83' lang='lat' dir='ltr'>F.</span> <span class='ocrx_word' id='word_1_45' title='bbox 647 744 681 777; x_wconf 87' lang='lat' dir='ltr'>p.</span> <span class='ocrx_word' id='word_1_46' title='bbox 702 733 789 768; x_wconf 88' lang='lat'>168:</span> <span class='ocrx_word' id='word_1_47' title='bbox 817 729 912 766; x_wconf 88' lang='lat' dir='ltr'>HN:</span> <span class='ocrx_word' id='word_1_48' title='bbox 940 730 1054 767; x_wconf 87' lang='lat' dir='ltr'>Lond.</span> <span class='ocrx_word' id='word_1_49' title='bbox 1072 729 1125 764; x_wconf 87' lang='lat' dir='ltr'>iii.</span> <span class='ocrx_word' id='word_1_50' title='bbox 1142 740 1208 772; x_wconf 77' lang='lat'>42:</span> <span class='ocrx_word' id='word_1_51' title='bbox 1238 729 1310 764; x_wconf 88' lang='lat' dir='ltr'>LB.</span> <span class='ocrx_word' id='word_1_52' title='bbox 1327 739 1404 775; x_wconf 84' lang='lat'>292.</span> <span class='ocrx_word' id='word_1_53' title='bbox 1458 729 1527 776; x_wconf 85' lang='lat'>&lt;10</span> <span class='ocrx_word' id='word_1_54' title='bbox 1543 730 1714 776; x_wconf 77' lang='lat' dir='ltr'>January</span> <span class='ocrx_word' id='word_1_55' title='bbox 1734 731 1858 778; x_wconf 79' lang='lat'>1518.)</span> 
     </span>
    </p>
   </div>
   <div class='ocr_carea' id='block_1_5' title="bbox 763 843 1459 876">
    <p class='ocr_par' dir='ltr' id='par_1_5' title="bbox 763 843 1459 876">
     <span class='ocr_line' id='line_1_8' title="bbox 763 843 1459 876; baseline -0.006 0"><span class='ocrx_word' id='word_1_56' title='bbox 763 844 968 876; x_wconf 78' lang='lat' dir='ltr'>ERASMVS</span> <span class='ocrx_word' id='word_1_57' title='bbox 997 844 1214 874; x_wconf 74' lang='lat' dir='ltr'>NEOMAGO</span> <span class='ocrx_word' id='word_1_58' title='bbox 1246 843 1327 874; x_wconf 77' lang='lat' dir='ltr'>SVO</span> <span class='ocrx_word' id='word_1_59' title='bbox 1358 844 1391 873; x_wconf 84' lang='lat' dir='ltr'>S.</span> <span class='ocrx_word' id='word_1_60' title='bbox 1417 844 1459 873; x_wconf 89' lang='lat' dir='ltr'>D.</span> 
     </span>
    </p>
   </div>
   <div class='ocr_carea' id='block_1_6' title="bbox 261 941 1912 2496">
    <p class='ocr_par' dir='ltr' id='par_1_6' title="bbox 313 941 1910 1191">
     <span class='ocr_line' id='line_1_9' title="bbox 367 941 1908 994; baseline -0.001 -10"><span class='ocrx_word' id='word_1_61' title='bbox 367 946 472 994; x_wconf 74' lang='lat' dir='ltr'>Eoo,</span> <span class='ocrx_word' id='word_1_62' title='bbox 485 944 724 984; x_wconf 72' lang='lat' dir='ltr'>doctissime</span> <span class='ocrx_word' id='word_1_63' title='bbox 743 943 932 989; x_wconf 80' lang='lat' dir='ltr'>Gerarde,</span> <span class='ocrx_word' id='word_1_64' title='bbox 949 955 1045 981; x_wconf 88' lang='lat' dir='ltr'>cum</span> <span class='ocrx_word' id='word_1_65' title='bbox 1065 941 1320 991; x_wconf 84' lang='lat' dir='ltr'>praeclarum</span> <span class='ocrx_word' id='word_1_66' title='bbox 1341 954 1504 991; x_wconf 84' lang='lat' dir='ltr'>semper</span> <span class='ocrx_word' id='word_1_67' title='bbox 1522 942 1848 981; x_wconf 81' lang='lat' dir='ltr'>existimauerim</span> <span class='ocrx_word' id='word_1_68' title='bbox 1867 946 1908 982; x_wconf 87' lang='lat' dir='ltr'>et</span> 
     </span>
     <span class='ocr_line' id='line_1_10' title="bbox 315 1004 1909 1060; baseline -0.001 -11"><span class='ocrx_word' id='word_1_69' title='bbox 315 1011 359 1048; x_wconf 90' lang='lat' dir='ltr'>in</span> <span class='ocrx_word' id='word_1_70' title='bbox 379 1010 526 1060; x_wconf 88' lang='lat' dir='ltr'>primis</span> <span class='ocrx_word' id='word_1_71' title='bbox 546 1009 776 1060; x_wconf 88' lang='lat' dir='ltr'>optandum</span> <span class='ocrx_word' id='word_1_72' title='bbox 795 1007 1075 1047; x_wconf 72' lang='lat' dir='ltr'>summatibus</span> <span class='ocrx_word' id='word_1_73' title='bbox 1100 1006 1302 1056; x_wconf 82' lang='lat' dir='ltr'>placuisse</span> <span class='ocrx_word' id='word_1_74' title='bbox 1326 1004 1440 1054; x_wconf 90' lang='lat' dir='ltr'>viris,</span> <span class='ocrx_word' id='word_1_75' title='bbox 1462 1007 1602 1045; x_wconf 87' lang='lat' dir='ltr'>tamen</span> <span class='ocrx_word' id='word_1_76' title='bbox 1629 1020 1653 1046; x_wconf 85' lang='lat' dir='ltr'>a</span> <span class='ocrx_word' id='word_1_77' title='bbox 1676 1007 1794 1047; x_wconf 88' lang='lat' dir='ltr'>nullo</span> <span class='ocrx_word' id='word_1_78' title='bbox 1820 1021 1909 1058; x_wconf 87' lang='lat' dir='ltr'>pro-</span> 
     </span>
     <span class='ocr_line' id='line_1_11' title="bbox 314 1071 1910 1125; baseline -0.001 -11"><span class='ocrx_word' id='word_1_79' title='bbox 314 1076 402 1114; x_wconf 86' lang='lat' dir='ltr'>bari</span> <span class='ocrx_word' id='word_1_80' title='bbox 426 1075 574 1114; x_wconf 86' lang='lat' dir='ltr'>malim</span> <span class='ocrx_word' id='word_1_81' title='bbox 598 1088 722 1125; x_wconf 87' lang='lat' dir='ltr'>quam</span> <span class='ocrx_word' id='word_1_82' title='bbox 747 1073 944 1124; x_wconf 90' lang='lat' dir='ltr'>Philippo</span> <span class='ocrx_word' id='word_1_83' title='bbox 971 1071 1173 1120; x_wconf 73' lang='lat' dir='ltr'>praesuli,</span> <span class='ocrx_word' id='word_1_84' title='bbox 1195 1084 1291 1110; x_wconf 88' lang='lat' dir='ltr'>cum</span> <span class='ocrx_word' id='word_1_85' title='bbox 1317 1084 1410 1110; x_wconf 89' lang='lat' dir='ltr'>meo</span> <span class='ocrx_word' id='word_1_86' title='bbox 1437 1074 1529 1110; x_wconf 88' lang='lat' dir='ltr'>tum</span> <span class='ocrx_word' id='word_1_87' title='bbox 1553 1073 1749 1112; x_wconf 87' lang='lat' dir='ltr'>omnibus</span> <span class='ocrx_word' id='word_1_88' title='bbox 1774 1074 1910 1113; x_wconf 86' lang='lat' dir='ltr'>modis</span> 
     </span>
     <span class='ocr_line' id='line_1_12' title="bbox 313 1136 1910 1191; baseline -0.001 -12"><span class='ocrx_word' id='word_1_89' title='bbox 313 1140 523 1191; x_wconf 86' lang='lat' dir='ltr'>primario.</span> <span class='ocrx_word' id='word_1_90' title='bbox 593 1139 767 1190; x_wconf 88' lang='lat' dir='ltr'>Scripsit</span> <span class='ocrx_word' id='word_1_91' title='bbox 796 1139 846 1178; x_wconf 80' lang='lat' dir='ltr'>ad</span> <span class='ocrx_word' id='word_1_92' title='bbox 876 1152 950 1177; x_wconf 87' lang='lat' dir='ltr'>nos</span> <span class='ocrx_word' id='word_1_93' title='bbox 979 1140 1076 1177; x_wconf 83' lang='lat' dir='ltr'>ante</span> <span class='ocrx_word' id='word_1_94' title='bbox 1105 1149 1270 1175; x_wconf 87' lang='lat' dir='ltr'>menses</span> <span class='ocrx_word' id='word_1_95' title='bbox 1299 1136 1534 1186; x_wconf 79' lang='lat' dir='ltr'>complures</span> <span class='ocrx_word' id='word_1_96' title='bbox 1561 1138 1910 1190; x_wconf 87' lang='lat' dir='ltr'>Archiepiscopus</span> 
     </span>
    </p>

    <p class='ocr_par' dir='ltr' id='par_1_7' title="bbox 279 1201 1911 1516">
     <span class='ocr_line' id='line_1_13' title="bbox 279 1201 1911 1255; baseline -0.003 -8"><span class='ocrx_word' id='word_1_97' title='bbox 279 1217 294 1247; x_wconf 78' lang='lat'><em>5</em></span> <span class='ocrx_word' id='word_1_98' title='bbox 316 1205 648 1255; x_wconf 84' lang='lat' dir='ltr'>Maguntinensis</span> <span class='ocrx_word' id='word_1_99' title='bbox 676 1205 835 1243; x_wconf 75' lang='lat' dir='ltr'>litteras</span> <span class='ocrx_word' id='word_1_100' title='bbox 858 1203 991 1242; x_wconf 92' lang='lat' dir='ltr'>multo</span> <span class='ocrx_word' id='word_1_101' title='bbox 1016 1201 1355 1249; x_wconf 80' lang='lat' dir='ltr'>humanissimas,</span> <span class='ocrx_word' id='word_1_102' title='bbox 1376 1202 1498 1251; x_wconf 87' lang='lat' dir='ltr'>atque</span> <span class='ocrx_word' id='word_1_103' title='bbox 1527 1202 1628 1241; x_wconf 85' lang='lat' dir='ltr'>adeo</span> <span class='ocrx_word' id='word_1_104' title='bbox 1656 1203 1788 1253; x_wconf 90' lang='lat' dir='ltr'>ipsius</span> <span class='ocrx_word' id='word_1_105' title='bbox 1815 1204 1911 1243; x_wconf 82' lang='lat' dir='ltr'>arti-</span> 
     </span>
     <span class='ocr_line' id='line_1_14' title="bbox 315 1266 1911 1321; baseline -0.001 -12"><span class='ocrx_word' id='word_1_106' title='bbox 315 1271 431 1309; x_wconf 84' lang='lat' dir='ltr'>culis.</span> <span class='ocrx_word' id='word_1_107' title='bbox 491 1271 665 1321; x_wconf 79' lang='lat' dir='ltr'>Scripsit</span> <span class='ocrx_word' id='word_1_108' title='bbox 685 1283 818 1320; x_wconf 82' lang='lat' dir='ltr'>nuper</span> <span class='ocrx_word' id='word_1_109' title='bbox 837 1269 1067 1319; x_wconf 77' lang='lat' dir='ltr'>Episcopus</span> <span class='ocrx_word' id='word_1_110' title='bbox 1087 1266 1337 1315; x_wconf 61' lang='lat' dir='ltr'>Leodkmsis,</span> <span class='ocrx_word' id='word_1_111' title='bbox 1360 1266 1566 1306; x_wconf 85' lang='lat' dir='ltr'>minitans</span> <span class='ocrx_word' id='word_1_112' title='bbox 1585 1281 1628 1306; x_wconf 88' lang='lat' dir='ltr'>se</span> <span class='ocrx_word' id='word_1_113' title='bbox 1648 1269 1729 1308; x_wconf 90' lang='lat' dir='ltr'>huc</span> <span class='ocrx_word' id='word_1_114' title='bbox 1749 1268 1911 1308; x_wconf 86' lang='lat' dir='ltr'>aduola-</span> 
     </span>
     <span class='ocr_line' id='line_1_15' title="bbox 316 1332 1910 1386; baseline -0.001 -11"><span class='ocrx_word' id='word_1_115' title='bbox 316 1340 469 1384; x_wconf 84' lang='lat' dir='ltr'>turum,</span> <span class='ocrx_word' id='word_1_116' title='bbox 493 1336 528 1374; x_wconf 88' lang='lat' dir='ltr'>si</span> <span class='ocrx_word' id='word_1_117' title='bbox 554 1349 700 1386; x_wconf 85' lang='lat' dir='ltr'>grauer</span> <span class='ocrx_word' id='word_1_118' title='bbox 722 1336 772 1373; x_wconf 88' lang='lat' dir='ltr'>ad</span> <span class='ocrx_word' id='word_1_119' title='bbox 800 1348 843 1373; x_wconf 88' lang='lat' dir='ltr'>se</span> <span class='ocrx_word' id='word_1_120' title='bbox 868 1334 1019 1373; x_wconf 85' lang='lat' dir='ltr'>venire.</span> <span class='ocrx_word' id='word_1_121' title='bbox 1083 1332 1162 1372; x_wconf 88' lang='lat' dir='ltr'>Sed</span> <span class='ocrx_word' id='word_1_122' title='bbox 1189 1340 1235 1371; x_wconf 76' lang='lat' dir='ltr'>vt</span> <span class='ocrx_word' id='word_1_123' title='bbox 1262 1332 1338 1370; x_wconf 88' lang='lat' dir='ltr'>hec</span> <span class='ocrx_word' id='word_1_124' title='bbox 1364 1332 1470 1371; x_wconf 88' lang='lat' dir='ltr'>mihi</span> <span class='ocrx_word' id='word_1_125' title='bbox 1490 1333 1698 1385; x_wconf 85' lang='lat' dir='ltr'>voluptati</span> <span class='ocrx_word' id='word_1_126' title='bbox 1719 1337 1829 1383; x_wconf 89' lang='lat' dir='ltr'>sunt,</span> <span class='ocrx_word' id='word_1_127' title='bbox 1851 1334 1910 1373; x_wconf 88' lang='lat' dir='ltr'>ita</span> 
     </span>
     <span class='ocr_line' id='line_1_16' title="bbox 318 1397 1910 1451; baseline -0.001 -12"><span class='ocrx_word' id='word_1_128' title='bbox 318 1415 459 1440; x_wconf 86' lang='lat' dir='ltr'>rursus</span> <span class='ocrx_word' id='word_1_129' title='bbox 480 1401 585 1439; x_wconf 89' lang='lat' dir='ltr'>mihi</span> <span class='ocrx_word' id='word_1_130' title='bbox 606 1400 801 1451; x_wconf 89' lang='lat' dir='ltr'>displiceo</span> <span class='ocrx_word' id='word_1_131' title='bbox 821 1411 1059 1449; x_wconf 87' lang='lat' dir='ltr'>pennasque</span> <span class='ocrx_word' id='word_1_132' title='bbox 1081 1397 1268 1444; x_wconf 70' lang='lat' dir='ltr'>demitto,</span> <span class='ocrx_word' id='word_1_133' title='bbox 1291 1397 1452 1447; x_wconf 88' lang='lat' dir='ltr'>quoties</span> <span class='ocrx_word' id='word_1_134' title='bbox 1470 1399 1674 1438; x_wconf 87' lang='lat' dir='ltr'>succurrit</span> <span class='ocrx_word' id='word_1_135' title='bbox 1695 1399 1801 1438; x_wconf 89' lang='lat' dir='ltr'>nihil</span> <span class='ocrx_word' id='word_1_136' title='bbox 1823 1413 1910 1438; x_wconf 86' lang='lat' dir='ltr'>esse</span> 
     </span>
     <span class='ocr_line' id='line_1_17' title="bbox 318 1462 1569 1516; baseline -0.002 -11"><span class='ocrx_word' id='word_1_137' title='bbox 318 1468 361 1505; x_wconf 90' lang='lat' dir='ltr'>in</span> <span class='ocrx_word' id='word_1_138' title='bbox 382 1480 448 1505; x_wconf 90' lang='lat' dir='ltr'>me</span> <span class='ocrx_word' id='word_1_139' title='bbox 469 1466 577 1516; x_wconf 90' lang='lat' dir='ltr'>quod</span> <span class='ocrx_word' id='word_1_140' title='bbox 598 1468 809 1504; x_wconf 86' lang='lat' dir='ltr'>tantorum</span> <span class='ocrx_word' id='word_1_141' title='bbox 825 1465 999 1503; x_wconf 91' lang='lat' dir='ltr'>heroum</span> <span class='ocrx_word' id='word_1_142' title='bbox 1019 1462 1293 1513; x_wconf 77' lang='lat' dir='ltr'>expectationi</span> <span class='ocrx_word' id='word_1_143' title='bbox 1313 1463 1569 1512; x_wconf 85' lang='lat' dir='ltr'>respondeat.</span> 
     </span>
    </p>

    <p class='ocr_par' dir='ltr' id='par_1_8' title="bbox 261 1527 1912 1842">
     <span class='ocr_line' id='line_1_18' title="bbox 261 1527 1911 1580; baseline -0.001 -9"><span class='ocrx_word' id='word_1_144' title='bbox 261 1544 300 1566; x_wconf 86' lang='lat'>10</span> <span class='ocrx_word' id='word_1_145' title='bbox 372 1533 451 1571; x_wconf 90' lang='lat' dir='ltr'>Sed</span> <span class='ocrx_word' id='word_1_146' title='bbox 471 1532 576 1570; x_wconf 90' lang='lat' dir='ltr'>heus</span> <span class='ocrx_word' id='word_1_147' title='bbox 596 1533 654 1580; x_wconf 74' lang='lat' dir='ltr'>tu,</span> <span class='ocrx_word' id='word_1_148' title='bbox 672 1544 759 1569; x_wconf 91' lang='lat' dir='ltr'>rem</span> <span class='ocrx_word' id='word_1_149' title='bbox 780 1531 928 1580; x_wconf 90' lang='lat' dir='ltr'>oppido</span> <span class='ocrx_word' id='word_1_150' title='bbox 948 1542 1101 1568; x_wconf 88' lang='lat' dir='ltr'>nouam</span> <span class='ocrx_word' id='word_1_151' title='bbox 1121 1541 1173 1566; x_wconf 79' lang='lat' dir='ltr'>ex</span> <span class='ocrx_word' id='word_1_152' title='bbox 1192 1527 1277 1566; x_wconf 90' lang='lat' dir='ltr'>tuis</span> <span class='ocrx_word' id='word_1_153' title='bbox 1295 1527 1430 1567; x_wconf 89' lang='lat' dir='ltr'>literis</span> <span class='ocrx_word' id='word_1_154' title='bbox 1441 1528 1606 1578; x_wconf 86' lang='lat' dir='ltr'>accipio.</span> <span class='ocrx_word' id='word_1_155' title='bbox 1668 1529 1911 1569; x_wconf 85' lang='lat' dir='ltr'>Nesciebam</span> 
     </span>
     <span class='ocr_line' id='line_1_19' title="bbox 318 1593 1912 1647; baseline -0.001 -11"><span class='ocrx_word' id='word_1_156' title='bbox 318 1600 357 1636; x_wconf 85' lang='lat' dir='ltr'>te</span> <span class='ocrx_word' id='word_1_157' title='bbox 372 1600 459 1636; x_wconf 84' lang='lat' dir='ltr'>tam</span> <span class='ocrx_word' id='word_1_158' title='bbox 475 1597 659 1647; x_wconf 86' lang='lat' dir='ltr'>virgineo</span> <span class='ocrx_word' id='word_1_159' title='bbox 672 1597 827 1646; x_wconf 89' lang='lat' dir='ltr'>pudore</span> <span class='ocrx_word' id='word_1_160' title='bbox 843 1594 1054 1646; x_wconf 88' lang='lat' dir='ltr'>preditum</span> <span class='ocrx_word' id='word_1_161' title='bbox 1068 1596 1114 1632; x_wconf 86' lang='lat' dir='ltr'>vt</span> <span class='ocrx_word' id='word_1_162' title='bbox 1131 1593 1181 1631; x_wconf 83' lang='lat' dir='ltr'>ad</span> <span class='ocrx_word' id='word_1_163' title='bbox 1197 1606 1264 1631; x_wconf 85' lang='lat' dir='ltr'>me</span> <span class='ocrx_word' id='word_1_164' title='bbox 1279 1606 1365 1631; x_wconf 89' lang='lat' dir='ltr'>non</span> <span class='ocrx_word' id='word_1_165' title='bbox 1380 1593 1491 1632; x_wconf 88' lang='lat' dir='ltr'>ausis</span> <span class='ocrx_word' id='word_1_166' title='bbox 1506 1594 1699 1633; x_wconf 86' lang='lat' dir='ltr'>scribere.</span> <span class='ocrx_word' id='word_1_167' title='bbox 1735 1596 1912 1646; x_wconf 89' lang='lat' dir='ltr'>Sepenu·</span> 
     </span>
     <span class='ocr_line' id='line_1_20' title="bbox 318 1658 1906 1710; baseline -0.002 -9"><span class='ocrx_word' id='word_1_168' title='bbox 318 1676 430 1702; x_wconf 89' lang='lat' dir='ltr'>mero</span> <span class='ocrx_word' id='word_1_169' title='bbox 460 1662 548 1701; x_wconf 92' lang='lat' dir='ltr'>vidi</span> <span class='ocrx_word' id='word_1_170' title='bbox 576 1664 617 1700; x_wconf 90' lang='lat' dir='ltr'>te</span> <span class='ocrx_word' id='word_1_171' title='bbox 644 1662 874 1709; x_wconf 81' lang='lat' dir='ltr'>rubentem,</span> <span class='ocrx_word' id='word_1_172' title='bbox 897 1672 1043 1699; x_wconf 88' lang='lat' dir='ltr'>verum</span> <span class='ocrx_word' id='word_1_173' title='bbox 1063 1658 1226 1698; x_wconf 88' lang='lat' dir='ltr'>ruboris</span> <span class='ocrx_word' id='word_1_174' title='bbox 1249 1671 1414 1697; x_wconf 83' lang='lat' dir='ltr'>causam</span> <span class='ocrx_word' id='word_1_175' title='bbox 1438 1671 1524 1697; x_wconf 88' lang='lat' dir='ltr'>non</span> <span class='ocrx_word' id='word_1_176' title='bbox 1550 1660 1668 1710; x_wconf 88' lang='lat' dir='ltr'>quiui</span> <span class='ocrx_word' id='word_1_177' title='bbox 1697 1661 1906 1700; x_wconf 86' lang='lat' dir='ltr'>coniicere.</span> 
     </span>
     <span class='ocr_line' id='line_1_21' title="bbox 320 1723 1911 1777; baseline -0.002 -10"><span class='ocrx_word' id='word_1_178' title='bbox 320 1728 436 1777; x_wconf 76' lang='lat' dir='ltr'>Quod</span> <span class='ocrx_word' id='word_1_179' title='bbox 456 1728 491 1766; x_wconf 87' lang='lat' dir='ltr'>si</span> <span class='ocrx_word' id='word_1_180' title='bbox 511 1740 668 1776; x_wconf 76' lang='lat' dir='ltr'>verum,</span> <span class='ocrx_word' id='word_1_181' title='bbox 685 1741 777 1765; x_wconf 85' lang='lat' dir='ltr'>mea</span> <span class='ocrx_word' id='word_1_182' title='bbox 797 1725 1004 1765; x_wconf 80' lang='lat' dir='ltr'>sententia</span> <span class='ocrx_word' id='word_1_183' title='bbox 1025 1737 1099 1763; x_wconf 93' lang='lat' dir='ltr'>nec</span> <span class='ocrx_word' id='word_1_184' title='bbox 1118 1723 1211 1763; x_wconf 81' lang='lat' dir='ltr'>aula</span> <span class='ocrx_word' id='word_1_185' title='bbox 1231 1723 1383 1774; x_wconf 86' lang='lat' dir='ltr'>dignus</span> <span class='ocrx_word' id='word_1_186' title='bbox 1403 1737 1445 1762; x_wconf 90' lang='lat' dir='ltr'>es</span> <span class='ocrx_word' id='word_1_187' title='bbox 1464 1737 1540 1763; x_wconf 87' lang='lat' dir='ltr'>nec</span> <span class='ocrx_word' id='word_1_188' title='bbox 1555 1725 1726 1764; x_wconf 87' lang='lat' dir='ltr'>cuculla.</span> <span class='ocrx_word' id='word_1_189' title='bbox 1779 1726 1911 1775; x_wconf 81' lang='lat' dir='ltr'>Quare</span> 
     </span>
     <span class='ocr_line' id='line_1_22' title="bbox 320 1790 1911 1842; baseline -0.001 -10"><span class='ocrx_word' id='word_1_190' title='bbox 320 1794 355 1832; x_wconf 88' lang='lat' dir='ltr'>si</span> <span class='ocrx_word' id='word_1_191' title='bbox 376 1807 462 1832; x_wconf 90' lang='lat' dir='ltr'>rem</span> <span class='ocrx_word' id='word_1_192' title='bbox 483 1790 615 1832; x_wconf 85' lang='lat' dir='ltr'>facere</span> <span class='ocrx_word' id='word_1_193' title='bbox 634 1792 800 1842; x_wconf 84' lang='lat' dir='ltr'>cogitas,</span> <span class='ocrx_word' id='word_1_194' title='bbox 817 1792 877 1830; x_wconf 87' lang='lat' dir='ltr'>fac</span> <span class='ocrx_word' id='word_1_195' title='bbox 899 1804 1022 1841; x_wconf 78' lang='lat' dir='ltr'>quam</span> <span class='ocrx_word' id='word_1_196' title='bbox 1041 1790 1225 1840; x_wconf 85' lang='lat' dir='ltr'>primum</span> <span class='ocrx_word' id='word_1_197' title='bbox 1246 1790 1424 1827; x_wconf 85' lang='lat' dir='ltr'>frontem</span> <span class='ocrx_word' id='word_1_198' title='bbox 1444 1790 1640 1839; x_wconf 86' lang='lat' dir='ltr'>perfrices</span> <span class='ocrx_word' id='word_1_199' title='bbox 1658 1793 1700 1830; x_wconf 92' lang='lat' dir='ltr'>et</span> <span class='ocrx_word' id='word_1_200' title='bbox 1718 1791 1911 1830; x_wconf 85' lang='lat' dir='ltr'>inutilem</span> 
     </span>
    </p>

    <p class='ocr_par' dir='ltr' id='par_1_9' title="bbox 264 1858 758 1908">
     <span class='ocr_line' id='line_1_23' title="bbox 264 1858 758 1908; baseline -0.002 -11"><span class='ocrx_word' id='word_1_201' title='bbox 264 1872 298 1904; x_wconf 80' lang='lat'>15</span> <span class='ocrx_word' id='word_1_202' title='bbox 319 1859 518 1908; x_wconf 88' lang='lat' dir='ltr'>pudorem</span> <span class='ocrx_word' id='word_1_203' title='bbox 538 1858 758 1908; x_wconf 83' lang='lat' dir='ltr'>abstergas.</span> 
     </span>
    </p>

    <p class='ocr_par' dir='ltr' id='par_1_10' title="bbox 319 1920 1912 2169">
     <span class='ocr_line' id='line_1_24' title="bbox 375 1920 1910 1973; baseline 0 -11"><span class='ocrx_word' id='word_1_204' title='bbox 375 1924 429 1962; x_wconf 86' lang='lat' dir='ltr'>In</span> <span class='ocrx_word' id='word_1_205' title='bbox 455 1937 576 1973; x_wconf 91' lang='lat' dir='ltr'>opere</span> <span class='ocrx_word' id='word_1_206' title='bbox 604 1923 714 1962; x_wconf 89' lang='lat' dir='ltr'>Noui</span> <span class='ocrx_word' id='word_1_207' title='bbox 741 1921 999 1962; x_wconf 84' lang='lat' dir='ltr'>Testamenti</span> <span class='ocrx_word' id='word_1_208' title='bbox 1024 1920 1107 1959; x_wconf 87' lang='lat' dir='ltr'>iam</span> <span class='ocrx_word' id='word_1_209' title='bbox 1132 1934 1179 1958; x_wconf 92' lang='lat' dir='ltr'>eo</span> <span class='ocrx_word' id='word_1_210' title='bbox 1205 1932 1446 1969; x_wconf 84' lang='lat' dir='ltr'>progressus</span> <span class='ocrx_word' id='word_1_211' title='bbox 1469 1933 1563 1959; x_wconf 89' lang='lat' dir='ltr'>sum</span> <span class='ocrx_word' id='word_1_212' title='bbox 1583 1923 1639 1970; x_wconf 75' lang='lat' dir='ltr'>vt,</span> <span class='ocrx_word' id='word_1_213' title='bbox 1664 1921 1760 1960; x_wconf 87' lang='lat' dir='ltr'>licet</span> <span class='ocrx_word' id='word_1_214' title='bbox 1779 1922 1910 1961; x_wconf 86' lang='lat' dir='ltr'>adhuc</span> 
     </span>
     <span class='ocr_line' id='line_1_25' title="bbox 321 1985 1911 2039; baseline 0 -13"><span class='ocrx_word' id='word_1_215' title='bbox 321 1990 446 2028; x_wconf 76' lang='lat' dir='ltr'>iacter</span> <span class='ocrx_word' id='word_1_216' title='bbox 484 1988 579 2035; x_wconf 87' lang='lat' dir='ltr'>alto,</span> <span class='ocrx_word' id='word_1_217' title='bbox 611 1990 753 2027; x_wconf 85' lang='lat' dir='ltr'>tamen</span> <span class='ocrx_word' id='word_1_218' title='bbox 792 1990 936 2039; x_wconf 84' lang='lat' dir='ltr'>portus</span> <span class='ocrx_word' id='word_1_219' title='bbox 976 1985 1119 2036; x_wconf 87' lang='lat' dir='ltr'>procul</span> <span class='ocrx_word' id='word_1_220' title='bbox 1160 1998 1247 2024; x_wconf 87' lang='lat' dir='ltr'>sese</span> <span class='ocrx_word' id='word_1_221' title='bbox 1276 1986 1468 2032; x_wconf 87' lang='lat' dir='ltr'>ostentet,</span> <span class='ocrx_word' id='word_1_222' title='bbox 1500 1985 1616 2025; x_wconf 85' lang='lat' dir='ltr'>velut</span> <span class='ocrx_word' id='word_1_223' title='bbox 1644 1987 1695 2025; x_wconf 88' lang='lat' dir='ltr'>ad</span> <span class='ocrx_word' id='word_1_224' title='bbox 1729 1986 1911 2036; x_wconf 88' lang='lat' dir='ltr'>quietem</span> 
     </span>
     <span class='ocr_line' id='line_1_26' title="bbox 322 2050 1912 2101; baseline -0.001 -10"><span class='ocrx_word' id='word_1_225' title='bbox 322 2054 519 2093; x_wconf 86' lang='lat' dir='ltr'>inuitans.</span> <span class='ocrx_word' id='word_1_226' title='bbox 587 2053 709 2092; x_wconf 90' lang='lat' dir='ltr'>Mitto</span> <span class='ocrx_word' id='word_1_227' title='bbox 750 2053 942 2092; x_wconf 90' lang='lat' dir='ltr'>libellum</span> <span class='ocrx_word' id='word_1_228' title='bbox 982 2051 1297 2101; x_wconf 84' lang='lat' dir='ltr'>Paraphraseos.</span> <span class='ocrx_word' id='word_1_229' title='bbox 1370 2050 1415 2089; x_wconf 91' lang='lat' dir='ltr'>Si</span> <span class='ocrx_word' id='word_1_230' title='bbox 1454 2051 1559 2089; x_wconf 84' lang='lat' dir='ltr'>forte</span> <span class='ocrx_word' id='word_1_231' title='bbox 1601 2065 1686 2090; x_wconf 92' lang='lat' dir='ltr'>non</span> <span class='ocrx_word' id='word_1_232' title='bbox 1726 2052 1827 2090; x_wconf 89' lang='lat' dir='ltr'>dum</span> <span class='ocrx_word' id='word_1_233' title='bbox 1854 2065 1912 2091; x_wconf 85' lang='lat' dir='ltr'>ac-</span> 
     </span>
     <span class='ocr_line' id='line_1_27' title="bbox 319 2115 1907 2169; baseline -0.001 -11"><span class='ocrx_word' id='word_1_234' title='bbox 319 2119 476 2169; x_wconf 87' lang='lat' dir='ltr'>cepisti,</span> <span class='ocrx_word' id='word_1_235' title='bbox 512 2132 608 2157; x_wconf 92' lang='lat' dir='ltr'>eum</span> <span class='ocrx_word' id='word_1_236' title='bbox 641 2119 784 2158; x_wconf 87' lang='lat' dir='ltr'>amicis</span> <span class='ocrx_word' id='word_1_237' title='bbox 817 2118 990 2158; x_wconf 90' lang='lat' dir='ltr'>eruditis</span> <span class='ocrx_word' id='word_1_238' title='bbox 1021 2117 1236 2167; x_wconf 88' lang='lat' dir='ltr'>imperties</span> <span class='ocrx_word' id='word_1_239' title='bbox 1281 2117 1332 2164; x_wconf 82' lang='lat' dir='ltr'>et,</span> <span class='ocrx_word' id='word_1_240' title='bbox 1365 2115 1401 2153; x_wconf 89' lang='lat' dir='ltr'>si</span> <span class='ocrx_word' id='word_1_241' title='bbox 1434 2117 1699 2155; x_wconf 88' lang='lat' dir='ltr'>commodum</span> <span class='ocrx_word' id='word_1_242' title='bbox 1732 2117 1907 2166; x_wconf 83' lang='lat' dir='ltr'>videtur,</span> 
     </span>
    </p>

    <p class='ocr_par' dir='ltr' id='par_1_11' title="bbox 263 2181 1912 2496">
     <span class='ocr_line' id='line_1_28' title="bbox 263 2181 1905 2234; baseline 0.001 -15"><span class='ocrx_word' id='word_1_243' title='bbox 263 2200 302 2220; x_wconf 85' lang='lat'>20</span> <span class='ocrx_word' id='word_1_244' title='bbox 322 2185 450 2224; x_wconf 84' lang='lat' dir='ltr'>etiam</span> <span class='ocrx_word' id='word_1_245' title='bbox 466 2185 547 2234; x_wconf 91' lang='lat' dir='ltr'>ipsi</span> <span class='ocrx_word' id='word_1_246' title='bbox 563 2184 761 2234; x_wconf 82' lang='lat' dir='ltr'>Principi,</span> <span class='ocrx_word' id='word_1_247' title='bbox 780 2197 874 2223; x_wconf 88' lang='lat' dir='ltr'>cum</span> <span class='ocrx_word' id='word_1_248' title='bbox 893 2183 1042 2234; x_wconf 89' lang='lat' dir='ltr'>primis</span> <span class='ocrx_word' id='word_1_249' title='bbox 1060 2184 1200 2221; x_wconf 90' lang='lat' dir='ltr'>autem</span> <span class='ocrx_word' id='word_1_250' title='bbox 1221 2181 1378 2231; x_wconf 89' lang='lat' dir='ltr'>optimo</span> <span class='ocrx_word' id='word_1_251' title='bbox 1397 2181 1595 2232; x_wconf 90' lang='lat' dir='ltr'>Philippo</span> <span class='ocrx_word' id='word_1_252' title='bbox 1615 2181 1785 2231; x_wconf 87' lang='lat' dir='ltr'>Montio,</span> <span class='ocrx_word' id='word_1_253' title='bbox 1802 2182 1905 2230; x_wconf 83' lang='lat' dir='ltr'>aule,</span> 
     </span>
     <span class='ocr_line' id='line_1_29' title="bbox 321 2246 1912 2300; baseline -0.001 -12"><span class='ocrx_word' id='word_1_254' title='bbox 321 2252 368 2290; x_wconf 90' lang='lat' dir='ltr'>vt</span> <span class='ocrx_word' id='word_1_255' title='bbox 392 2249 548 2298; x_wconf 88' lang='lat' dir='ltr'>scribis,</span> <span class='ocrx_word' id='word_1_256' title='bbox 572 2250 852 2299; x_wconf 87' lang='lat' dir='ltr'>procuratori:</span> <span class='ocrx_word' id='word_1_257' title='bbox 882 2262 1005 2300; x_wconf 83' lang='lat' dir='ltr'>quem</span> <span class='ocrx_word' id='word_1_258' title='bbox 1030 2247 1222 2298; x_wconf 87' lang='lat' dir='ltr'>equidem</span> <span class='ocrx_word' id='word_1_259' title='bbox 1242 2259 1327 2284; x_wconf 89' lang='lat' dir='ltr'>non</span> <span class='ocrx_word' id='word_1_260' title='bbox 1347 2259 1517 2295; x_wconf 90' lang='lat' dir='ltr'>possum</span> <span class='ocrx_word' id='word_1_261' title='bbox 1536 2259 1622 2284; x_wconf 88' lang='lat' dir='ltr'>non</span> <span class='ocrx_word' id='word_1_262' title='bbox 1644 2246 1912 2286; x_wconf 83' lang='lat' dir='ltr'>vehementer</span> 
     </span>
     <span class='ocr_line' id='line_1_30' title="bbox 324 2310 1912 2365; baseline -0.002 -11"><span class='ocrx_word' id='word_1_263' title='bbox 324 2316 536 2355; x_wconf 86' lang='lat' dir='ltr'>redamare</span> <span class='ocrx_word' id='word_1_264' title='bbox 557 2328 630 2353; x_wconf 93' lang='lat' dir='ltr'>suo</span> <span class='ocrx_word' id='word_1_265' title='bbox 652 2315 791 2353; x_wconf 89' lang='lat' dir='ltr'>studio</span> <span class='ocrx_word' id='word_1_266' title='bbox 809 2328 876 2353; x_wconf 90' lang='lat' dir='ltr'>me</span> <span class='ocrx_word' id='word_1_267' title='bbox 895 2314 1199 2365; x_wconf 84' lang='lat' dir='ltr'>prouocantem.</span> <span class='ocrx_word' id='word_1_268' title='bbox 1260 2311 1312 2349; x_wconf 85' lang='lat' dir='ltr'>Ei</span> <span class='ocrx_word' id='word_1_269' title='bbox 1330 2310 1392 2349; x_wconf 82' lang='lat' dir='ltr'>fac</span> <span class='ocrx_word' id='word_1_270' title='bbox 1414 2311 1593 2350; x_wconf 89' lang='lat' dir='ltr'>multam</span> <span class='ocrx_word' id='word_1_271' title='bbox 1612 2312 1789 2351; x_wconf 85' lang='lat' dir='ltr'>salutem</span> <span class='ocrx_word' id='word_1_272' title='bbox 1806 2313 1912 2351; x_wconf 88' lang='lat' dir='ltr'>meis</span> 
     </span>
     <span class='ocr_line' id='line_1_31' title="bbox 322 2376 1908 2426; baseline -0.002 -7"><span class='ocrx_word' id='word_1_273' title='bbox 322 2380 459 2419; x_wconf 84' lang='lat' dir='ltr'>verbis</span> <span class='ocrx_word' id='word_1_274' title='bbox 497 2380 736 2419; x_wconf 84' lang='lat' dir='ltr'>annuncies.</span> <span class='ocrx_word' id='word_1_275' title='bbox 798 2380 956 2418; x_wconf 87' lang='lat' dir='ltr'>Neuius</span> <span class='ocrx_word' id='word_1_276' title='bbox 986 2392 1031 2417; x_wconf 86' lang='lat' dir='ltr'>ac</span> <span class='ocrx_word' id='word_1_277' title='bbox 1060 2377 1254 2416; x_wconf 86' lang='lat' dir='ltr'>Borsalus</span> <span class='ocrx_word' id='word_1_278' title='bbox 1282 2378 1322 2414; x_wconf 86' lang='lat' dir='ltr'>te</span> <span class='ocrx_word' id='word_1_279' title='bbox 1352 2376 1594 2415; x_wconf 84' lang='lat' dir='ltr'>resalutant.</span> <span class='ocrx_word' id='word_1_280' title='bbox 1653 2376 1768 2416; x_wconf 90' lang='lat' dir='ltr'>Bene</span> <span class='ocrx_word' id='word_1_281' title='bbox 1805 2377 1908 2426; x_wconf 84' lang='lat' dir='ltr'>vale,</span> 
     </span>
     <span class='ocr_line' id='line_1_32' title="bbox 323 2437 1394 2496; baseline -0.007 -12"><span class='ocrx_word' id='word_1_282' title='bbox 323 2447 531 2496; x_wconf 86' lang='lat' dir='ltr'>Neomage</span> <span class='ocrx_word' id='word_1_283' title='bbox 551 2445 852 2483; x_wconf 86' lang='lat' dir='ltr'>candidissime.</span> <span class='ocrx_word' id='word_1_284' title='bbox 913 2443 1101 2483; x_wconf 87' lang='lat' dir='ltr'>Louanii.</span> <span class='ocrx_word' id='word_1_285' title='bbox 1123 2440 1186 2494; x_wconf 87' lang='lat' dir='ltr'>[M.</span> <span class='ocrx_word' id='word_1_286' title='bbox 1205 2455 1242 2480; x_wconf 90' lang='lat' dir='ltr'>D.</span> <span class='ocrx_word' id='word_1_287' title='bbox 1266 2437 1394 2492; x_wconf 64' lang='lat' dir='ltr'><strong>XVII]</strong></span> 
     </span>
    </p>
   </div>
   <div class='ocr_carea' id='block_1_7' title="bbox 322 2553 1944 2772">
    <p class='ocr_par' dir='ltr' id='par_1_12' title="bbox 322 2553 1944 2772">
     <span class='ocr_line' id='line_1_33' title="bbox 365 2553 1912 2598; baseline -0.001 -10"><span class='ocrx_word' id='word_1_288' title='bbox 365 2559 439 2589; x_wconf 79' lang='lat'>758.</span> <span class='ocrx_word' id='word_1_289' title='bbox 464 2568 516 2598; x_wconf 88' lang='lat'>35.</span> <span class='ocrx_word' id='word_1_290' title='bbox 541 2556 838 2589; x_wconf 82' lang='lat' dir='ltr'>reuerendissima</span> <span class='ocrx_word' id='word_1_291' title='bbox 856 2557 892 2588; x_wconf 83' lang='lat' dir='ltr'>T.</span> <span class='ocrx_word' id='word_1_292' title='bbox 911 2557 949 2588; x_wconf 89' lang='lat' dir='ltr'>P.</span> <span class='ocrx_word' id='word_1_293' title='bbox 968 2560 1035 2587; x_wconf 82' lang='lat' dir='ltr'>MS.</span> <span class='ocrx_word' id='word_1_294' title='bbox 1051 2568 1057 2587; x_wconf 76' lang='grc' dir='ltr'>ε</span> <span class='ocrx_word' id='word_1_295' title='bbox 1087 2558 1149 2587; x_wconf 86' lang='lat' dir='ltr'>tua</span> <span class='ocrx_word' id='word_1_296' title='bbox 1171 2553 1370 2586; x_wconf 70' lang='lat' dir='ltr'>reum-enda</span> <span class='ocrx_word' id='word_1_297' title='bbox 1390 2554 1594 2585; x_wconf 83' lang='lat' dir='ltr'>sublimitas</span> <span class='ocrx_word' id='word_1_298' title='bbox 1610 2557 1651 2585; x_wconf 89' lang='lat' dir='ltr'>H.</span> <span class='ocrx_word' id='word_1_299' title='bbox 1787 2555 1912 2587; x_wconf 80' lang='lat' dir='ltr'>dedico</span> 
     </span>
     <span class='ocr_line' id='line_1_34' title="bbox 324 2598 1912 2640; baseline -0.001 -8"><span class='ocrx_word' id='word_1_300' title='bbox 324 2603 442 2633; x_wconf 86' lang='lat' dir='ltr'>omnia</span> <span class='ocrx_word' id='word_1_301' title='bbox 460 2605 488 2631; x_wconf 93' lang='lat' dir='ltr'><em>D</em></span> <span class='ocrx_word' id='word_1_302' title='bbox 503 2613 510 2632; x_wconf 91' lang='lat'>:</span> <span class='ocrx_word' id='word_1_303' title='bbox 534 2601 663 2632; x_wconf 89' lang='lat' dir='ltr'>dedeco</span> <span class='ocrx_word' id='word_1_304' title='bbox 681 2604 749 2631; x_wconf 94' lang='lat' dir='ltr'>MS.</span> <span class='ocrx_word' id='word_1_305' title='bbox 865 2601 920 2640; x_wconf 82' lang='lat'>36.</span> <span class='ocrx_word' id='word_1_306' title='bbox 944 2610 1000 2632; x_wconf 76' lang='lat' dir='ltr'>AN.</span> <span class='ocrx_word' id='word_1_307' title='bbox 1019 2609 1189 2631; x_wconf 77' lang='lat' dir='ltr'>M.D.xvn1</span> <span class='ocrx_word' id='word_1_308' title='bbox 1203 2601 1276 2629; x_wconf 71' lang='lat' dir='ltr'>add.</span> <span class='ocrx_word' id='word_1_309' title='bbox 1294 2599 1333 2628; x_wconf 91' lang='lat' dir='ltr'>D.</span> <span class='ocrx_word' id='word_1_310' title='bbox 1463 2598 1536 2629; x_wconf 75' lang='lat'>759.</span> <span class='ocrx_word' id='word_1_311' title='bbox 1560 2607 1623 2630; x_wconf 77' lang='lat' dir='ltr'>TIT.</span> <span class='ocrx_word' id='word_1_312' title='bbox 1642 2607 1805 2630; x_wconf 73' lang='lat' dir='ltr'>NEOMAoo</span> <span class='ocrx_word' id='word_1_313' title='bbox 1820 2602 1888 2632; x_wconf 88' lang='lat' dir='ltr'>MS.</span> <span class='ocrx_word' id='word_1_314' title='bbox 1904 2612 1912 2630; x_wconf 71' lang='grc' dir='ltr'>ε</span> 
     </span>
     <span class='ocr_line' id='line_1_35' title="bbox 323 2642 1908 2676; baseline -0.001 0"><span class='ocrx_word' id='word_1_315' title='bbox 323 2655 485 2676; x_wconf 71' lang='lat' dir='ltr'>GERARDO</span> <span class='ocrx_word' id='word_1_316' title='bbox 502 2654 703 2675; x_wconf 76' lang='lat' dir='ltr'>NOVIOMAGO</span> <span class='ocrx_word' id='word_1_317' title='bbox 719 2647 756 2676; x_wconf 92' lang='lat' dir='ltr'>D.</span> <span class='ocrx_word' id='word_1_318' title='bbox 923 2654 949 2675; x_wconf 92' lang='lat'>1.</span> <span class='ocrx_word' id='word_1_319' title='bbox 975 2643 1215 2674; x_wconf 84' lang='lat' dir='ltr'>existimarim</span> <span class='ocrx_word' id='word_1_320' title='bbox 1232 2645 1270 2673; x_wconf 89' lang='lat' dir='ltr'>D.</span> <span class='ocrx_word' id='word_1_321' title='bbox 1435 2652 1465 2673; x_wconf 89' lang='lat'>2.</span> <span class='ocrx_word' id='word_1_322' title='bbox 1490 2651 1510 2672; x_wconf 86' lang='lat' dir='ltr'>a</span> <span class='ocrx_word' id='word_1_323' title='bbox 1526 2642 1628 2672; x_wconf 89' lang='lat' dir='ltr'>nullo</span> <span class='ocrx_word' id='word_1_324' title='bbox 1644 2644 1713 2673; x_wconf 90' lang='lat' dir='ltr'>MS.</span> <span class='ocrx_word' id='word_1_325' title='bbox 1731 2653 1738 2672; x_wconf 72' lang='grc' dir='ltr'><strong>ε</strong></span> <span class='ocrx_word' id='word_1_326' title='bbox 1760 2642 1855 2673; x_wconf 90' lang='lat' dir='ltr'>nulli</span> <span class='ocrx_word' id='word_1_327' title='bbox 1870 2646 1908 2674; x_wconf 88' lang='lat' dir='ltr'>D.</span> 
     </span>
     <span class='ocr_line' id='line_1_36' title="bbox 323 2685 1944 2728; baseline -0.002 -8"><span class='ocrx_word' id='word_1_328' title='bbox 323 2699 352 2728; x_wconf 87' lang='lat'>5.</span> <span class='ocrx_word' id='word_1_329' title='bbox 378 2688 665 2728; x_wconf 79' lang='lat' dir='ltr'>Moguntinensis</span> <span class='ocrx_word' id='word_1_330' title='bbox 680 2691 715 2720; x_wconf 89' lang='lat' dir='ltr'>F.</span> <span class='ocrx_word' id='word_1_331' title='bbox 866 2698 894 2726; x_wconf 89' lang='lat'>7.</span> <span class='ocrx_word' id='word_1_332' title='bbox 919 2688 1043 2717; x_wconf 85' lang='lat' dir='ltr'>venire</span> <span class='ocrx_word' id='word_1_333' title='bbox 1060 2690 1097 2725; x_wconf 87' lang='lat' dir='ltr'>D,</span> <span class='ocrx_word' id='word_1_334' title='bbox 1115 2688 1152 2724; x_wconf 83' lang='lat' dir='ltr'>cs.</span> <span class='ocrx_word' id='word_1_335' title='bbox 1171 2689 1228 2723; x_wconf 78' lang='lat' dir='ltr'>Ep.</span> <span class='ocrx_word' id='word_1_336' title='bbox 1249 2688 1321 2724; x_wconf 88' lang='lat'>746.</span> <span class='ocrx_word' id='word_1_337' title='bbox 1339 2696 1417 2726; x_wconf 88' lang='lat'>9,10</span> <span class='ocrx_word' id='word_1_338' title='bbox 1435 2696 1441 2715; x_wconf 92' lang='lat'><strong>:</strong></span> <span class='ocrx_word' id='word_1_339' title='bbox 1465 2685 1580 2717; x_wconf 86' lang='lat' dir='ltr'>redire</span> <span class='ocrx_word' id='word_1_340' title='bbox 1596 2688 1666 2718; x_wconf 88' lang='lat' dir='ltr'>MS.</span> <span class='ocrx_word' id='word_1_341' title='bbox 1801 2687 1831 2717; x_wconf 90' lang='lat'>8.</span> <span class='ocrx_word' id='word_1_342' title='bbox 1858 2689 1887 2717; x_wconf 90' lang='lat' dir='ltr'>D</span> <span class='ocrx_word' id='word_1_343' title='bbox 1905 2698 1912 2716; x_wconf 93' lang='lat'><strong>:</strong></span> <span class='ocrx_word' id='word_1_344' title='bbox 1942 2700 1944 2703; x_wconf 40' lang='lat' dir='ltr'>v</span> 
     </span>
     <span class='ocr_line' id='line_1_37' title="bbox 322 2729 1914 2772; baseline -0.001 -9"><span class='ocrx_word' id='word_1_345' title='bbox 322 2732 485 2772; x_wconf 84' lang='lat' dir='ltr'>displicio</span> <span class='ocrx_word' id='word_1_346' title='bbox 500 2735 570 2764; x_wconf 87' lang='lat' dir='ltr'>MS.</span> <span class='ocrx_word' id='word_1_347' title='bbox 637 2735 684 2762; x_wconf 93' lang='lat' dir='ltr'>D:</span> <span class='ocrx_word' id='word_1_348' title='bbox 702 2732 849 2762; x_wconf 77' lang='lat' dir='ltr'>seem-rit</span> <span class='ocrx_word' id='word_1_349' title='bbox 865 2734 933 2762; x_wconf 88' lang='lat' dir='ltr'>MS.</span> <span class='ocrx_word' id='word_1_350' title='bbox 1028 2740 1076 2768; x_wconf 84' lang='lat'>13.</span> <span class='ocrx_word' id='word_1_351' title='bbox 1102 2739 1228 2760; x_wconf 80' lang='lat' dir='ltr'>verum</span> <span class='ocrx_word' id='word_1_352' title='bbox 1245 2732 1313 2761; x_wconf 86' lang='lat' dir='ltr'>MS.</span> <span class='ocrx_word' id='word_1_353' title='bbox 1328 2742 1335 2760; x_wconf 76' lang='grc' dir='ltr'><em>τ</em></span> <span class='ocrx_word' id='word_1_354' title='bbox 1358 2740 1442 2761; x_wconf 86' lang='lat' dir='ltr'>vera</span> <span class='ocrx_word' id='word_1_355' title='bbox 1457 2729 1639 2768; x_wconf 80' lang='lat' dir='ltr'>praedicas</span> <span class='ocrx_word' id='word_1_356' title='bbox 1654 2732 1692 2761; x_wconf 90' lang='lat' dir='ltr'>D.</span> <span class='ocrx_word' id='word_1_357' title='bbox 1784 2739 1836 2769; x_wconf 83' lang='lat'>17.</span> <span class='ocrx_word' id='word_1_358' title='bbox 1861 2733 1889 2761; x_wconf 88' lang='lat' dir='ltr'>D</span> <span class='ocrx_word' id='word_1_359' title='bbox 1907 2742 1914 2760; x_wconf 92' lang='lat'>:</span> 
     </span>
    </p>
   </div>
   <div class='ocr_carea' id='block_1_8' title="bbox 324 2773 1912 2849">
    <p class='ocr_par' dir='ltr' id='par_1_13' title="bbox 324 2773 1912 2849">
     <span class='ocr_line' id='line_1_38' title="bbox 324 2773 1912 2814; baseline -0.001 -8"><span class='ocrx_word' id='word_1_360' title='bbox 324 2778 480 2806; x_wconf 72' lang='lat' dir='ltr'>ostentat</span> <span class='ocrx_word' id='word_1_361' title='bbox 497 2779 565 2807; x_wconf 88' lang='lat' dir='ltr'>MS.</span> <span class='ocrx_word' id='word_1_362' title='bbox 656 2775 813 2814; x_wconf 78' lang='lat' dir='ltr'>quietem</span> <span class='ocrx_word' id='word_1_363' title='bbox 831 2778 865 2805; x_wconf 90' lang='lat' dir='ltr'><em>H</em></span> <span class='ocrx_word' id='word_1_364' title='bbox 880 2786 887 2805; x_wconf 70' lang='grc' dir='ltr'>ε</span> <span class='ocrx_word' id='word_1_365' title='bbox 911 2784 985 2806; x_wconf 87' lang='lat' dir='ltr'>sese</span> <span class='ocrx_word' id='word_1_366' title='bbox 1002 2777 1070 2805; x_wconf 76' lang='lat' dir='ltr'>MS.</span> <span class='ocrx_word' id='word_1_367' title='bbox 1201 2783 1252 2810; x_wconf 79' lang='lat'>24.</span> <span class='ocrx_word' id='word_1_368' title='bbox 1279 2773 1454 2813; x_wconf 81' lang='lat' dir='ltr'>Neomage</span> <span class='ocrx_word' id='word_1_369' title='bbox 1471 2776 1537 2804; x_wconf 86' lang='lat' dir='ltr'>MS.</span> <span class='ocrx_word' id='word_1_370' title='bbox 1557 2785 1563 2803; x_wconf 76' lang='grc' dir='ltr'>ε</span> <span class='ocrx_word' id='word_1_371' title='bbox 1587 2773 1801 2813; x_wconf 79' lang='lat' dir='ltr'>Nouiomage</span> <span class='ocrx_word' id='word_1_372' title='bbox 1816 2776 1912 2804; x_wconf 71' lang='lat' dir='ltr'>Lond.</span> 
     </span>
     <span class='ocr_line' id='line_1_39' title="bbox 326 2821 627 2849; baseline 0.003 -1"><span class='ocrx_word' id='word_1_373' title='bbox 326 2829 474 2849; x_wconf 51' lang='lat' dir='ltr'>›mxxvn</span> <span class='ocrx_word' id='word_1_374' title='bbox 490 2822 566 2849; x_wconf 76' lang='lat' dir='ltr'>add.</span> <span class='ocrx_word' id='word_1_375' title='bbox 582 2821 627 2849; x_wconf 88' lang='lat' dir='ltr'>H.</span> 
     </span>
    </p>
   </div>
   <div class='ocr_carea' id='block_1_9' title="bbox 371 2938 1584 3022">
    <p class='ocr_par' dir='ltr' id='par_1_14' title="bbox 371 2938 1584 3022">
     <span class='ocr_line' id='line_1_40' title="bbox 371 2938 1584 2981; baseline 0 -11"><span class='ocrx_word' id='word_1_376' title='bbox 371 2941 444 2971; x_wconf 67' lang='lat'>759.</span> <span class='ocrx_word' id='word_1_377' title='bbox 470 2951 499 2980; x_wconf 86' lang='lat'>5.</span> <span class='ocrx_word' id='word_1_378' title='bbox 526 2940 830 2981; x_wconf 78' lang='lat' dir='ltr'>Maguntinensis]</span> <span class='ocrx_word' id='word_1_379' title='bbox 846 2940 909 2979; x_wconf 90' lang='lat' dir='ltr'>Ep.</span> <span class='ocrx_word' id='word_1_380' title='bbox 925 2941 1001 2970; x_wconf 88' lang='lat'>661.</span> <span class='ocrx_word' id='word_1_381' title='bbox 1129 2939 1162 2969; x_wconf 88' lang='lat'>6.</span> <span class='ocrx_word' id='word_1_382' title='bbox 1188 2938 1410 2979; x_wconf 83' lang='lat' dir='ltr'>Leodiensis]</span> <span class='ocrx_word' id='word_1_383' title='bbox 1428 2939 1492 2978; x_wconf 87' lang='lat' dir='ltr'>Ep.</span> <span class='ocrx_word' id='word_1_384' title='bbox 1512 2940 1584 2976; x_wconf 87' lang='lat'>746.</span> 
     </span>
     <span class='ocr_line' id='line_1_41' title="bbox 849 2981 1442 3022; baseline -0.003 -8"><span class='ocrx_word' id='word_1_385' title='bbox 849 2984 898 3014; x_wconf 90' lang='lat'>18.</span> <span class='ocrx_word' id='word_1_386' title='bbox 923 2981 1197 3022; x_wconf 75' lang='lat' dir='ltr'>Paraphraseos]</span> <span class='ocrx_word' id='word_1_387' title='bbox 1215 2982 1267 3014; x_wconf 89' lang='lat' dir='ltr'>Cf.</span> <span class='ocrx_word' id='word_1_388' title='bbox 1284 2982 1348 3022; x_wconf 88' lang='lat' dir='ltr'>Ep.</span> <span class='ocrx_word' id='word_1_389' title='bbox 1368 2991 1442 3021; x_wconf 85' lang='lat'>710.</span> 
     </span>
    </p>
   </div>
  </div>
 </body>
</html>
