2034 3433
246 824 264 854 5

228 1153 265 1174 10

225 2391 264 2413 10

282 112 361 150 252
742 113 991 152 LETTERS
1031 113 1099 152 OF
1139 113 1404 152 ERASMUS
1745 113 1869 166 [1518

672 235 764 274 797.
827 233 890 273 To
920 232 1047 273 JOHN
1079 231 1481 274 OECOLAMPADIUS.

330 324 515 359 Deventer
535 323 611 357 MS.
631 334 688 368 91,
707 323 730 357 f.
750 333 805 367 90.
1556 321 1733 357 Louvain.

332 380 402 416 LB.
419 382 515 426 App.
534 390 615 424 273.
1464 388 1505 424 13
1525 379 1656 415 March
1675 379 1826 428 (1518).

661 470 866 500 ERASMVS
896 469 1246 501 OECOLAMPADIO
1278 470 1360 500 SVO
1393 470 1425 499 S.
1450 470 1494 501 D.

338 551 417 599 QVI
460 551 644 589 diuinare
689 550 818 600 potui,
861 549 1102 589 charissime
1147 548 1444 600 Oecolampadi‚
1487 552 1538 595 te,
1578 551 1716 589 virum
1752 551 1874 589 rebus

284 615 527 654 coelestibus
552 615 776 664 addictum,
800 615 1090 654 Francfordiae
1115 615 1161 653 in
1184 615 1347 654 sordida
1365 615 1436 654 illa
1454 615 1676 654 hominum
1695 615 1874 654 colluuie

283 680 524 719 adfuturum
538 682 558 719 ⁶?
596 681 676 719 Sed
697 681 862 731 quando
875 683 922 719 tu
938 681 1087 718 Thesei
1101 693 1328 731 cognomen
1342 681 1541 730 agnoscis,
1558 695 1654 720 vere
1668 681 1874 720 Theseum

282 747 462 794 praestes
482 749 657 796 oportet.
696 747 911 785 Vexantur
926 759 948 784 a
962 746 1110 784 multis
1125 746 1330 785 Hebraica
1346 759 1447 796 quae
1461 748 1503 785 te
1517 746 1650 785 fretus
1669 746 1870 796 asscripsi,

283 823 378 848 cum
396 811 547 860 primis
568 812 677 860 quod
697 824 747 850 ex
767 812 909 850 Annio
929 811 1147 850 collectum
1166 811 1466 850 admiscuimus
1490 812 1535 850 in
1559 812 1681 850 Luca.
1735 811 1873 850 Adero

282 877 376 914 ante
389 876 552 914 Maium
572 877 773 925 Basileae,
788 879 824 916 si
843 878 968 915 modo
987 876 1127 915 licebit
1141 890 1214 927 per
1231 877 1476 915 Germaniae
1490 876 1717 923 latrocinia,
1731 889 1875 915 rursus

283 940 469 979 editurus
490 941 659 981 Nouum
679 943 1004 982 Testamentum.
1056 943 1230 981 Vtinam
1248 942 1335 980 illic
1355 942 1517 980 adesses
1535 955 1580 980 ac
1600 944 1688 981 toto
1708 944 1874 992 pectore

284 1006 499 1055 negocium
518 1007 596 1046 hoc
621 1008 828 1047 adiutares
844 1010 852 1047 !
910 1021 1009 1046 nam
1026 1008 1233 1047 Ger-bellio
1253 1021 1339 1046 non
1358 1020 1528 1057 possum
1547 1021 1631 1045 non
1651 1007 1872 1057 indignari,

283 1071 445 1120 quoties
472 1072 516 1110 in
542 1075 728 1112 mentem
748 1074 865 1111 venit
887 1074 1043 1123 quanto
1062 1073 1239 1121 fastidio,
1262 1087 1387 1123 quam
1411 1072 1695 1122 contemptim,
1719 1085 1805 1111 sese
1829 1072 1873 1110 in

283 1149 329 1174 ea
351 1150 394 1175 re
421 1139 604 1186 gesserit.
662 1140 796 1178 Adest
820 1140 887 1177 hic
913 1139 1161 1187 Matthaeus,
1184 1138 1441 1189 Wolphangi
1457 1138 1671 1187 Capitonis
1689 1151 1873 1188 praecep-

282 1203 357 1250 tor,
388 1202 616 1242 conductus
645 1204 810 1254 publico
840 1205 1120 1254 perpetuoque
1148 1204 1295 1242 salario
1323 1205 1370 1242 vt
1399 1203 1588 1242 Hebraea
1615 1203 1870 1253 profiteatur.

283 1264 344 1303 Ea
384 1278 448 1304 res
476 1267 603 1315 probe
632 1267 825 1306 succedit.
896 1266 1009 1315 Vale,
1042 1266 1102 1304 mi
1140 1266 1439 1316 Oecolampadi,
1472 1268 1512 1304 et
1551 1266 1775 1305 Erasmum
1812 1266 1874 1304 tui

282 1331 620 1370 amantissimum
640 1332 815 1370 redama.
879 1332 1068 1371 Louanii.
1091 1345 1125 1380 3.
1149 1332 1241 1370 idus
1260 1332 1394 1370 Marti.

558 1468 652 1508 798.
715 1467 781 1507 To
812 1466 1095 1520 <W0LFGANG
1125 1465 1378 1507 FABRICIUS
1409 1465 1610 1520 CAP1T0>.

331 1553 517 1591 Deventer
534 1556 611 1593 MS.
631 1567 687 1602 91,
701 1558 723 1592 f.
745 1567 791 1601 90
803 1560 849 1591 v0.
1555 1541 1733 1591 Lou‘vain.

331 1612 403 1648 LB.
422 1613 518 1659 App.
537 1625 616 1659 272.
1461 1624 1501 1659 13
1521 1614 1651 1649 March
1670 1613 1826 1660 (1518).

544 1701 703 1743 [Leclerc
720 1703 750 1733 is
764 1701 897 1742 clearly
913 1702 1012 1742 right
1028 1702 1068 1732 in
1084 1701 1293 1742 addressing
1308 1701 1383 1732 this
1397 1703 1433 1732 to
1451 1701 1605 1743 Capito]

339 1778 378 1816 S.
399 1779 446 1817 P.
472 1780 664 1830 Vndique
689 1780 845 1830 profert
872 1793 969 1828 sese,
992 1780 1057 1819 vir
1083 1779 1249 1829 optime,
1271 1792 1465 1829 syncaera
1493 1779 1780 1829 Germanaque
1802 1781 1874 1818 tua

285 1844 328 1881 in
352 1843 577 1883 Erasmum
606 1845 792 1894 charitas,
815 1845 881 1884 vel
906 1846 1014 1896 quod
1038 1846 1144 1884 Bero
1170 1845 1329 1883 litteras
1348 1858 1432 1882 non
1452 1845 1787 1893 communicaris,
1805 1844 1873 1883 vel

283 1910 390 1958 quod
410 1911 614 1960 Apologia
642 1913 682 1949 te
710 1912 796 1949 tam
824 1911 949 1949 habet
978 1910 1215 1949 sollicitum.
1275 1911 1336 1949 De
1365 1910 1573 1948 Matthaeo
1602 1911 1736 1949 dicam
1766 1910 1872 1960 quod

283 1975 427 2014 rideas.
487 1976 698 2015 Inuiserat
724 1976 796 2014 ille
825 1990 911 2015 nos.
972 1976 1076 2026 Ego,
1105 1989 1156 2014 ne
1195 1975 1300 2014 mihi
1329 1977 1421 2014 tum
1451 1977 1645 2025 occupato
1673 1976 1875 2015 molestus

283 2043 399 2088 esset,
422 2041 545 2080 mitto
571 2044 664 2080 tuas
689 2041 851 2080 litteras
873 2042 923 2080 ad
946 2041 1069 2080 illum
1089 2041 1270 2091 scriptas.
1329 2041 1453 2080 Redit
1473 2041 1524 2079 ab
1543 2041 1647 2080 atrio
1667 2042 1870 2089 minister,

282 2107 486 2145 nuncians
510 2107 633 2145 illum
659 2107 794 2145 tribus
814 2107 1031 2146 dumtaxat
1049 2106 1157 2145 velle
1177 2106 1408 2145 conuenire.
1467 2108 1649 2146 Annuo:
1678 2107 1871 2154 ascendit,

282 2172 449 2210 exhibet
467 2172 698 2222 epistolam,
714 2185 866 2222 rogans
881 2172 944 2211 vti
963 2172 1044 2211 sibi
1060 2171 1292 2222 praelegam
1310 2186 1318 2217 ;
1347 2184 1445 2209 nam
1464 2172 1600 2210 deesse
1620 2171 1869 2222 conspicilla.

283 2237 392 2287 Lego
417 2237 746 2287 semiperiodum,
769 2240 809 2276 et
837 2251 935 2276 mox
963 2238 1014 2277 ad
1037 2237 1161 2276 illum
1186 2250 1339 2285 versus,
1374 2238 1383 2256 ‘
1399 2236 1492 2275 Non
1517 2237 1744 2276 admodum
1764 2237 1875 2276 blan·

281 2304 382 2341 dum
399 2303 408 2318 '
429 2303 603 2353 inquam
626 2308 633 2322 ¹
650 2303 864 2342 exordium
885 2318 894 2351 ;
923 2305 1102 2354 praestat
1122 2305 1168 2341 vt
1186 2303 1273 2352 ipse
1288 2302 1473 2352 perlegas
1487 2304 1506 2339 ³.
1571 2305 1579 2322 ⁴
1596 2302 1717 2350 Imo‚’
1735 2302 1874 2352 inquit

285 2368 429 2419 ‘cupio
472 2371 513 2407 te
551 2369 631 2407 ista
659 2369 762 2407 scire
780 2371 800 2407 ⁵.
874 2369 1008 2419 Pergo
1036 2369 1184 2407 iussus.
1243 2369 1350 2407 Cum
1389 2368 1553 2406 duriora
1591 2381 1752 2417 semper
1788 2381 1871 2406 suc-

281 2434 482 2481 cederent,
515 2447 662 2472 moneo
692 2436 739 2472 vt
769 2433 882 2472 solus
910 2434 997 2483 ipse
1025 2433 1145 2484 legat.
1200 2432 1280 2471 Ille
1313 2445 1429 2471 orare
1458 2434 1504 2471 vt
1533 2433 1665 2482 legere
1691 2445 1871 2482 pergam.

325 2533 397 2563 797.
422 2541 483 2563 ΤΙΤ.
510 2541 770 2562 OECOLAMPIDIO
787 2535 855 2563 MS.
1000 2541 1029 2562 2.
1055 2533 1132 2562 LB:
1155 2530 1321 2562 additum
1337 2532 1403 2560 MS.
1539 2539 1568 2569 5.
1594 2532 1670 2561 LB:
1692 2530 1787 2561 Anio
1802 2533 1873 2561 MS.

324 2620 398 2651 797.
416 2629 446 2650 2.
471 2619 738 2660 Francfordiae]
751 2618 1043 2658 Oecolampadius
1153 2618 1183 2648 8.
1208 2616 1406 2657 Ger-bellio]
1434 2617 1498 2647 See
1540 2616 1604 2656 Ep.
1635 2627 1700 2656 342
1739 2617 1870 2649 introd.

280 2673 392 2694 seems
403 2665 439 2694 to
456 2663 547 2694 have
559 2664 707 2694 written
719 2663 798 2693 that
814 2663 859 2692 he
871 2662 942 2692 had
952 2662 1041 2692 been
1109 2661 1179 2691 and
1196 2662 1241 2692 cf.
1261 2661 1323 2700 Ep.
1342 2670 1415 2699 421.
1435 2661 1529 2699 53-6.

279 2709 315 2737 at
326 2707 387 2737 the
398 2710 550 2738 autumn
561 2706 730 2737 fairwith
741 2706 804 2736 the
816 2704 1040 2736 booksellers’
1154 2705 1227 2736 798.
1253 2714 1282 2735 2.
1311 2704 1468 2745 litteras]
1500 2704 1662 2744 Perhaps
1692 2704 1755 2744 Ep.
1795 2713 1868 2744 730,

279 2752 394 2789 party,
423 2750 495 2781 and
523 2750 594 2780 had
619 2751 708 2781 been
733 2748 983 2789 disappointed
1004 2750 1041 2779 to
1109 2748 1232 2778 which
1262 2748 1388 2786 Capito
1424 2756 1507 2786 may
1539 2748 1630 2778 have
1660 2747 1871 2779 considered

280 2793 355 2823 find
379 2803 426 2824 no
449 2794 593 2825 further
614 2793 723 2824 letter
738 2793 848 2834 (after
869 2793 935 2832 Ep.
959 2794 1040 2832 605)
1110 2791 1222 2830 likely
1240 2793 1277 2822 to
1296 2792 1374 2830 give
1392 2791 1537 2821 offence.

279 2836 332 2867 for
359 2837 437 2867 him
465 2838 505 2867 in
533 2837 714 2867 Erasmus’
742 2836 882 2876 August
910 2836 1041 2876 budget
1152 2845 1187 2873 3.
1210 2834 1400 2875 Apologia]
1419 2834 1470 2865 Cf.
1489 2834 1578 2874 Epp.
1600 2844 1706 2876 730‚1.

279 2883 358 2911 sent
376 2880 532 2920 through
550 2881 742 2911 Frankfort
757 2882 793 2911 to
810 2879 924 2910 Basle.
1196 2877 1393 2918 Matthaeo]
1421 2877 1560 2908 Adrian
1575 2889 1583 2917 3
1615 2887 1672 2909 see
1699 2878 1761 2918 Ep.
1793 2878 1870 2908 686.

321 2933 351 2961 3.
376 2923 521 2963 Thesei]
538 2923 590 2955 Cf.
610 2924 670 2963 Ep.
691 2933 764 2962 373.
783 2924 903 2961 69-76.
1110 2932 1128 2959 5
1141 2931 1176 2952 n.

322 2977 351 3006 5.
379 2966 515 3007 Annio]
535 2966 585 2998 Cf.
606 2967 668 3006 Ep.
687 2968 760 3005 784.
778 2976 867 3006 4911.
1152 2966 1183 2995 6.
1211 2964 1342 3005 tribus]
1359 2975 1398 2997 sc.
1415 2965 1543 2996 verbis.
