2034 3433
197 140 295 194 843]
686 142 757 181 ΤΟ
796 142 1021 182 MARTIN
1060 142 1302 183 LYPSIUs
1711 146 1791 185 327

196 248 354 296 addere,
377 249 486 299 quod
516 248 624 287 male
653 251 796 287 contra
822 249 934 287 hunc
958 249 1280 288 Franciscanum
1306 251 1510 288 mouetur.
1571 249 1678 288 Nam
1708 250 1791 289 iam

195 315 267 352 aut
285 314 456 354 honoris
476 316 548 353 aut
566 315 698 354 famae
723 314 874 364 cupidi,
901 315 1077 363 pecunia
1102 317 1280 364 egentes,
1303 316 1433 363 vacui,
1456 315 1630 360 verbosi,
1655 316 1793 354 inflati

195 382 326 430 agunt
349 382 396 419 vt
421 380 732 430 Hieronymum
759 381 819 419 sic
846 380 1057 423 mutilum,
1080 381 1139 419 sic
1158 381 1431 431 deprauatum
1450 381 1687 420 habeamus.
1747 381 1792 420 Si

196 446 390 485 nonnulli
426 446 523 484 libri
560 446 813 496 scriptorum
841 446 946 485 vitio
988 447 1201 496 deprauati
1238 449 1348 494 sunt,
1380 447 1640 497 corrigantur
1676 447 1792 486 iuxta
1810 461 1870 494 555

195 513 366 563 antiqua
381 512 837 562 exemplaria—estimo
850 511 983 551 adhuc
998 512 1183 551 inueniri
1203 525 1322 562 posse
1341 515 1525 563 tempore
1539 512 1790 563 Hieronymi

194 578 410 627 scripta—,
446 591 531 616 non
563 578 767 616 cudantur
800 590 918 625 noua,
953 577 1203 627 elegantiam
1237 580 1389 622 autem,
1421 577 1710 628 eloquentiam,
1746 591 1791 617 ac

194 656 365 683 sensum
385 644 637 694 Hieronymi
657 643 938 682 destruentia?
977 643 1091 682 Haec
1111 643 1192 682 ille.

249 710 311 747 80.
335 709 512 747 Obsecro
525 709 721 758 primum,
738 721 790 747 an
802 709 1041 747 istiusmodi
1052 708 1259 747 coloribus
1272 708 1460 758 depingit
1470 708 1791 748 Franciscanos‘?

194 774 368 822 pecunia
387 776 566 825 egentes,
589 775 723 820 vacui,
745 774 921 822 verbosi,
945 774 1090 821 inflati,
1115 776 1188 813 etc.
1810 779 1877 821 560

249 842 310 876 81.
340 839 500 877 Deinde
520 852 623 877 num
639 838 740 876 dicit
756 852 780 876 a
794 838 915 877 nobis
930 838 1174 877 mutilatum
1190 838 1529 888 Hieronymum?
1558 838 1630 888 qui
1649 839 1791 888 priori-

194 903 270 941 bus
286 903 563 942 aeditionibus
583 904 791 953 permulta
811 903 1058 951 addidimus,
1078 903 1186 942 nihil
1206 905 1346 942 autem
1363 903 1618 942 detraximus
1632 906 1791 953 praeter

191 967 349 1018 aliquot
370 969 472 1007 locis
490 969 618 1007 falsos
639 969 797 1007 titulos.

248 1035 310 1072 82.
343 1034 474 1072 Porro
504 1037 654 1082 autem,
688 1037 833 1073 vtrum
865 1047 943 1072 nos
973 1047 1132 1072 nouum
1166 1033 1359 1072 cudimus
1390 1032 1699 1083 Hieronymum
1735 1047 1789 1073 an

191 1101 372 1138 veterem
390 1100 531 1149 potius
551 1100 812 1145 restituimus
824 1100 845 1137 ⁴?
898 1101 969 1138 An
989 1101 1087 1137 sunt
1102 1099 1273 1149 quidam
1288 1099 1385 1137 adeo
1402 1099 1559 1148 stupidi
1578 1101 1624 1137 vt
1643 1101 1790 1148 putent
1808 1095 1870 1138 565

191 1165 289 1203 haec
311 1178 413 1214 quae
432 1178 543 1203 nunc
564 1165 721 1215 legunt,
746 1163 915 1203 Erasmi
936 1178 1036 1212 esse,
1061 1177 1146 1203 non
1165 1163 1450 1214 Hieronymi?

246 1233 308 1279 83.
341 1230 450 1268 Tum
475 1244 527 1269 an
552 1230 721 1269 aliunde
748 1231 922 1268 credunt
947 1242 1025 1268 nos
1054 1230 1295 1269 emendasse
1324 1229 1634 1278 Hieronymum
1663 1243 1789 1279 quam

190 1309 239 1335 ex
275 1295 575 1335 vetustissimis
611 1295 931 1345 exemplaribus,
972 1309 1076 1346 quae
1113 1296 1180 1334 vel
1222 1296 1313 1345 ipso
1360 1295 1612 1346 Hieronymi
1651 1296 1788 1335 seculo

188 1362 341 1411 scripta
360 1362 495 1401 videri
515 1365 716 1411 poterant,
741 1362 778 1400 si
797 1361 932 1400 vllum
952 1363 1108 1400 extaret
1126 1375 1135 1400 ε
1164 1374 1297 1411 neque
1316 1363 1456 1400 tamen
1483 1362 1669 1400 contenti
1694 1362 1790 1400 vnis

188 1427 504 1477 exemplaribus.
562 1427 653 1465 Hac
674 1440 771 1465 sane
791 1427 837 1465 in
856 1429 974 1477 parte
996 1440 1019 1465 a
1040 1426 1293 1465 doctissimis
1313 1427 1417 1465 viris
1436 1426 1659 1476 plusquam
1678 1427 1789 1466 credi
1808 1432 1871 1466 570

187 1493 319 1542 possit
339 1493 536 1531 sudatum
555 1495 629 1531 est.

243 1560 307 1605 84.
340 1558 453 1607 Quae
491 1561 592 1597 sunt
633 1564 774 1597 autem
817 1558 917 1597 haec
959 1570 1064 1608 quae
1107 1557 1483 1607 Hieronymianam
1524 1557 1784 1608 elegantiam,

188 1623 468 1674 eloquentiam
488 1636 534 1662 ac
553 1636 723 1662 sensum
742 1623 994 1663 subuertunt
1007 1624 1028 1662 ἱ)
1084 1622 1178 1662 Nisi
1196 1622 1276 1662 tibi
1298 1622 1406 1661 nihil
1431 1623 1597 1674 elegans
1622 1623 1789 1663 videtur

189 1689 272 1728 nisi
291 1690 401 1740 quod
421 1691 543 1727 tuum
563 1689 672 1738 sapit
691 1689 849 1728 stilum.

243 1759 306 1804 85.
339 1755 531 1800 Posthac,
550 1754 669 1793 velut
689 1768 862 1794 araneus
881 1754 1170 1802 obambulans,
1190 1768 1239 1793 ex
1266 1755 1398 1793 Moria
1424 1768 1585 1806 quoque
1610 1754 1787 1794 delibata
1805 1762 1868 1794 575

188 1821 383 1859 nonnihil
420 1820 592 1859 attrahit
629 1821 783 1860 veneni
799 1835 809 1869 ;
852 1833 978 1871 quam
1015 1822 1156 1859 tamen
1189 1820 1417 1870 dispeream
1449 1821 1487 1859 si
1520 1821 1630 1870 legit.
1704 1820 1785 1859 Sed

187 1886 427 1925 admonitus
441 1900 465 1925 a
478 1899 552 1925 suo
571 1886 773 1937 paracleto
793 1888 917 1937 negat
935 1900 958 1925 a
978 1900 1046 1925 me
1066 1887 1168 1926 satis
1187 1887 1419 1937 purgatum,
1443 1886 1551 1936 quod
1570 1898 1785 1924 summum

188 1952 417 2001 praemium
436 1953 768 1991 immortalitatis
785 1953 995 1991 insaniam
1016 1952 1224 2002 quandam
1247 1952 1481 2001 scripserim
1509 1951 1586 1990 sub
1611 1963 1785 2001 persona

189 2016 364 2056 Moriae:
408 2017 518 2067 quod
552 2019 696 2056 tamen
730 2018 873 2057 statim
906 2018 1014 2056 inibi
1047 2020 1110 2057 tot
1142 2017 1280 2056 verbis
1311 2017 1569 2067 praemollio‚
1605 2030 1658 2054 ne
1692 2017 1785 2066 quis

189 2082 476 2121 offenderetur.
535 2082 638 2121 Vult
657 2096 733 2121 nos
753 2083 803 2121 ad
828 2085 984 2121 certam
1010 2082 1199 2132 regulam
1224 2082 1350 2133 loqui.
1407 2082 1475 2120 Ad
1504 2083 1663 2131 quam?
1699 2094 1785 2120 non
1804 2079 1865 2120 580

188 2147 430 2197 Augustini,
457 2160 541 2186 non
568 2147 832 2197 Hieronymi,
859 2161 946 2186 non
974 2148 1182 2198 Cypriani,
1214 2160 1299 2186 non
1328 2147 1523 2194 Thomae,
1556 2160 1640 2185 non
1666 2146 1784 2185 Petri

188 2212 424 2261 Lombardi,
467 2225 642 2262 quorum
681 2212 791 2251 dicta
829 2214 900 2251 vix
932 2214 1182 2251 excusantur
1219 2225 1242 2251 a
1278 2211 1493 2262 theologis.
1569 2213 1639 2250 An
1677 2211 1785 2250 hanc

189 2277 376 2328 regulam
404 2277 454 2316 ab
474 2278 599 2316 huius
619 2278 817 2327 temporis
836 2278 1092 2317 scholasticis
1112 2280 1300 2327 petemus
1313 2278 1333 2316 ⁸?
1388 2276 1477 2326 Ipsi
1496 2277 1607 2315 inter
1630 2290 1673 2314 se
1699 2289 1785 2314 non

188 2343 465 2383 consentiunt.
525 2343 671 2382 Fateor
690 2343 740 2381 de
764 2342 887 2382 rebus
912 2343 1038 2382 sacris
1065 2343 1342 2393 circunspecte
1369 2341 1634 2392 loquendum,
1664 2342 1785 2380 anxie

188 2412 260 2449 aut
279 2422 441 2448 morose
460 2422 545 2448 non
563 2411 675 2459 puto.
1805 2414 1865 2455 585

245 2477 307 2513 86.
339 2475 385 2514 Si
413 2487 498 2513 non
526 2474 625 2512 licet
654 2475 715 2513 vti
745 2474 884 2513 verbis
913 2475 996 2513 nisi
1025 2475 1261 2524 Scripturas
1289 2485 1437 2522 sacrae,
1469 2485 1542 2511 cur
1569 2484 1693 2511 ausus
1721 2474 1784 2511 est

188 2541 371 2580 Thomas
399 2542 462 2579 tot
490 2541 610 2578 nouis
635 2542 677 2578 et
698 2539 837 2579 verbis
863 2542 904 2579 et
930 2540 1052 2579 rebus
1080 2540 1232 2590 partim
1261 2538 1312 2577 ab
1337 2536 1564 2577 Aristotele
1589 2538 1780 2587 sumptis,

188 2605 343 2656 partim
362 2618 413 2642 ex
430 2605 522 2654 ipso
542 2604 740 2653 confictis,
766 2605 816 2643 de
834 2604 957 2643 rebus
977 2605 1134 2643 diuinis
1154 2617 1237 2642 non
1261 2603 1399 2642 solum
1423 2602 1537 2652 loqui
1561 2602 1631 2640 sed
1657 2602 1784 2641 etiam

188 2670 494 2721 pronunciare?
548 2669 634 2708 Vbi
661 2683 759 2708 vero
789 2671 967 2721 legimus
995 2670 1040 2708 in
1069 2670 1202 2708 literis
1230 2669 1357 2708 sacris
1386 2668 1598 2706 ecclesiam
1627 2666 1785 2706 Christi

188 2735 463 2775 essentialiter
477 2748 564 2773 esse
578 2735 622 2772 in
639 2736 933 2774 conuocatione
952 2736 1143 2774 omnium
1157 2734 1359 2781 fidelium,
1377 2732 1725 2783 repraesentatiue
1740 2733 1784 2771 in
1805 2749 1869 2781 590

189 2800 478 2847 cardinalibus,
511 2800 744 2839 virtualiter
771 2801 816 2839 in
850 2800 1056 2839 Pontifice
1085 2800 1336 2838 Rhomano‘?
1380 2800 1426 2838 vt
1454 2798 1532 2836 hoc
1561 2810 1610 2835 ex
1638 2797 1786 2836 multis

235 2903 310 2943 558.
334 2902 432 2933 Haec
448 2901 512 2932 ille
527 2905 601 2933 add.
618 2904 661 2933 H.
795 2911 869 2942 573.
897 2903 964 2934 tibi
983 2905 1010 2932 D
1026 2913 1034 2933 ι
1058 2903 1117 2934 isti
1133 2905 1170 2934 F.
1306 2912 1380 2941 574.
1405 2904 1509 2934 tuum
1527 2905 1577 2933 D:
1603 2902 1712 2942 ipsius
1730 2905 1764 2934 F.

444 3010 519 3040 579.
545 3000 694 3042 Moriae]
709 3000 777 3032 LB.
799 3002 845 3032 iv.
865 3010 930 3040 500
946 3010 977 3040 B,
996 3009 1059 3040 502
1076 3010 1118 3030 D:
1144 3000 1187 3032 cf.
1207 2999 1268 3040 Ep.
1288 3009 1362 3039 337.
1379 3009 1443 3038 524
1463 3009 1536 3039 seq.
