2034 3433
145 183 242 238 831]
664 184 734 222 ΤΟ
771 182 921 223 JOHN
961 181 1213 222 GROLIER
1657 178 1736 216 299

143 287 301 327 ambire
331 301 415 327 non
440 300 623 338 possum.
683 287 737 326 Et
766 289 904 326 tamen
929 287 1040 326 hunc
1066 300 1172 337 pene
1197 283 1562 336 inexpugnabilem
1581 281 1735 332 ingenii

143 353 227 392 mei
240 352 438 403 pudorem
450 352 550 392 vicit
565 352 810 402 extuditque
822 351 922 391 Iulii
934 352 1053 391 Calui
1066 351 1132 390 vel
1148 350 1394 402 improbitas
1406 349 1472 388 vel
1484 346 1735 398 eloquentia:

143 417 350 467 siquidem
383 417 420 456 is
446 417 505 456 sic
533 416 689 456 institit
722 419 768 455 vt
802 417 1054 455 Grolierium
1088 416 1193 455 meis
1222 416 1356 455 literis
1389 415 1642 458 lacesserem,
1679 412 1736 449 sic

143 482 309 531 inhesit,
350 482 408 521 sic
446 483 563 529 vrsit,
603 484 650 520 vt
687 481 896 520 volentem
940 482 1150 520 nolentem
1194 480 1374 531 quiuerit
1411 481 1456 518 in
1493 478 1737 528 obsequium
1756 489 1796 518 30

144 546 379 597 perpellere,
403 548 444 585 et
468 546 583 585 velut
609 547 772 585 obtorto
797 546 902 585 collo
922 560 1166 597 quocunque
1188 545 1368 584 lubitum
1390 546 1497 583 esset
1518 544 1737 581 Erasmuni

144 612 389 661 pertrahere.
450 612 613 650 Rursus
641 612 752 650 idem
781 613 867 650 tam
896 625 986 650 rara
1012 611 1206 649 facundia
1233 613 1326 649 tuas
1352 609 1534 660 egregias
1561 608 1739 646 virtutes

144 677 250 715 mihi
265 677 577 727 depraedicanit,
596 678 640 715 vt
650 690 844 715 accensus
860 677 970 715 vltro
985 689 1174 726 sequerer
1189 676 1423 715 trahentem
1437 687 1482 713 ac
1495 685 1599 724 pene
1614 671 1739 711 etiam

145 754 461 792 praecurrerem.
521 743 568 779 Τί
584 743 656 794 γὰρ
677 742 720 779 ἂν
739 742 904 792 πάθοιμι,
923 754 1018 779 cum
1042 741 1113 780 ille
1132 741 1238 779 mihi
1259 739 1500 779 bellissimis
1519 737 1737 783 coloribus,

146 819 248 857 quos
267 806 331 845 illi
348 808 441 845 tuae
467 806 584 845 dotes
609 806 768 845 affatim
793 806 1124 856 suppeditabant,
1147 806 1302 844 artifice
1329 805 1495 854 linguae
1514 816 1610 842 suae
1630 801 1741 852 peni-
1759 814 1797 845 35

146 870 254 920 cillo,
276 872 334 910 sic
354 873 446 910 tum
465 871 596 910 animi
614 874 706 910 tum
724 871 906 920 corporis
926 871 988 909 tui
1007 871 1275 909 simulacrum
1292 883 1377 908 non
1394 868 1602 907 deliniarit
1617 866 1740 905 modo

146 949 293 974 verum
321 937 449 975 etiam
475 936 734 987 expresserit,
759 935 996 984 absoluerit,
1027 935 1238 986 oculisque
1262 935 1489 982 subiecerit,
1516 934 1574 972 sic
1604 934 1739 971 totum

147 1000 400 1040 Grolierium
429 1001 544 1040 velut
571 1001 741 1051 Apelles
770 1001 976 1051 quispiam
1002 1001 1046 1039 in
1075 1000 1217 1039 tabula
1240 1014 1311 1039 seu
1335 1000 1473 1038 verius
1501 999 1546 1036 in
1574 996 1739 1047 speculo

146 1066 480 1116 repraesentarit,
499 1068 546 1104 vt
564 1066 706 1104 minus
726 1068 1019 1115 conspecturus
1038 1065 1200 1112 fuerim,
1218 1065 1254 1104 si
1277 1069 1318 1104 te
1337 1077 1474 1103 coram
1496 1066 1537 1102 et
1552 1061 1739 1100 cominus

146 1131 276 1170 oculis
291 1131 522 1181 quamlibet
540 1131 712 1170 curiosis
726 1130 1030 1169 collustrassem
1042 1132 1063 1168 ⁸?
1110 1130 1288 1168 Adiuuit
1304 1130 1490 1168 natiuam
1506 1127 1740 1166 facundiam
1760 1140 1802 1171 40

147 1195 304 1234 mirum
332 1196 539 1246 quoddam
568 1195 752 1234 hominis
779 1209 876 1246 erga
904 1199 945 1234 te
973 1196 1169 1243 studium,
1192 1198 1238 1234 vt
1266 1198 1408 1234 autore
1436 1194 1562 1232 Fabio
1590 1193 1742 1230 bonam

146 1260 405 1311 eloquentiae
432 1263 593 1311 partem
621 1263 766 1311 pectus
793 1260 1100 1300 subministrat.
1168 1261 1322 1299 Efficax
1357 1260 1525 1310 quidem
1556 1271 1602 1296 ac
1631 1270 1742 1307 prae-

147 1328 295 1376 potens
327 1326 401 1365 dea
429 1328 563 1373 Πειθὼ,
596 1339 679 1365 non
714 1326 786 1365 abs
816 1340 859 1364 re
892 1327 1036 1376 priscis
1070 1326 1177 1365 dicta
1210 1326 1456 1372 flexanima3
1496 1324 1566 1362 sed
1598 1323 1739 1361 eadem

147 1404 316 1441 prorsus
333 1391 490 1430 inuicta
508 1394 548 1429 et
567 1391 775 1441 impotens
794 1394 867 1440 est,
891 1391 926 1429 si
946 1391 1168 1441 Cupidinis
1187 1390 1454 1430 adminiculis
1474 1389 1700 1427 roboretur.

202 1455 260 1494 Vt
291 1456 362 1495 ille
394 1470 462 1495 me
495 1457 644 1507 rapuit,
678 1459 726 1495 vt
753 1457 951 1503 accendit,
984 1460 1030 1496 vt
1058 1456 1349 1504 inflammauit‚
1385 1455 1456 1493 vbi
1484 1453 1644 1504 prolixa
1671 1452 1739 1491 sed
1762 1466 1802 1497 45

146 1521 398 1560 suauissima
416 1524 556 1560 tamen
577 1521 760 1561 oratione
780 1536 938 1561 nouum
961 1523 1170 1572 quendam
1192 1523 1316 1560 heroa
1342 1520 1540 1571 depinxit,
1564 1518 1745 1568 corporis

147 1587 272 1635 atque
289 1586 421 1625 animi
440 1586 606 1626 dotibus
624 1588 740 1626 iuxta
762 1587 936 1635 felicem,
958 1588 1155 1626 omnibus
1179 1587 1460 1626 Rhamnusiae
1489 1583 1743 1623 ornamentis

148 1651 297 1690 eximie
315 1653 584 1700 cumulatum,
603 1653 720 1692 nullo
740 1666 825 1692 non
845 1653 1014 1692 virtutis
1031 1666 1076 1692 ac
1092 1653 1250 1692 decoris
1268 1665 1417 1702 genere
1431 1649 1741 1700 suspiciendum

147 1718 537 1769 venerandumque!
567 1719 617 1757 ad
642 1718 753 1766 haec,
787 1732 833 1758 ea
854 1732 1019 1758 morum
1042 1718 1243 1757 ciuilitate
1270 1716 1552 1765 modestiaque
1581 1717 1628 1752 vt
1655 1713 1742 1763 ipse

147 1782 480 1832 magnitudinem
509 1796 628 1822 suam
656 1783 772 1822 solus
804 1785 960 1822 nescire
989 1784 1188 1830 videatur,
1218 1797 1264 1822 ea
1296 1781 1552 1831 benignitate
1580 1778 1744 1817 munifi·
1764 1791 1806 1823 50

149 1847 364 1898 centiaque
392 1848 439 1886 in
473 1849 634 1888 omneis
666 1848 871 1899 probitate
899 1849 1113 1899 literisque
1145 1848 1466 1892 commendatos
1502 1848 1548 1884 vt
1583 1846 1742 1883 tantam

148 1912 390 1952 felicitatem
414 1913 509 1953 aliis
536 1914 695 1961 habere,
730 1927 817 1953 non
846 1914 942 1963 sibi,
962 1914 1073 1953 credi
1102 1916 1250 1964 queat;
1281 1913 1394 1951 velut
1420 1912 1466 1950 in
1496 1911 1572 1948 hoc
1602 1910 1740 1958 ipsum

150 1976 353 2016 diuinitus
384 1979 534 2027 editus,
572 1982 619 2019 vt
650 1981 700 2020 de
732 1980 941 2019 Vniuersis
976 1979 1125 2018 studiis
1162 1978 1478 2027 studiorumque
1516 1972 1744 2014 cultoribus

194 2116 247 2146 27.
272 2117 414 2147 possum
432 2113 475 2145 fl:
499 2119 651 2149 possum,
670 2113 709 2141 vt
726 2110 831 2141 modo
847 2109 963 2140 dicere
981 2119 1165 2149 coeperam
1183 2123 1211 2140 α.
1295 2118 1384 2148 pene
1401 2118 1458 2138 om.
1476 2110 1513 2138 D.
1606 2107 1659 2137 28.
1683 2114 1742 2135 ex-

150 2150 318 2190 tuditque
333 2155 376 2188 B:
400 2154 507 2191 atque
527 2154 668 2193 expulit
684 2167 712 2186 α.
891 2162 945 2193 29.
968 2153 1107 2184 institit
1123 2156 1146 2189 β
1160 2163 1166 2183 ;
1191 2152 1287 2192 apud
1304 2162 1359 2182 me
1376 2151 1512 2182 institit
1529 2164 1559 2182 α.
1691 2149 1741 2178 sic

152 2194 299 2234 inhesit,
319 2195 370 2225 sic
385 2197 476 2227 vrsit
493 2201 515 2233 β
531 2207 540 2227 :
562 2197 612 2227 sic
627 2198 769 2237 pressit,
789 2197 839 2227 sic
855 2196 991 2227 inhesit
1008 2209 1037 2227 α.
1158 2205 1212 2234 30.
1237 2195 1395 2235 quiuerit
1412 2195 1451 2225 in
1468 2193 1677 2232 obsequium
1695 2196 1717 2229 β
1734 2203 1741 2221 :

151 2238 190 2268 in
207 2238 415 2277 obsequium
432 2240 592 2279 potuerit
608 2254 637 2272 α.
726 2250 778 2280 32.
805 2240 960 2280 egregias
971 2239 1124 2270 virtutes
1141 2243 1163 2276 β
1177 2250 1184 2270 :
1201 2239 1362 2270 heroicas
1376 2238 1477 2269 dotes
1490 2251 1519 2269 α.
1609 2246 1662 2275 33.
1686 2245 1742 2266 ac-

151 2291 277 2312 census
293 2284 371 2312 add.
387 2286 420 2319 β.
509 2292 562 2322 34.
587 2282 623 2313 Τι’
639 2282 705 2324 γὰρ
720 2282 760 2313 ἂν
775 2282 901 2321 πάθοιμι
914 2287 936 2320 β
952 2293 960 2313 :
974 2283 1065 2322 Quid
1079 2283 1178 2313 enim
1191 2292 1265 2312 non
1278 2282 1430 2312 facerem
1444 2295 1472 2313 a.
1562 2290 1616 2319 35.
1642 2279 1742 2310 dotes

152 2328 175 2362 β
190 2335 198 2355 :
221 2325 375 2356 virtutes
393 2339 421 2358 α.
598 2328 649 2366 36.
676 2327 780 2358 modo
797 2331 838 2364 βε
864 2326 980 2357 solum
998 2339 1026 2358 α.
1209 2335 1261 2364 37.
1290 2325 1471 2363 oculisque
1488 2323 1679 2355 subiecerit
1696 2327 1719 2359 β
1734 2333 1742 2352 :

152 2368 357 2400 exhibuerit
374 2383 403 2400 α.
505 2371 556 2408 38,
583 2370 727 2410 Apelles
742 2371 921 2410 quispiam
940 2372 1015 2400 add.
1034 2373 1068 2406 β.
1159 2370 1198 2400 in
1214 2369 1336 2400 tabula
1352 2378 1413 2399 seu
1429 2368 1550 2399 verius
1566 2370 1641 2398 add.
1661 2370 1683 2403 β
1694 2368 1740 2396 D:

151 2420 211 2444 om.
228 2423 264 2452 γ.
413 2423 466 2453 39.
493 2416 529 2444 et
545 2414 706 2445 cominus
721 2417 797 2446 add.
814 2418 847 2450 β.
997 2423 1050 2450 40.
1077 2413 1238 2443 natiuam
1256 2415 1331 2443 add.
1349 2416 1381 2449 β.
1530 2419 1582 2450 41.
1608 2410 1741 2440 mirum

153 2458 195 2492 B:
228 2456 407 2496 singulare
432 2470 460 2488 α..
596 2458 758 2488 hominis
780 2467 862 2496 erga
884 2458 918 2487 te
943 2460 989 2493 fl:
1020 2457 1074 2487 tui
1099 2470 1127 2488 a.
1256 2456 1364 2487 Fabio
1388 2459 1430 2492 fi:
1461 2453 1687 2494 Quintiliano
1711 2466 1739 2484 a.

153 2506 206 2538 42.
239 2499 384 2538 quidem
407 2503 483 2533 add.
508 2505 539 2538 β.
698 2511 749 2541 43.
784 2499 877 2531 πειθὼ
901 2504 945 2537 βε
976 2499 1085 2531 Pitho
1109 2513 1138 2531 α.
1257 2500 1318 2530 abs
1343 2509 1380 2530 re
1404 2503 1449 2536 β;
1480 2499 1558 2529 sine
1581 2507 1686 2528 causa
1710 2510 1739 2527 α.

152 2541 280 2573 eadem
296 2545 369 2574 add.
390 2547 422 2581 β.
578 2555 631 2584 44.
655 2546 691 2576 et
708 2546 887 2585 impotens
902 2545 977 2574 add.
995 2547 1027 2580 β.
1138 2545 1191 2574 est
1206 2545 1279 2574 add.
1297 2546 1338 2573 H.
1449 2541 1682 2573 adminiculis
1699 2544 1721 2577 β
1735 2551 1743 2570 ;

153 2585 375 2617 adminiculo
395 2591 446 2618 D:
468 2589 602 2620 auxilio
618 2601 648 2620 α.
740 2589 924 2619 roboretur
940 2590 984 2623 β;
1016 2587 1186 2618 fulciatur
1202 2601 1230 2618 α.
1367 2587 1419 2625 46.
1444 2587 1564 2617 tamen
1581 2584 1742 2615 oratione

155 2632 177 2666 β
193 2639 202 2658 :
224 2631 385 2661 oratione
401 2631 494 2662 mihi
510 2645 538 2663 α.
630 2632 810 2671 quendam
828 2636 851 2669 β
866 2643 874 2663 :
897 2631 1102 2670 quempiam
1118 2644 1148 2662 α.
1239 2629 1407 2670 depinxit
1422 2633 1445 2667 β
1459 2640 1467 2660 :
1490 2629 1694 2668 depinxerit
1710 2640 1740 2658 α.

154 2672 207 2710 48.
236 2681 276 2703 ac
292 2673 431 2706 decoris
447 2677 521 2706 aad.
540 2680 574 2713 β.
686 2687 738 2715 49.
765 2674 1083 2714 venerandumque
1101 2676 1176 2705 add.
1195 2678 1227 2710 β.
1345 2683 1396 2713 50.
1423 2672 1742 2710 munificentiaque

154 2717 228 2746 “dd-
247 2720 280 2753 β·
370 2726 423 2757 51.
449 2719 628 2758 probitate
645 2723 668 2757 β
682 2731 689 2750 :
713 2720 849 2751 virtute
866 2732 895 2750 a.
983 2719 1125 2749 tantam
1141 2716 1353 2748 felicitatem
1367 2720 1389 2754 β
1406 2727 1413 2746 :
1437 2725 1519 2747 eum
1532 2715 1741 2746 felicitatem

154 2767 254 2790 suam
271 2773 299 2792 α.
476 2770 527 2801 52.
553 2762 684 2794 habere
701 2767 743 2801 β;
767 2762 944 2803 possidere
961 2761 1057 2792 dicas
1073 2774 1102 2792 α.
1228 2759 1324 2791 credi
1348 2785 1355 2792 .
1384 2784 1390 2790 .
1414 2784 1422 2791 .
1450 2769 1502 2800 54.
1527 2760 1708 2790 mereatur
1722 2762 1744 2794 β

155 2802 224 2842 (52.
251 2806 358 2843 queat
374 2808 455 2841 BD:
478 2815 537 2837 om.
554 2807 593 2847 γ)
608 2817 616 2837 :
639 2816 703 2838 ceu
720 2816 855 2837 numen
872 2804 1051 2844 quoddam
1069 2803 1248 2835 iuuandae
1266 2804 1351 2843 reip.
1372 2805 1499 2834 natum
1517 2817 1546 2835 α.

199 2939 251 2971 28.
276 2938 393 2980 Calui]
418 2940 482 2972 See
506 2939 570 2980 Ep.
595 2940 668 2978 832.
692 2949 754 2979 29;
779 2938 851 2970 and
874 2939 918 2969 ef.
1030 2946 1082 2975 41.
1107 2936 1231 2977 Fabio]
1248 2939 1328 2968 Inst.
1348 2946 1398 2967 10.
1418 2946 1446 2975 7.
1468 2945 1516 2975 15.

156 2983 260 3015 BRE.
275 2983 327 3022 86,
345 2991 399 3022 92.
1031 2989 1083 3019 43.
1107 2979 1251 3020 priscis]
1276 2979 1462 3018 Pacuvius,
1477 2990 1528 3017 ap.
1548 2979 1620 3012 Cic.
1637 2982 1673 3010 de
1691 2981 1743 3009 Or.

200 3036 254 3067 31.
280 3026 419 3059 obtorto
435 3027 539 3068 collo]
557 3026 608 3059 cf.
628 3029 732 3065 Adaq.
749 3026 844 3066 3850.
988 3033 1017 3056 2.
1037 3035 1090 3062 44.
1110 3024 1192 3063 187;
1215 3023 1258 3054 cf.
1278 3023 1398 3063 Quint.
1420 3026 1500 3055 Inst.
1521 3033 1545 3055 1.
1567 3032 1616 3054 12.
1639 3023 1688 3054 18.
