2034 3433
116 141 213 196 739]
1632 143 1705 179 169

532 197 628 236 739.
689 195 753 236 To
784 195 974 236 ANTONY
1005 207 1061 237 or
1093 195 1290 236 BERGEN.

160 284 323 330 Farrago
342 297 376 330 p.
396 296 473 330 322.

161 343 200 379 F.
220 355 256 388 p.
273 352 360 387 427:
388 342 479 378 HN:
507 342 621 377 Lond.
640 354 672 377 x.
693 353 759 385 24:
788 342 860 378 LB.
881 345 960 386 284.

1149 284 1300 330 Collcge
1318 284 1366 318 du
1386 283 1458 324 Lis,
1479 283 1658 319 Louvain.

1210 353 1248 387 13
1268 341 1475 377 December
1496 351 1595 386 1517.

157 423 247 465 [The
273 422 354 453 date
380 423 411 453 is
434 422 628 453 confirmed
647 423 693 461 by
716 422 778 453 the
802 424 1001 453 connexion
1026 423 1116 453 with
1141 422 1227 462 Epp.
1247 424 1322 461 673,
1342 431 1423 461 749;
1448 422 1487 451 os
1506 421 1626 451 which
1643 422 1705 453 the

115 466 221 497 latter
237 466 302 497 has
317 476 337 496 a
353 465 492 497 similar
506 466 651 497 defence
667 467 706 496 of
717 466 779 496 the
795 466 923 506 Morim]

306 558 345 587 R.
373 558 409 586 P.
435 557 633 587 ANTONIO
665 558 725 587 DF.
757 558 914 588 BERGls
946 551 1107 587 ABBATI
1142 557 1383 588 BERTINICO
1414 558 1445 586 S.
1475 558 1515 586 D.

168 638 423 677 Rssvmumm:
442 640 568 688 pater,
589 651 685 676 cuin
704 639 892 687 proxime
911 651 1043 677 essem
1064 639 1268 686 Gandaui,
1287 652 1376 677 sero
1395 640 1569 688 cognoui
1589 641 1703 679 tuam

113 704 403 752 paternitatem
429 703 581 751 adesse,
604 716 779 753 cumque
808 704 891 742 iam
918 717 1087 742 conarer
1113 717 1206 742 meo
1233 704 1350 753 fungi
1380 704 1520 752 officio,
1546 704 1704 743 dictum

109 769 174 807 est
192 781 283 807 eam
302 769 450 807 abisse.
506 769 609 807 Post
634 769 733 807 haec
759 769 894 819 accepi
921 782 945 807 a
969 769 1187 807 nonnullis
1213 769 1319 819 quod
1347 782 1413 807 me
1439 770 1706 808 vehementer

110 835 349 881 commouit,
375 834 423 873 R.
443 833 489 871 P.
510 835 625 872 tuam
646 833 751 872 mihi
772 835 908 873 nescio
928 834 1028 883 quid
1047 834 1257 882 subirasci,
1278 834 1424 883 opinor
1444 834 1495 872 ob
1516 835 1702 884 Moriam,

111 911 235 948 quam
252 899 318 938 vir
337 899 589 938 clarissimus
611 899 814 948 Georgius
833 899 1042 938 Haloinus
1060 913 1128 937 me
1146 899 1390 937 dehortante
1410 912 1455 937 ac
1476 900 1705 939 deterrente

111 962 206 1001 fecit
222 963 433 1010 Gallicam,
453 964 530 1002 hoc
550 966 614 1002 est
633 977 682 1002 ex
702 977 793 1003 mea
811 978 931 1003 suam
951 964 1058 1011 fecit,
1075 964 1237 1011 additis,
1258 963 1450 1002 detractis
1468 966 1511 1002 et
1531 965 1704 1004 mutatis

111 1041 216 1077 quae
235 1028 379 1067 voluit.
439 1029 505 1067 Ad
532 1029 631 1067 haec
655 1030 948 1078 argumentum
979 1031 1116 1079 ipsum
1142 1042 1215 1078 per
1242 1042 1285 1067 se
1314 1029 1497 1067 iocosum
1527 1031 1601 1077 est,
1630 1043 1704 1068 nec

110 1094 251 1131 tamen
279 1093 412 1132 vllum
442 1094 662 1132 hominum
691 1107 822 1143 genus
849 1094 1029 1133 insector
1057 1094 1263 1141 odiosius;
1307 1108 1439 1144 neque
1470 1108 1703 1145 quenquam

111 1158 361 1197 nominatim
394 1161 489 1197 taxo
520 1159 602 1196 nisi
633 1160 853 1209 meipsum.
913 1160 1132 1198 Postremo
1166 1173 1269 1209 opus
1301 1159 1389 1207 hoc,
1423 1160 1705 1211 qualecunque

107 1225 182 1270 est,
224 1224 355 1273 placet
393 1224 568 1262 eruditis
604 1225 734 1263 totius
771 1224 882 1264 orbis
919 1225 1124 1272 omnibus,
1162 1225 1295 1274 placet
1332 1225 1541 1274 episcopis,
1577 1226 1704 1264 archi-

106 1288 321 1338 episcopis,
345 1288 522 1338 regibus,
554 1289 845 1333 cardinalibus,
873 1292 995 1339 atque
1025 1290 1105 1340 ipsi
1135 1290 1262 1328 Leoni
1291 1289 1479 1338 pontifici
1507 1291 1701 1339 maximo,

107 1354 181 1403 qui
209 1366 233 1391 a
259 1353 393 1403 capite
421 1367 550 1404 vsque
577 1355 629 1392 ad
657 1355 810 1393 calcem
840 1357 975 1394 totum
1005 1355 1186 1405 perlegit.
1248 1355 1365 1403 Quod
1395 1354 1431 1392 si
1457 1355 1555 1404 quid
1578 1355 1703 1394 etiam

108 1418 350 1467 ineptissem
381 1419 425 1457 in
451 1419 529 1457 hoc
553 1433 671 1470 opere
699 1423 739 1458 et
768 1421 840 1459 alii
868 1421 1001 1459 forent
1030 1421 1189 1468 offensi,
1212 1420 1428 1470 sperabam
1451 1422 1568 1458 tuam
1593 1421 1704 1459 celsi-

108 1482 298 1521 tudinem
330 1484 397 1522 vel
430 1498 557 1523 vnam
592 1485 699 1524 mihi
732 1487 960 1535 patrocinio
993 1487 1179 1525 futuram
1214 1485 1369 1533 fuisse-3
1413 1486 1607 1524 videlicet
1640 1488 1704 1525 sui

107 1548 300 1596 similem,
333 1550 450 1589 cuius
480 1553 642 1590 tantam
674 1552 976 1591 humanitatem
1008 1565 1168 1600 semper
1200 1552 1391 1600 expertus
1420 1564 1513 1589 sum
1542 1553 1588 1589 vt
1616 1552 1705 1601 ipsa

107 1613 345 1653 humanitas
384 1629 467 1653 non
505 1616 637 1665 possit
679 1630 768 1656 esse
804 1617 1037 1655 humanior.
1116 1616 1296 1654 Proinde
1332 1616 1520 1654 nondum
1557 1617 1704 1656 adduci

106 1691 276 1727 possum
289 1682 334 1718 vt
354 1681 517 1719 credam
532 1695 620 1720 esse
638 1696 734 1721 vera
748 1696 852 1732 quae
867 1682 975 1721 mihi
990 1682 1158 1732 quidam
1173 1694 1296 1731 super
1310 1681 1386 1719 hac
1407 1695 1450 1719 re
1469 1685 1701 1722 narrarunt.

108 1743 200 1782 Scio
231 1745 355 1795 vulgo
387 1746 521 1785 multa
552 1747 695 1786 iactari
725 1748 878 1795 inania,
911 1749 954 1786 et
985 1761 1119 1786 mores
1149 1748 1243 1785 tuos
1274 1746 1589 1785 candidissimos
1620 1747 1703 1786 iam

107 1810 254 1849 multis
281 1811 404 1850 annis
429 1814 622 1862 expertus
647 1827 767 1862 sum;
797 1814 948 1863 quibus
973 1815 1070 1863 plus
1094 1813 1226 1851 habeo
1252 1811 1347 1850 fidei
1377 1825 1500 1862 quam
1526 1813 1703 1851 aliorum

106 1875 293 1913 orationi.
363 1876 456 1914 Scio
491 1879 694 1927 quantum
727 1878 893 1917 intersit
925 1880 1034 1917 inter
1067 1878 1327 1916 Bertinicum
1358 1879 1398 1914 et
1431 1877 1699 1927 Briselotum‚

107 1939 273 1978 etiamsi
310 1940 361 1979 ab
399 1942 543 1980 eadem
582 1943 701 1982 litera
732 1957 879 1982 vocum
914 1946 974 1982 est
1008 1943 1188 1981 initium.
1260 1942 1463 1991 Quicquid
1496 1945 1567 1989 est,
1606 1955 1704 1992 rogo

108 2014 253 2051 pergas
285 2015 424 2042 amare
456 2006 578 2043 tuum
610 2006 840 2055 Erasmum,
876 2006 943 2045 vel
976 2006 1028 2044 ob
1060 2006 1138 2044 hoc
1172 2005 1311 2055 ipsum
1346 2005 1453 2054 quod
1487 2004 1570 2042 iam
1603 2005 1704 2043 olim

108 2067 325 2106 amaueris.
386 2068 503 2116 Quod
527 2071 563 2108 si
586 2084 771 2121 vnquam
796 2072 1048 2121 promeritus
1068 2084 1162 2109 sum
1188 2073 1252 2109 tui
1279 2070 1485 2109 similium
1504 2070 1700 2118 fauorem,

106 2131 243 2170 ausim
280 2132 357 2171 hoc
395 2133 546 2173 fiducia
580 2136 665 2174 mei
701 2136 834 2186 magis
864 2149 988 2186 quam
1026 2135 1263 2184 arrogantia
1300 2135 1445 2183 dicere,
1486 2148 1552 2173 me
1590 2147 1703 2174 nunc

107 2197 288 2236 maxime
326 2199 571 2247 promereri:
613 2201 721 2249 quod
756 2200 945 2239 fortassis
977 2201 1160 2238 extincto
1193 2213 1260 2238 me
1296 2200 1518 2249 posteritas
1551 2199 1704 2238 rectius

110 2262 308 2302 iudicabit
324 2278 333 2311 ;
363 2277 599 2314 quanquam
619 2279 696 2305 nec
715 2266 790 2304 hac
809 2267 940 2304 aetate
961 2265 1099 2304 desint
1118 2266 1187 2316 qui
1207 2265 1468 2314 perspiciant.

162 2329 314 2368 Versor
332 2329 376 2368 in
397 2330 570 2380 collegio
586 2331 760 2379 Liliano‚
777 2332 885 2370 vnde
903 2332 967 2370 est
984 2331 1053 2369 hic
1073 2330 1142 2381 qui
1161 2330 1237 2369 has
1255 2330 1392 2369 reddit
1412 2330 1697 2378 Theodoricus,

108 2395 271 2434 iuuenis
291 2395 441 2434 festiuo
461 2396 652 2447 felicique
671 2397 838 2447 ingenio
861 2409 907 2435 ac
933 2408 1119 2434 summae
1139 2395 1237 2445 spei.
1296 2396 1427 2444 Quare
1447 2395 1480 2434 si
1503 2395 1602 2445 quid
1622 2396 1703 2434 erit

150 2510 212 2532 ΤΠ.
238 2511 271 2533 R.
292 2511 322 2533 P.
343 2505 388 2540 E3
412 2512 569 2534 ERAsmvs
584 2506 625 2535 H.
715 2513 760 2534 DE
776 2506 823 2534 E:
847 2514 869 2534 A
885 2506 927 2535 H.

277 2557 306 2583 4.
333 2546 372 2576 R.
392 2545 429 2576 P.
446 2548 547 2577 tuam
564 2549 610 2577 E:
637 2549 671 2578 te
688 2549 730 2579 H.

109 2547 137 2574 F
1019 2512 1049 2532 2.
1075 2503 1331 2542 paternitatem
1347 2506 1396 2533 E:
1419 2503 1700 2543 amplitudinem

131 2641 183 2705 61.
208 2632 390 2673 Gandaui]
417 2634 462 2664 In
485 2633 604 2671 Junc3
629 2634 674 2664 ef.
704 2634 766 2674 Ep.
792 2644 867 2674 597.

113 2685 126 2704 1
164 2684 199 2705 n.

941 2636 949 2651 .
962 2634 1130 2664 Erasmus
1150 2642 1187 2663 se
1211 2633 1347 2671 pictum
1371 2633 1421 2663 sic
1437 2632 1566 2663 videns
1585 2632 1697 2663 excla-

938 2678 1064 2717 mauit,
1094 2676 1214 2713 “Ohe,
1233 2675 1311 2715 ohe,
1334 2677 1364 2706 si
1389 2676 1557 2707 Erasmus
1581 2675 1699 2707 adhuc

152 2728 182 2757 5.
206 2718 403 2758 Haloinus]
420 2719 483 2749 See
496 2729 530 2759 p.
547 2721 600 2751 62.

151 2771 182 2800 9.
209 2760 400 2802 meipsum]
434 2762 523 2793 ‘Sed
554 2763 680 2795 desino
707 2762 871 2803 παροιμιά-

109 2803 225 2843 ζεσθαι,
244 2814 288 2835 110
305 2805 427 2835 videar
443 2805 582 2836 Erasmi
601 2808 671 2837 mei
692 2817 870 2838 commen-

108 2848 201 2879 taria
209 2848 407 2888 suppilasse
420 2847 445 2878 'z
470 2849 538 2879 LB.
550 2850 596 2881 iv.
608 2851 671 2890 487
682 2860 715 2882 A.
750 2851 796 2881 In
806 2851 870 2881 the

108 2900 197 2931 copy
206 2891 412 2922 illustrated
423 2892 470 2931 by
480 2892 636 2924 Holbein
647 2894 725 2934 (Ep.
738 2904 802 2933 394
814 2895 870 2925 in-

111 2935 217 2966 trod.:
232 2934 272 2966 f0.
291 2934 343 2973 8³)
363 2934 530 2966 Erasmus
545 2937 576 2966 is
588 2936 712 2968 shown
723 2937 870 2977 writing

109 2977 166 3008 his
194 2980 334 3016 Adayia.
384 2978 578 3017 Myconius’
609 2983 790 3011 comment
818 2982 867 3011 is:

938 2721 1021 2751 talis
1029 2722 1131 2759 esset,
1147 2719 1292 2750 duceret
1307 2718 1464 2758 profecto
1480 2719 1664 2750 vxorem.’'
1677 2719 1684 2729 ’

985 2774 1034 2795 11.
1061 2762 1189 2803 Leoni]
1215 2762 1267 2793 Cf.
1285 2763 1349 2802 Ep.
1370 2773 1442 2801 749.
1466 2772 1580 2801 12-14.

982 2817 1033 2838 20.
1060 2805 1294 2846 Briselotum]
1309 2806 1371 2836 See
1388 2806 1449 2845 Ep.
1466 2816 1539 2845 597.
1559 2815 1628 2845 411.
1663 2807 1698 2837 It

939 2852 969 2880 is
983 2850 1138 2890 perhaps
1153 2851 1189 2880 to
1206 2849 1247 2879 be
1272 2849 1431 2880 inferred
1454 2849 1534 2880 that
1557 2849 1603 2880 he
1626 2859 1698 2880 was

936 2894 999 2924 the
1023 2893 1153 2924 author
1178 2892 1216 2923 of
1243 2892 1304 2922 the
1335 2902 1482 2924 rumour
1507 2894 1614 2924 about
1636 2893 1699 2924 the

936 2937 1083 2968 Abbot’s
1099 2936 1319 2975 displeasure
1332 2936 1422 2967 with
1438 2936 1500 2966 the
1516 2939 1629 2968 Moria.

980 2991 1032 3018 27.
1055 2978 1308 3019 Theodoricus]
1326 2979 1390 3010 See
1405 2979 1467 3018 Ep.
1485 2981 1558 3019 673.
1582 2989 1697 3018 15-17.

1724 913 1742 944 5

1727 1235 1764 1258 10

1725 1562 1760 1594 15

1723 1891 1763 1913 20

1722 2217 1760 2249 25
