<?xml version="1.0" encoding="UTF-8"?>
<!DOCTYPE html PUBLIC "-//W3C//DTD XHTML 1.0 Transitional//EN"
    "http://www.w3.org/TR/xhtml1/DTD/xhtml1-transitional.dtd">
<html xmlns="http://www.w3.org/1999/xhtml" xml:lang="en" lang="en">
 <head>
  <title>
</title>
<meta http-equiv="Content-Type" content="text/html;charset=utf-8" />
  <meta name='ocr-system' content='tesseract 3.04.00' />
  <meta name='ocr-capabilities' content='ocr_page ocr_carea ocr_par ocr_line ocrx_word'/>
</head>
<body>
  <div class='ocr_page' id='page_1' title='image "./opusepistolarumd03erasuoft_0612.png"; bbox 0 0 2034 3433; ppageno 0'>
   <div class='ocr_carea' id='block_1_1' title="bbox 304 164 1892 217">
    <p class='ocr_par' dir='ltr' id='par_1_1' title="bbox 304 164 1892 217">
     <span class='ocr_line' id='line_1_1' title="bbox 304 164 1892 217; baseline -0.002 -13"><span class='ocrx_word' id='word_1_1' title='bbox 304 167 382 204; x_wconf 81' lang='lat'>558</span> <span class='ocrx_word' id='word_1_2' title='bbox 761 164 1010 204; x_wconf 85' lang='lat' dir='ltr'><strong>LETTERS</strong></span> <span class='ocrx_word' id='word_1_3' title='bbox 1055 165 1124 203; x_wconf 88' lang='lat' dir='ltr'>OF</span> <span class='ocrx_word' id='word_1_4' title='bbox 1163 164 1428 205; x_wconf 81' lang='lat' dir='ltr'><strong>ERASMUS</strong></span> <span class='ocrx_word' id='word_1_5' title='bbox 1767 164 1892 217; x_wconf 79' lang='lat'><strong>[1519</strong></span> 
     </span>
    </p>
   </div>
   <div class='ocr_carea' id='block_1_2' title="bbox 247 267 1898 710">
    <p class='ocr_par' dir='ltr' id='par_1_2' title="bbox 247 267 1898 710">
     <span class='ocr_line' id='line_1_2' title="bbox 303 267 1890 321; baseline -0.002 -12"><span class='ocrx_word' id='word_1_6' title='bbox 303 271 473 321; x_wconf 86' lang='lat' dir='ltr'>legunt;</span> <span class='ocrx_word' id='word_1_7' title='bbox 514 270 582 319; x_wconf 91' lang='lat' dir='ltr'>qui</span> <span class='ocrx_word' id='word_1_8' title='bbox 612 270 763 318; x_wconf 89' lang='lat' dir='ltr'>lingua,</span> <span class='ocrx_word' id='word_1_9' title='bbox 796 267 1025 307; x_wconf 76' lang='lat' dir='ltr'>eruditione</span> <span class='ocrx_word' id='word_1_10' title='bbox 1053 270 1096 306; x_wconf 88' lang='lat' dir='ltr'>et</span> <span class='ocrx_word' id='word_1_11' title='bbox 1124 268 1275 318; x_wconf 89' lang='lat' dir='ltr'>pietate</span> <span class='ocrx_word' id='word_1_12' title='bbox 1308 269 1448 307; x_wconf 87' lang='lat' dir='ltr'>tantos</span> <span class='ocrx_word' id='word_1_13' title='bbox 1482 269 1612 307; x_wconf 87' lang='lat' dir='ltr'>fecere</span> <span class='ocrx_word' id='word_1_14' title='bbox 1641 281 1890 318; x_wconf 86' lang='lat' dir='ltr'>progressus,</span> 
     </span>
     <span class='ocr_line' id='line_1_3' title="bbox 303 332 1894 383; baseline -0.002 -9"><span class='ocrx_word' id='word_1_15' title='bbox 303 338 348 374; x_wconf 89' lang='lat' dir='ltr'>vt</span> <span class='ocrx_word' id='word_1_16' title='bbox 378 336 460 374; x_wconf 90' lang='lat' dir='ltr'>iam</span> <span class='ocrx_word' id='word_1_17' title='bbox 493 335 571 373; x_wconf 88' lang='lat' dir='ltr'>tibi</span> <span class='ocrx_word' id='word_1_18' title='bbox 602 333 866 383; x_wconf 82' lang='lat' dir='ltr'>praeceptori,</span> <span class='ocrx_word' id='word_1_19' title='bbox 900 332 966 371; x_wconf 90' lang='lat' dir='ltr'>cui</span> <span class='ocrx_word' id='word_1_20' title='bbox 1000 332 1138 371; x_wconf 87' lang='lat' dir='ltr'>omnia</span> <span class='ocrx_word' id='word_1_21' title='bbox 1171 333 1354 371; x_wconf 85' lang='lat' dir='ltr'>referunt</span> <span class='ocrx_word' id='word_1_22' title='bbox 1387 335 1562 383; x_wconf 85' lang='lat' dir='ltr'>accepta,</span> <span class='ocrx_word' id='word_1_23' title='bbox 1597 334 1779 372; x_wconf 84' lang='lat' dir='ltr'>maximo</span> <span class='ocrx_word' id='word_1_24' title='bbox 1809 335 1894 373; x_wconf 86' lang='lat' dir='ltr'>sint</span> 
     </span>
     <span class='ocr_line' id='line_1_4' title="bbox 247 397 1895 453; baseline -0.001 -14"><span class='ocrx_word' id='word_1_25' title='bbox 247 422 285 453; x_wconf 79' lang='lat'>35</span> <span class='ocrx_word' id='word_1_26' title='bbox 304 402 546 439; x_wconf 87' lang='lat' dir='ltr'>ornamento</span> <span class='ocrx_word' id='word_1_27' title='bbox 566 399 711 437; x_wconf 85' lang='lat' dir='ltr'>futuri.</span> <span class='ocrx_word' id='word_1_28' title='bbox 762 397 982 437; x_wconf 89' lang='lat' dir='ltr'>Innumeri</span> <span class='ocrx_word' id='word_1_29' title='bbox 1001 400 1043 436; x_wconf 90' lang='lat' dir='ltr'>te</span> <span class='ocrx_word' id='word_1_30' title='bbox 1064 398 1164 436; x_wconf 88' lang='lat' dir='ltr'>duce</span> <span class='ocrx_word' id='word_1_31' title='bbox 1180 399 1398 437; x_wconf 85' lang='lat' dir='ltr'>vetustatis</span> <span class='ocrx_word' id='word_1_32' title='bbox 1417 399 1648 437; x_wconf 76' lang='lat' dir='ltr'>ineruditae</span> <span class='ocrx_word' id='word_1_33' title='bbox 1664 399 1895 450; x_wconf 85' lang='lat' dir='ltr'>squalorem</span> 
     </span>
     <span class='ocr_line' id='line_1_5' title="bbox 303 463 1897 514; baseline -0.001 -10"><span class='ocrx_word' id='word_1_34' title='bbox 303 467 593 513; x_wconf 75' lang='lat' dir='ltr'>absterserunt,</span> <span class='ocrx_word' id='word_1_35' title='bbox 627 465 749 514; x_wconf 87' lang='lat' dir='ltr'>atque</span> <span class='ocrx_word' id='word_1_36' title='bbox 779 463 942 514; x_wconf 89' lang='lat' dir='ltr'>magnis</span> <span class='ocrx_word' id='word_1_37' title='bbox 976 463 1198 502; x_wconf 78' lang='lat' dir='ltr'>itineribus</span> <span class='ocrx_word' id='word_1_38' title='bbox 1229 464 1488 503; x_wconf 87' lang='lat' dir='ltr'>contendunt</span> <span class='ocrx_word' id='word_1_39' title='bbox 1520 464 1570 503; x_wconf 88' lang='lat' dir='ltr'>ad</span> <span class='ocrx_word' id='word_1_40' title='bbox 1601 465 1774 514; x_wconf 85' lang='lat' dir='ltr'>frugem,</span> <span class='ocrx_word' id='word_1_41' title='bbox 1813 477 1897 503; x_wconf 91' lang='lat' dir='ltr'>non</span> 
     </span>
     <span class='ocr_line' id='line_1_6' title="bbox 303 528 1897 580; baseline -0.001 -11"><span class='ocrx_word' id='word_1_42' title='bbox 303 530 427 569; x_wconf 86' lang='lat' dir='ltr'>modo</span> <span class='ocrx_word' id='word_1_43' title='bbox 450 530 643 577; x_wconf 89' lang='lat' dir='ltr'>iuniores,</span> <span class='ocrx_word' id='word_1_44' title='bbox 668 529 776 579; x_wconf 93' lang='lat' dir='ltr'>quod</span> <span class='ocrx_word' id='word_1_45' title='bbox 803 529 995 579; x_wconf 86' lang='lat' dir='ltr'>equidem</span> <span class='ocrx_word' id='word_1_46' title='bbox 1018 529 1160 567; x_wconf 89' lang='lat' dir='ltr'>minus</span> <span class='ocrx_word' id='word_1_47' title='bbox 1186 528 1325 576; x_wconf 89' lang='lat' dir='ltr'>miror,</span> <span class='ocrx_word' id='word_1_48' title='bbox 1349 529 1420 568; x_wconf 90' lang='lat' dir='ltr'>sed</span> <span class='ocrx_word' id='word_1_49' title='bbox 1447 530 1696 579; x_wconf 82' lang='lat' dir='ltr'>grandaeui3</span> <span class='ocrx_word' id='word_1_50' title='bbox 1727 530 1798 580; x_wconf 90' lang='lat' dir='ltr'>qui</span> <span class='ocrx_word' id='word_1_51' title='bbox 1820 529 1897 569; x_wconf 90' lang='lat' dir='ltr'>sub</span> 
     </span>
     <span class='ocr_line' id='line_1_7' title="bbox 303 593 1898 644; baseline -0.001 -10"><span class='ocrx_word' id='word_1_52' title='bbox 303 598 420 635; x_wconf 84' lang='lat' dir='ltr'>tanto</span> <span class='ocrx_word' id='word_1_53' title='bbox 457 595 672 634; x_wconf 89' lang='lat' dir='ltr'>literarum</span> <span class='ocrx_word' id='word_1_54' title='bbox 709 594 956 644; x_wconf 85' lang='lat' dir='ltr'>imperatore</span> <span class='ocrx_word' id='word_1_55' title='bbox 994 594 1109 633; x_wconf 88' lang='lat' dir='ltr'>velut</span> <span class='ocrx_word' id='word_1_56' title='bbox 1148 593 1266 644; x_wconf 90' lang='lat' dir='ltr'>signo</span> <span class='ocrx_word' id='word_1_57' title='bbox 1308 594 1401 633; x_wconf 90' lang='lat' dir='ltr'>dato</span> <span class='ocrx_word' id='word_1_58' title='bbox 1441 595 1656 634; x_wconf 87' lang='lat' dir='ltr'>vniuersae</span> <span class='ocrx_word' id='word_1_59' title='bbox 1699 595 1898 634; x_wconf 85' lang='lat' dir='ltr'>barbariei</span> 
     </span>
     <span class='ocr_line' id='line_1_8' title="bbox 302 659 1898 710; baseline -0.001 -11"><span class='ocrx_word' id='word_1_60' title='bbox 302 661 458 700; x_wconf 86' lang='lat' dir='ltr'>bellum</span> <span class='ocrx_word' id='word_1_61' title='bbox 497 660 726 699; x_wconf 82' lang='lat' dir='ltr'>indicentes</span> <span class='ocrx_word' id='word_1_62' title='bbox 762 659 1025 709; x_wconf 89' lang='lat' dir='ltr'>triumphum</span> <span class='ocrx_word' id='word_1_63' title='bbox 1062 659 1292 698; x_wconf 87' lang='lat' dir='ltr'>etiamnum</span> <span class='ocrx_word' id='word_1_64' title='bbox 1330 661 1523 709; x_wconf 86' lang='lat' dir='ltr'>sperant:</span> <span class='ocrx_word' id='word_1_65' title='bbox 1566 660 1898 710; x_wconf 90' lang='lat' dir='ltr'>quandoquidem</span> 
     </span>
    </p>
   </div>
   <div class='ocr_carea' id='block_1_3' title="bbox 244 725 1900 2599">
    <p class='ocr_par' dir='ltr' id='par_1_3' title="bbox 244 725 1899 969">
     <span class='ocr_line' id='line_1_9' title="bbox 244 725 1897 776; baseline -0.001 -11"><span class='ocrx_word' id='word_1_66' title='bbox 244 745 285 775; x_wconf 85' lang='lat'>40</span> <span class='ocrx_word' id='word_1_67' title='bbox 301 728 418 765; x_wconf 88' lang='lat' dir='ltr'>tanta</span> <span class='ocrx_word' id='word_1_68' title='bbox 448 727 510 764; x_wconf 87' lang='lat' dir='ltr'>est</span> <span class='ocrx_word' id='word_1_69' title='bbox 539 725 795 775; x_wconf 89' lang='lat' dir='ltr'>eloquentiae</span> <span class='ocrx_word' id='word_1_70' title='bbox 823 726 919 764; x_wconf 86' lang='lat' dir='ltr'>tuae</span> <span class='ocrx_word' id='word_1_71' title='bbox 947 726 1011 764; x_wconf 89' lang='lat' dir='ltr'>vis</span> <span class='ocrx_word' id='word_1_72' title='bbox 1039 726 1085 764; x_wconf 90' lang='lat' dir='ltr'>vt</span> <span class='ocrx_word' id='word_1_73' title='bbox 1115 725 1309 764; x_wconf 86' lang='lat' dir='ltr'>barbaros</span> <span class='ocrx_word' id='word_1_74' title='bbox 1340 725 1571 775; x_wconf 88' lang='lat' dir='ltr'>deploratos</span> <span class='ocrx_word' id='word_1_75' title='bbox 1599 725 1645 764; x_wconf 89' lang='lat' dir='ltr'>in</span> <span class='ocrx_word' id='word_1_76' title='bbox 1670 728 1786 765; x_wconf 88' lang='lat' dir='ltr'>tuam</span> <span class='ocrx_word' id='word_1_77' title='bbox 1816 725 1897 776; x_wconf 91' lang='lat' dir='ltr'>pel—</span> 
     </span>
     <span class='ocr_line' id='line_1_10' title="bbox 303 787 1898 838; baseline -0.001 -11"><span class='ocrx_word' id='word_1_78' title='bbox 303 788 452 827; x_wconf 76' lang='lat' dir='ltr'>lexeris</span> <span class='ocrx_word' id='word_1_79' title='bbox 471 787 732 836; x_wconf 89' lang='lat' dir='ltr'>sententiam,</span> <span class='ocrx_word' id='word_1_80' title='bbox 755 787 826 837; x_wconf 92' lang='lat' dir='ltr'>qui</span> <span class='ocrx_word' id='word_1_81' title='bbox 854 787 937 826; x_wconf 87' lang='lat' dir='ltr'>iam</span> <span class='ocrx_word' id='word_1_82' title='bbox 961 800 1051 826; x_wconf 90' lang='lat' dir='ltr'>sero</span> <span class='ocrx_word' id='word_1_83' title='bbox 1079 787 1246 837; x_wconf 89' lang='lat' dir='ltr'>quidem</span> <span class='ocrx_word' id='word_1_84' title='bbox 1276 801 1370 826; x_wconf 90' lang='lat' dir='ltr'>cum</span> <span class='ocrx_word' id='word_1_85' title='bbox 1397 787 1637 838; x_wconf 88' lang='lat' dir='ltr'>Phrygibus</span> <span class='ocrx_word' id='word_1_86' title='bbox 1666 788 1898 827; x_wconf 89' lang='lat' dir='ltr'>moliuntur</span> 
     </span>
     <span class='ocr_line' id='line_1_11' title="bbox 304 853 1899 904; baseline -0.001 -11"><span class='ocrx_word' id='word_1_87' title='bbox 304 857 521 902; x_wconf 87' lang='lat' dir='ltr'>certamen,</span> <span class='ocrx_word' id='word_1_88' title='bbox 550 855 590 892; x_wconf 92' lang='lat' dir='ltr'>et</span> <span class='ocrx_word' id='word_1_89' title='bbox 614 853 743 892; x_wconf 87' lang='lat' dir='ltr'>bonas</span> <span class='ocrx_word' id='word_1_90' title='bbox 771 853 893 892; x_wconf 88' lang='lat' dir='ltr'>horas</span> <span class='ocrx_word' id='word_1_91' title='bbox 919 866 1019 904; x_wconf 88' lang='lat' dir='ltr'>quas</span> <span class='ocrx_word' id='word_1_92' title='bbox 1048 853 1219 893; x_wconf 88' lang='lat' dir='ltr'>antehac</span> <span class='ocrx_word' id='word_1_93' title='bbox 1247 853 1291 891; x_wconf 92' lang='lat' dir='ltr'>in</span> <span class='ocrx_word' id='word_1_94' title='bbox 1321 853 1446 903; x_wconf 88' lang='lat' dir='ltr'>nugis</span> <span class='ocrx_word' id='word_1_95' title='bbox 1472 854 1899 904; x_wconf 88' lang='lat' dir='ltr'>intempestiuioribus</span> 
     </span>
     <span class='ocr_line' id='line_1_12' title="bbox 304 917 1571 969; baseline 0.001 -12"><span class='ocrx_word' id='word_1_96' title='bbox 304 920 503 967; x_wconf 89' lang='lat' dir='ltr'>locarunt,</span> <span class='ocrx_word' id='word_1_97' title='bbox 527 918 635 957; x_wconf 90' lang='lat' dir='ltr'>veris</span> <span class='ocrx_word' id='word_1_98' title='bbox 654 918 788 957; x_wconf 88' lang='lat' dir='ltr'>literis</span> <span class='ocrx_word' id='word_1_99' title='bbox 808 920 849 957; x_wconf 91' lang='lat' dir='ltr'>et</span> <span class='ocrx_word' id='word_1_100' title='bbox 868 931 987 957; x_wconf 88' lang='lat' dir='ltr'>verae</span> <span class='ocrx_word' id='word_1_101' title='bbox 1009 917 1256 968; x_wconf 89' lang='lat' dir='ltr'>impertiunt</span> <span class='ocrx_word' id='word_1_102' title='bbox 1276 918 1571 969; x_wconf 87' lang='lat' dir='ltr'>philosophiae.</span> 
     </span>
    </p>

    <p class='ocr_par' dir='ltr' id='par_1_4' title="bbox 360 973 1899 1034">
     <span class='ocr_line' id='line_1_13' title="bbox 360 973 1899 1034; baseline 0.001 -12"><span class='ocrx_word' id='word_1_103' title='bbox 360 984 466 1032; x_wconf 76' lang='lat' dir='ltr'>Quid</span> <span class='ocrx_word' id='word_1_104' title='bbox 490 984 640 1022; x_wconf 83' lang='lat' dir='ltr'>attinet</span> <span class='ocrx_word' id='word_1_105' title='bbox 664 983 713 1022; x_wconf 88' lang='lat' dir='ltr'>de</span> <span class='ocrx_word' id='word_1_106' title='bbox 740 996 806 1021; x_wconf 91' lang='lat' dir='ltr'>me</span> <span class='ocrx_word' id='word_1_107' title='bbox 832 983 974 1032; x_wconf 84' lang='lat' dir='ltr'>dicere,</span> <span class='ocrx_word' id='word_1_108' title='bbox 1001 997 1125 1033; x_wconf 92' lang='lat' dir='ltr'>quem</span> <span class='ocrx_word' id='word_1_109' title='bbox 1153 996 1349 1034; x_wconf 82' lang='lat' dir='ltr'>praesens</span> <span class='ocrx_word' id='word_1_110' title='bbox 1374 982 1497 1022; x_wconf 87' lang='lat' dir='ltr'>annis</span> <span class='ocrx_word' id='word_1_111' title='bbox 1520 973 1799 1033; x_wconf 84' lang='lat' dir='ltr'>superioribus</span> <span class='ocrx_word' id='word_1_112' title='bbox 1827 986 1899 1023; x_wconf 91' lang='lat' dir='ltr'>tuo</span> 
     </span>
    </p>

    <p class='ocr_par' dir='ltr' id='par_1_5' title="bbox 246 1048 1900 1361">
     <span class='ocr_line' id='line_1_14' title="bbox 246 1048 1899 1105; baseline 0 -17"><span class='ocrx_word' id='word_1_113' title='bbox 246 1075 286 1105; x_wconf 80' lang='lat'>45</span> <span class='ocrx_word' id='word_1_114' title='bbox 305 1049 585 1088; x_wconf 90' lang='lat' dir='ltr'>mellitissimo</span> <span class='ocrx_word' id='word_1_115' title='bbox 606 1049 813 1098; x_wconf 89' lang='lat' dir='ltr'>colloquio</span> <span class='ocrx_word' id='word_1_116' title='bbox 833 1048 893 1087; x_wconf 88' lang='lat' dir='ltr'>ita</span> <span class='ocrx_word' id='word_1_117' title='bbox 912 1048 1087 1098; x_wconf 86' lang='lat' dir='ltr'>rapuisti</span> <span class='ocrx_word' id='word_1_118' title='bbox 1103 1048 1489 1099; x_wconf 85' lang='lat' dir='ltr'>transformastique</span> <span class='ocrx_word' id='word_1_119' title='bbox 1506 1051 1550 1087; x_wconf 91' lang='lat' dir='ltr'>vt</span> <span class='ocrx_word' id='word_1_120' title='bbox 1570 1050 1654 1088; x_wconf 85' lang='lat' dir='ltr'>fere</span> <span class='ocrx_word' id='word_1_121' title='bbox 1673 1049 1899 1088; x_wconf 86' lang='lat' dir='ltr'>reddideris</span> 
     </span>
     <span class='ocr_line' id='line_1_15' title="bbox 305 1114 1900 1164; baseline 0 -10"><span class='ocrx_word' id='word_1_122' title='bbox 305 1115 467 1154; x_wconf 76' lang='lat' dir='ltr'>alium?</span> <span class='ocrx_word' id='word_1_123' title='bbox 505 1128 604 1153; x_wconf 91' lang='lat' dir='ltr'>nam</span> <span class='ocrx_word' id='word_1_124' title='bbox 635 1128 728 1153; x_wconf 91' lang='lat' dir='ltr'>cum</span> <span class='ocrx_word' id='word_1_125' title='bbox 762 1114 863 1153; x_wconf 90' lang='lat' dir='ltr'>olim</span> <span class='ocrx_word' id='word_1_126' title='bbox 891 1127 1038 1164; x_wconf 90' lang='lat' dir='ltr'>parum</span> <span class='ocrx_word' id='word_1_127' title='bbox 1067 1114 1222 1154; x_wconf 85' lang='lat' dir='ltr'>faustae</span> <span class='ocrx_word' id='word_1_128' title='bbox 1250 1114 1507 1154; x_wconf 88' lang='lat' dir='ltr'>institutioni</span> <span class='ocrx_word' id='word_1_129' title='bbox 1535 1128 1602 1153; x_wconf 91' lang='lat' dir='ltr'>me</span> <span class='ocrx_word' id='word_1_130' title='bbox 1632 1115 1814 1154; x_wconf 90' lang='lat' dir='ltr'>dederim</span> <span class='ocrx_word' id='word_1_131' title='bbox 1844 1129 1900 1153; x_wconf 88' lang='lat' dir='ltr'>re-</span> 
     </span>
     <span class='ocr_line' id='line_1_16' title="bbox 305 1179 1894 1230; baseline -0.001 -11"><span class='ocrx_word' id='word_1_132' title='bbox 305 1180 558 1230; x_wconf 87' lang='lat' dir='ltr'>centiorique</span> <span class='ocrx_word' id='word_1_133' title='bbox 589 1179 821 1230; x_wconf 85' lang='lat' dir='ltr'>theologiae</span> <span class='ocrx_word' id='word_1_134' title='bbox 852 1193 924 1230; x_wconf 88' lang='lat' dir='ltr'>per</span> <span class='ocrx_word' id='word_1_135' title='bbox 961 1181 1139 1219; x_wconf 87' lang='lat' dir='ltr'>aetatem</span> <span class='ocrx_word' id='word_1_136' title='bbox 1173 1180 1300 1219; x_wconf 87' lang='lat' dir='ltr'>nimis</span> <span class='ocrx_word' id='word_1_137' title='bbox 1332 1180 1586 1219; x_wconf 82' lang='lat' dir='ltr'>inhaeserim</span> <span class='ocrx_word' id='word_1_138' title='bbox 1619 1180 1894 1230; x_wconf 81' lang='lat' dir='ltr'>pertinaciter,</span> 
     </span>
     <span class='ocr_line' id='line_1_17' title="bbox 305 1245 1898 1295; baseline 0.001 -11"><span class='ocrx_word' id='word_1_139' title='bbox 305 1248 352 1284; x_wconf 90' lang='lat' dir='ltr'>tu</span> <span class='ocrx_word' id='word_1_140' title='bbox 382 1245 604 1284; x_wconf 84' lang='lat' dir='ltr'>flexanima</span> <span class='ocrx_word' id='word_1_141' title='bbox 636 1245 802 1284; x_wconf 85' lang='lat' dir='ltr'>suadela</span> <span class='ocrx_word' id='word_1_142' title='bbox 835 1247 908 1284; x_wconf 86' lang='lat' dir='ltr'>tua</span> <span class='ocrx_word' id='word_1_143' title='bbox 940 1245 1131 1295; x_wconf 86' lang='lat' dir='ltr'>protinus</span> <span class='ocrx_word' id='word_1_144' title='bbox 1161 1245 1348 1294; x_wconf 87' lang='lat' dir='ltr'>effecisti,</span> <span class='ocrx_word' id='word_1_145' title='bbox 1383 1247 1429 1284; x_wconf 91' lang='lat' dir='ltr'>vt</span> <span class='ocrx_word' id='word_1_146' title='bbox 1461 1246 1578 1284; x_wconf 88' lang='lat' dir='ltr'>nulla</span> <span class='ocrx_word' id='word_1_147' title='bbox 1607 1247 1692 1284; x_wconf 89' lang='lat' dir='ltr'>iam</span> <span class='ocrx_word' id='word_1_148' title='bbox 1724 1246 1898 1285; x_wconf 84' lang='lat' dir='ltr'>lectione</span> 
     </span>
     <span class='ocr_line' id='line_1_18' title="bbox 306 1310 1899 1361; baseline 0 -12"><span class='ocrx_word' id='word_1_149' title='bbox 306 1324 433 1361; x_wconf 86' lang='lat' dir='ltr'>aeque</span> <span class='ocrx_word' id='word_1_150' title='bbox 464 1310 643 1350; x_wconf 86' lang='lat' dir='ltr'>delecter</span> <span class='ocrx_word' id='word_1_151' title='bbox 671 1324 716 1350; x_wconf 85' lang='lat' dir='ltr'>ac</span> <span class='ocrx_word' id='word_1_152' title='bbox 745 1311 876 1350; x_wconf 86' lang='lat' dir='ltr'>solida</span> <span class='ocrx_word' id='word_1_153' title='bbox 899 1311 1116 1361; x_wconf 87' lang='lat' dir='ltr'>theologia.</span> <span class='ocrx_word' id='word_1_154' title='bbox 1186 1311 1319 1359; x_wconf 77' lang='lat' dir='ltr'>Quare</span> <span class='ocrx_word' id='word_1_155' title='bbox 1347 1324 1432 1350; x_wconf 89' lang='lat' dir='ltr'>non</span> <span class='ocrx_word' id='word_1_156' title='bbox 1459 1311 1755 1361; x_wconf 87' lang='lat' dir='ltr'>indignaberis,</span> <span class='ocrx_word' id='word_1_157' title='bbox 1787 1323 1899 1349; x_wconf 87' lang='lat' dir='ltr'>man-</span> 
     </span>
    </p>

    <p class='ocr_par' dir='ltr' id='par_1_6' title="bbox 250 1375 1900 1688">
     <span class='ocr_line' id='line_1_19' title="bbox 250 1375 1900 1430; baseline -0.001 -15"><span class='ocrx_word' id='word_1_158' title='bbox 250 1400 290 1430; x_wconf 76' lang='lat'>50</span> <span class='ocrx_word' id='word_1_159' title='bbox 306 1377 540 1415; x_wconf 88' lang='lat' dir='ltr'>suetissime</span> <span class='ocrx_word' id='word_1_160' title='bbox 569 1376 752 1424; x_wconf 89' lang='lat' dir='ltr'>Erasme,</span> <span class='ocrx_word' id='word_1_161' title='bbox 785 1377 893 1427; x_wconf 91' lang='lat' dir='ltr'>quod</span> <span class='ocrx_word' id='word_1_162' title='bbox 922 1375 1076 1415; x_wconf 85' lang='lat' dir='ltr'>Beatus</span> <span class='ocrx_word' id='word_1_163' title='bbox 1105 1377 1343 1425; x_wconf 86' lang='lat' dir='ltr'>Rhenanus,</span> <span class='ocrx_word' id='word_1_164' title='bbox 1377 1376 1443 1415; x_wconf 90' lang='lat' dir='ltr'>vir</span> <span class='ocrx_word' id='word_1_165' title='bbox 1471 1376 1679 1416; x_wconf 86' lang='lat' dir='ltr'>doctrinae</span> <span class='ocrx_word' id='word_1_166' title='bbox 1713 1379 1753 1415; x_wconf 89' lang='lat' dir='ltr'>et</span> <span class='ocrx_word' id='word_1_167' title='bbox 1790 1377 1900 1417; x_wconf 82' lang='lat' dir='ltr'>vitae</span> 
     </span>
     <span class='ocr_line' id='line_1_20' title="bbox 306 1441 1898 1492; baseline 0 -13"><span class='ocrx_word' id='word_1_168' title='bbox 306 1441 545 1491; x_wconf 87' lang='lat' dir='ltr'>integritate</span> <span class='ocrx_word' id='word_1_169' title='bbox 574 1441 833 1492; x_wconf 85' lang='lat' dir='ltr'>conspicuus,</span> <span class='ocrx_word' id='word_1_170' title='bbox 866 1441 972 1481; x_wconf 88' lang='lat' dir='ltr'>mihi</span> <span class='ocrx_word' id='word_1_171' title='bbox 1009 1455 1141 1492; x_wconf 89' lang='lat' dir='ltr'>nuper</span> <span class='ocrx_word' id='word_1_172' title='bbox 1178 1443 1300 1483; x_wconf 88' lang='lat' dir='ltr'>tuum</span> <span class='ocrx_word' id='word_1_173' title='bbox 1330 1443 1459 1481; x_wconf 86' lang='lat' dir='ltr'>Verae</span> <span class='ocrx_word' id='word_1_174' title='bbox 1497 1441 1745 1492; x_wconf 85' lang='lat' dir='ltr'>Theologiae</span> <span class='ocrx_word' id='word_1_175' title='bbox 1784 1441 1898 1480; x_wconf 83' lang='lat' dir='ltr'>Gom-</span> 
     </span>
     <span class='ocr_line' id='line_1_21' title="bbox 307 1506 1898 1558; baseline -0.001 -13"><span class='ocrx_word' id='word_1_176' title='bbox 307 1506 506 1556; x_wconf 89' lang='lat' dir='ltr'>pendium</span> <span class='ocrx_word' id='word_1_177' title='bbox 540 1507 706 1547; x_wconf 85' lang='lat' dir='ltr'>dicauit.</span> <span class='ocrx_word' id='word_1_178' title='bbox 765 1508 1012 1557; x_wconf 81' lang='lat' dir='ltr'>Quanquam</span> <span class='ocrx_word' id='word_1_179' title='bbox 1045 1508 1159 1546; x_wconf 90' lang='lat' dir='ltr'>enim</span> <span class='ocrx_word' id='word_1_180' title='bbox 1193 1510 1280 1546; x_wconf 88' lang='lat' dir='ltr'>tam</span> <span class='ocrx_word' id='word_1_181' title='bbox 1313 1508 1490 1558; x_wconf 88' lang='lat' dir='ltr'>insignis</span> <span class='ocrx_word' id='word_1_182' title='bbox 1523 1508 1711 1546; x_wconf 88' lang='lat' dir='ltr'>dicatura</span> <span class='ocrx_word' id='word_1_183' title='bbox 1745 1507 1898 1557; x_wconf 88' lang='lat' dir='ltr'>optimc</span> 
     </span>
     <span class='ocr_line' id='line_1_22' title="bbox 306 1572 1898 1622; baseline 0 -12"><span class='ocrx_word' id='word_1_184' title='bbox 306 1572 453 1622; x_wconf 88' lang='lat' dir='ltr'>cuique</span> <span class='ocrx_word' id='word_1_185' title='bbox 486 1575 527 1611; x_wconf 90' lang='lat' dir='ltr'>et</span> <span class='ocrx_word' id='word_1_186' title='bbox 562 1573 802 1612; x_wconf 89' lang='lat' dir='ltr'>doctissimo</span> <span class='ocrx_word' id='word_1_187' title='bbox 834 1573 979 1611; x_wconf 83' lang='lat' dir='ltr'>fuisset</span> <span class='ocrx_word' id='word_1_188' title='bbox 1013 1573 1206 1612; x_wconf 89' lang='lat' dir='ltr'>omnibus</span> <span class='ocrx_word' id='word_1_189' title='bbox 1235 1573 1372 1612; x_wconf 87' lang='lat' dir='ltr'>modis</span> <span class='ocrx_word' id='word_1_190' title='bbox 1405 1573 1634 1621; x_wconf 89' lang='lat' dir='ltr'>ambienda,</span> <span class='ocrx_word' id='word_1_191' title='bbox 1672 1586 1720 1611; x_wconf 90' lang='lat' dir='ltr'>eo</span> <span class='ocrx_word' id='word_1_192' title='bbox 1757 1574 1898 1611; x_wconf 87' lang='lat' dir='ltr'>tamen</span> 
     </span>
     <span class='ocr_line' id='line_1_23' title="bbox 306 1637 1896 1688; baseline -0.001 -12"><span class='ocrx_word' id='word_1_193' title='bbox 306 1637 446 1676; x_wconf 89' lang='lat' dir='ltr'>minus</span> <span class='ocrx_word' id='word_1_194' title='bbox 468 1640 508 1677; x_wconf 91' lang='lat' dir='ltr'>te</span> <span class='ocrx_word' id='word_1_195' title='bbox 532 1637 620 1677; x_wconf 89' lang='lat' dir='ltr'>eius</span> <span class='ocrx_word' id='word_1_196' title='bbox 650 1638 833 1676; x_wconf 86' lang='lat' dir='ltr'>instituti</span> <span class='ocrx_word' id='word_1_197' title='bbox 858 1638 1037 1688; x_wconf 89' lang='lat' dir='ltr'>pudebit,</span> <span class='ocrx_word' id='word_1_198' title='bbox 1061 1638 1170 1688; x_wconf 90' lang='lat' dir='ltr'>quod</span> <span class='ocrx_word' id='word_1_199' title='bbox 1197 1652 1281 1677; x_wconf 91' lang='lat' dir='ltr'>non</span> <span class='ocrx_word' id='word_1_200' title='bbox 1305 1651 1372 1676; x_wconf 90' lang='lat' dir='ltr'>me</span> <span class='ocrx_word' id='word_1_201' title='bbox 1395 1639 1530 1677; x_wconf 88' lang='lat' dir='ltr'>solum</span> <span class='ocrx_word' id='word_1_202' title='bbox 1561 1638 1632 1677; x_wconf 88' lang='lat' dir='ltr'>sed</span> <span class='ocrx_word' id='word_1_203' title='bbox 1659 1638 1761 1676; x_wconf 88' lang='lat' dir='ltr'>alios</span> <span class='ocrx_word' id='word_1_204' title='bbox 1786 1637 1896 1676; x_wconf 90' lang='lat' dir='ltr'>haud</span> 
     </span>
    </p>

    <p class='ocr_par' dir='ltr' id='par_1_7' title="bbox 248 1702 1899 2014">
     <span class='ocr_line' id='line_1_24' title="bbox 248 1702 1898 1757; baseline -0.001 -16"><span class='ocrx_word' id='word_1_205' title='bbox 248 1726 287 1757; x_wconf 81' lang='lat'>55</span> <span class='ocrx_word' id='word_1_206' title='bbox 306 1716 453 1753; x_wconf 90' lang='lat' dir='ltr'>parum</span> <span class='ocrx_word' id='word_1_207' title='bbox 472 1702 629 1742; x_wconf 89' lang='lat' dir='ltr'>multos</span> <span class='ocrx_word' id='word_1_208' title='bbox 648 1704 698 1742; x_wconf 87' lang='lat' dir='ltr'>ad</span> <span class='ocrx_word' id='word_1_209' title='bbox 718 1703 870 1742; x_wconf 87' lang='lat' dir='ltr'>veteris</span> <span class='ocrx_word' id='word_1_210' title='bbox 890 1703 1119 1753; x_wconf 86' lang='lat' dir='ltr'>theologiae</span> <span class='ocrx_word' id='word_1_211' title='bbox 1138 1703 1324 1742; x_wconf 90' lang='lat' dir='ltr'>studium</span> <span class='ocrx_word' id='word_1_212' title='bbox 1344 1703 1612 1742; x_wconf 86' lang='lat' dir='ltr'>inflammasti</span> <span class='ocrx_word' id='word_1_213' title='bbox 1628 1719 1636 1752; x_wconf 92' lang='lat'>;</span> <span class='ocrx_word' id='word_1_214' title='bbox 1665 1702 1764 1741; x_wconf 88' lang='lat' dir='ltr'>adeo</span> <span class='ocrx_word' id='word_1_215' title='bbox 1785 1703 1898 1741; x_wconf 88' lang='lat' dir='ltr'>enim</span> 
     </span>
     <span class='ocr_line' id='line_1_25' title="bbox 307 1768 1897 1819; baseline -0.001 -13"><span class='ocrx_word' id='word_1_216' title='bbox 307 1768 484 1807; x_wconf 88' lang='lat' dir='ltr'>dilucide</span> <span class='ocrx_word' id='word_1_217' title='bbox 511 1770 626 1807; x_wconf 89' lang='lat' dir='ltr'>tuam</span> <span class='ocrx_word' id='word_1_218' title='bbox 649 1769 694 1807; x_wconf 92' lang='lat' dir='ltr'>in</span> <span class='ocrx_word' id='word_1_219' title='bbox 724 1769 848 1807; x_wconf 89' lang='lat' dir='ltr'>sacris</span> <span class='ocrx_word' id='word_1_220' title='bbox 876 1768 1010 1807; x_wconf 84' lang='lat' dir='ltr'>literis</span> <span class='ocrx_word' id='word_1_221' title='bbox 1038 1768 1312 1808; x_wconf 89' lang='lat' dir='ltr'>eruditionem</span> <span class='ocrx_word' id='word_1_222' title='bbox 1341 1771 1381 1808; x_wconf 89' lang='lat' dir='ltr'>et</span> <span class='ocrx_word' id='word_1_223' title='bbox 1409 1769 1624 1819; x_wconf 87' lang='lat' dir='ltr'>ingenium</span> <span class='ocrx_word' id='word_1_224' title='bbox 1653 1768 1897 1807; x_wconf 89' lang='lat' dir='ltr'>acerrimum</span> 
     </span>
     <span class='ocr_line' id='line_1_26' title="bbox 306 1833 1898 1882; baseline 0 -11"><span class='ocrx_word' id='word_1_225' title='bbox 306 1833 463 1872; x_wconf 89' lang='lat' dir='ltr'>indicat</span> <span class='ocrx_word' id='word_1_226' title='bbox 485 1833 819 1873; x_wconf 87' lang='lat' dir='ltr'>absolutissimus</span> <span class='ocrx_word' id='word_1_227' title='bbox 842 1833 913 1872; x_wconf 90' lang='lat' dir='ltr'>ille</span> <span class='ocrx_word' id='word_1_228' title='bbox 940 1833 1119 1882; x_wconf 89' lang='lat' dir='ltr'>libellus,</span> <span class='ocrx_word' id='word_1_229' title='bbox 1144 1835 1190 1873; x_wconf 87' lang='lat' dir='ltr'>vt</span> <span class='ocrx_word' id='word_1_230' title='bbox 1217 1834 1372 1873; x_wconf 91' lang='lat' dir='ltr'>multos</span> <span class='ocrx_word' id='word_1_231' title='bbox 1395 1834 1520 1873; x_wconf 87' lang='lat' dir='ltr'>etiam</span> <span class='ocrx_word' id='word_1_232' title='bbox 1546 1833 1750 1880; x_wconf 89' lang='lat' dir='ltr'>barbaros,</span> <span class='ocrx_word' id='word_1_233' title='bbox 1777 1835 1898 1872; x_wconf 89' lang='lat' dir='ltr'>antea</span> 
     </span>
     <span class='ocr_line' id='line_1_27' title="bbox 307 1898 1899 1949; baseline 0 -13"><span class='ocrx_word' id='word_1_234' title='bbox 307 1898 571 1948; x_wconf 88' lang='lat' dir='ltr'>elegantioris</span> <span class='ocrx_word' id='word_1_235' title='bbox 609 1899 840 1948; x_wconf 85' lang='lat' dir='ltr'>theologiae</span> <span class='ocrx_word' id='word_1_236' title='bbox 879 1912 928 1937; x_wconf 81' lang='lat' dir='ltr'>ex</span> <span class='ocrx_word' id='word_1_237' title='bbox 964 1899 1150 1949; x_wconf 84' lang='lat' dir='ltr'>professo</span> <span class='ocrx_word' id='word_1_238' title='bbox 1186 1899 1336 1947; x_wconf 83' lang='lat' dir='ltr'>hostes,</span> <span class='ocrx_word' id='word_1_239' title='bbox 1377 1899 1455 1938; x_wconf 88' lang='lat' dir='ltr'>hoc</span> <span class='ocrx_word' id='word_1_240' title='bbox 1492 1899 1687 1949; x_wconf 88' lang='lat' dir='ltr'>opusculo</span> <span class='ocrx_word' id='word_1_241' title='bbox 1725 1898 1899 1948; x_wconf 86' lang='lat' dir='ltr'>placaris</span> 
     </span>
     <span class='ocr_line' id='line_1_28' title="bbox 307 1964 1174 2014; baseline 0 -11"><span class='ocrx_word' id='word_1_242' title='bbox 307 1964 465 2014; x_wconf 91' lang='lat' dir='ltr'>tibique</span> <span class='ocrx_word' id='word_1_243' title='bbox 495 1964 721 2003; x_wconf 90' lang='lat' dir='ltr'>reddideris</span> <span class='ocrx_word' id='word_1_244' title='bbox 750 1964 1174 2003; x_wconf 88' lang='lat' dir='ltr'>beneuolentissimos.</span> 
     </span>
    </p>

    <p class='ocr_par' dir='ltr' id='par_1_8' title="bbox 249 2028 1900 2342">
     <span class='ocr_line' id='line_1_29' title="bbox 249 2028 1896 2080; baseline 0 -12"><span class='ocrx_word' id='word_1_245' title='bbox 249 2044 291 2075; x_wconf 67' lang='lat'>(20</span> <span class='ocrx_word' id='word_1_246' title='bbox 362 2029 529 2068; x_wconf 87' lang='lat' dir='ltr'>Nouum</span> <span class='ocrx_word' id='word_1_247' title='bbox 563 2030 878 2068; x_wconf 85' lang='lat' dir='ltr'>Testamentum</span> <span class='ocrx_word' id='word_1_248' title='bbox 912 2030 1045 2068; x_wconf 91' lang='lat' dir='ltr'>denuo</span> <span class='ocrx_word' id='word_1_249' title='bbox 1075 2043 1099 2068; x_wconf 90' lang='lat' dir='ltr'>a</span> <span class='ocrx_word' id='word_1_250' title='bbox 1130 2032 1171 2069; x_wconf 90' lang='lat' dir='ltr'>te</span> <span class='ocrx_word' id='word_1_251' title='bbox 1204 2029 1432 2080; x_wconf 87' lang='lat' dir='ltr'>magnifice,</span> <span class='ocrx_word' id='word_1_252' title='bbox 1467 2029 1575 2080; x_wconf 94' lang='lat' dir='ltr'>quod</span> <span class='ocrx_word' id='word_1_253' title='bbox 1605 2028 1711 2067; x_wconf 90' lang='lat' dir='ltr'>nihil</span> <span class='ocrx_word' id='word_1_254' title='bbox 1740 2028 1896 2076; x_wconf 89' lang='lat' dir='ltr'>dubito,</span> 
     </span>
     <span class='ocr_line' id='line_1_30' title="bbox 307 2095 1900 2146; baseline 0.001 -13"><span class='ocrx_word' id='word_1_255' title='bbox 307 2096 605 2145; x_wconf 89' lang='lat' dir='ltr'>locupletatum</span> <span class='ocrx_word' id='word_1_256' title='bbox 634 2095 824 2146; x_wconf 89' lang='lat' dir='ltr'>cupidius</span> <span class='ocrx_word' id='word_1_257' title='bbox 850 2108 948 2135; x_wconf 83' lang='lat' dir='ltr'>sane</span> <span class='ocrx_word' id='word_1_258' title='bbox 977 2097 1145 2146; x_wconf 77' lang='lat' dir='ltr'>expecto</span> <span class='ocrx_word' id='word_1_259' title='bbox 1168 2109 1293 2146; x_wconf 91' lang='lat' dir='ltr'>quam</span> <span class='ocrx_word' id='word_1_260' title='bbox 1316 2096 1401 2135; x_wconf 90' lang='lat' dir='ltr'>vlla</span> <span class='ocrx_word' id='word_1_261' title='bbox 1426 2097 1558 2134; x_wconf 85' lang='lat' dir='ltr'>mater</span> <span class='ocrx_word' id='word_1_262' title='bbox 1586 2095 1722 2133; x_wconf 85' lang='lat' dir='ltr'>filium</span> <span class='ocrx_word' id='word_1_263' title='bbox 1752 2095 1900 2134; x_wconf 87' lang='lat' dir='ltr'>charis-</span> 
     </span>
     <span class='ocr_line' id='line_1_31' title="bbox 307 2160 1899 2211; baseline -0.001 -12"><span class='ocrx_word' id='word_1_264' title='bbox 307 2161 460 2200; x_wconf 90' lang='lat' dir='ltr'>simum</span> <span class='ocrx_word' id='word_1_265' title='bbox 477 2174 643 2211; x_wconf 85' lang='lat' dir='ltr'>peregre</span> <span class='ocrx_word' id='word_1_266' title='bbox 659 2161 901 2199; x_wconf 86' lang='lat' dir='ltr'>redeuntem</span> <span class='ocrx_word' id='word_1_267' title='bbox 922 2175 931 2208; x_wconf 96' lang='lat'>;</span> <span class='ocrx_word' id='word_1_268' title='bbox 961 2174 1060 2199; x_wconf 88' lang='lat' dir='ltr'>nam</span> <span class='ocrx_word' id='word_1_269' title='bbox 1075 2160 1270 2211; x_wconf 89' lang='lat' dir='ltr'>quicquid</span> <span class='ocrx_word' id='word_1_270' title='bbox 1286 2161 1450 2211; x_wconf 83' lang='lat' dir='ltr'>vspiam</span> <span class='ocrx_word' id='word_1_271' title='bbox 1463 2162 1699 2210; x_wconf 89' lang='lat' dir='ltr'>temporum</span> <span class='ocrx_word' id='word_1_272' title='bbox 1715 2162 1899 2210; x_wconf 89' lang='lat' dir='ltr'>superest</span> 
     </span>
     <span class='ocr_line' id='line_1_32' title="bbox 308 2224 1898 2277; baseline -0.002 -12"><span class='ocrx_word' id='word_1_273' title='bbox 308 2227 358 2265; x_wconf 87' lang='lat' dir='ltr'>ab</span> <span class='ocrx_word' id='word_1_274' title='bbox 392 2226 514 2265; x_wconf 91' lang='lat' dir='ltr'>officii</span> <span class='ocrx_word' id='word_1_275' title='bbox 547 2227 629 2265; x_wconf 92' lang='lat' dir='ltr'>mei</span> <span class='ocrx_word' id='word_1_276' title='bbox 668 2226 975 2277; x_wconf 87' lang='lat' dir='ltr'>occupatissimi</span> <span class='ocrx_word' id='word_1_277' title='bbox 1006 2226 1218 2274; x_wconf 89' lang='lat' dir='ltr'>molestiis,</span> <span class='ocrx_word' id='word_1_278' title='bbox 1254 2226 1296 2265; x_wconf 91' lang='lat' dir='ltr'>id</span> <span class='ocrx_word' id='word_1_279' title='bbox 1330 2239 1453 2265; x_wconf 91' lang='lat' dir='ltr'>omne</span> <span class='ocrx_word' id='word_1_280' title='bbox 1491 2226 1577 2264; x_wconf 90' lang='lat' dir='ltr'>tuis</span> <span class='ocrx_word' id='word_1_281' title='bbox 1614 2225 1733 2264; x_wconf 88' lang='lat' dir='ltr'>libris</span> <span class='ocrx_word' id='word_1_282' title='bbox 1766 2224 1898 2263; x_wconf 89' lang='lat' dir='ltr'>decies</span> 
     </span>
     <span class='ocr_line' id='line_1_33' title="bbox 308 2290 1899 2342; baseline -0.001 -12"><span class='ocrx_word' id='word_1_283' title='bbox 308 2292 561 2342; x_wconf 87' lang='lat' dir='ltr'>pellegendis</span> <span class='ocrx_word' id='word_1_284' title='bbox 595 2292 802 2342; x_wconf 88' lang='lat' dir='ltr'>impendo.</span> <span class='ocrx_word' id='word_1_285' title='bbox 863 2292 1018 2331; x_wconf 89' lang='lat' dir='ltr'>Paceus</span> <span class='ocrx_word' id='word_1_286' title='bbox 1044 2294 1192 2340; x_wconf 87' lang='lat' dir='ltr'>noster,</span> <span class='ocrx_word' id='word_1_287' title='bbox 1225 2292 1269 2331; x_wconf 91' lang='lat' dir='ltr'>in</span> <span class='ocrx_word' id='word_1_288' title='bbox 1299 2305 1421 2342; x_wconf 89' lang='lat' dir='ltr'>quem</span> <span class='ocrx_word' id='word_1_289' title='bbox 1450 2293 1621 2330; x_wconf 82' lang='lat' dir='ltr'>externa</span> <span class='ocrx_word' id='word_1_290' title='bbox 1650 2290 1831 2341; x_wconf 90' lang='lat' dir='ltr'>corporis</span> <span class='ocrx_word' id='word_1_291' title='bbox 1859 2292 1899 2328; x_wconf 91' lang='lat' dir='ltr'>et</span> 
     </span>
    </p>

    <p class='ocr_par' dir='ltr' id='par_1_9' title="bbox 249 2357 1900 2599">
     <span class='ocr_line' id='line_1_34' title="bbox 249 2357 1897 2407; baseline -0.003 -8"><span class='ocrx_word' id='word_1_292' title='bbox 249 2369 288 2407; x_wconf 80' lang='lat'>65</span> <span class='ocrx_word' id='word_1_293' title='bbox 307 2358 437 2396; x_wconf 84' lang='lat' dir='ltr'>animi</span> <span class='ocrx_word' id='word_1_294' title='bbox 470 2358 577 2396; x_wconf 91' lang='lat' dir='ltr'>bona</span> <span class='ocrx_word' id='word_1_295' title='bbox 614 2357 808 2407; x_wconf 88' lang='lat' dir='ltr'>ampliter</span> <span class='ocrx_word' id='word_1_296' title='bbox 839 2357 1046 2407; x_wconf 90' lang='lat' dir='ltr'>congessit</span> <span class='ocrx_word' id='word_1_297' title='bbox 1084 2359 1241 2405; x_wconf 88' lang='lat' dir='ltr'>natura,</span> <span class='ocrx_word' id='word_1_298' title='bbox 1273 2357 1345 2396; x_wconf 93' lang='lat' dir='ltr'>vbi</span> <span class='ocrx_word' id='word_1_299' title='bbox 1378 2357 1445 2405; x_wconf 88' lang='lat' dir='ltr'>sit,</span> <span class='ocrx_word' id='word_1_300' title='bbox 1481 2357 1580 2406; x_wconf 91' lang='lat' dir='ltr'>quid</span> <span class='ocrx_word' id='word_1_301' title='bbox 1618 2369 1756 2394; x_wconf 89' lang='lat' dir='ltr'>rerum</span> <span class='ocrx_word' id='word_1_302' title='bbox 1793 2358 1897 2405; x_wconf 90' lang='lat' dir='ltr'>agat,</span> 
     </span>
     <span class='ocr_line' id='line_1_35' title="bbox 307 2421 1899 2472; baseline -0.001 -11"><span class='ocrx_word' id='word_1_303' title='bbox 307 2423 411 2461; x_wconf 90' lang='lat' dir='ltr'>scire</span> <span class='ocrx_word' id='word_1_304' title='bbox 444 2422 658 2472; x_wconf 83' lang='lat' dir='ltr'>percupio:</span> <span class='ocrx_word' id='word_1_305' title='bbox 700 2423 817 2461; x_wconf 90' lang='lat' dir='ltr'>cuius</span> <span class='ocrx_word' id='word_1_306' title='bbox 850 2422 1147 2462; x_wconf 89' lang='lat' dir='ltr'>consuetudine</span> <span class='ocrx_word' id='word_1_307' title='bbox 1179 2422 1388 2472; x_wconf 91' lang='lat' dir='ltr'>imprimis</span> <span class='ocrx_word' id='word_1_308' title='bbox 1420 2421 1598 2460; x_wconf 82' lang='lat' dir='ltr'>iucunda</span> <span class='ocrx_word' id='word_1_309' title='bbox 1631 2421 1899 2460; x_wconf 88' lang='lat' dir='ltr'>vehementer</span> 
     </span>
     <span class='ocr_line' id='line_1_36' title="bbox 309 2486 1900 2535; baseline -0.001 -9"><span class='ocrx_word' id='word_1_310' title='bbox 309 2501 401 2526; x_wconf 91' lang='lat' dir='ltr'>sum</span> <span class='ocrx_word' id='word_1_311' title='bbox 431 2488 666 2526; x_wconf 88' lang='lat' dir='ltr'>delectatus.</span> <span class='ocrx_word' id='word_1_312' title='bbox 723 2488 785 2526; x_wconf 86' lang='lat' dir='ltr'>Tu</span> <span class='ocrx_word' id='word_1_313' title='bbox 814 2501 921 2535; x_wconf 87' lang='lat' dir='ltr'>vero,</span> <span class='ocrx_word' id='word_1_314' title='bbox 955 2487 1126 2526; x_wconf 87' lang='lat' dir='ltr'>Erasme</span> <span class='ocrx_word' id='word_1_315' title='bbox 1155 2487 1419 2534; x_wconf 88' lang='lat' dir='ltr'>amicissime,</span> <span class='ocrx_word' id='word_1_316' title='bbox 1450 2487 1582 2525; x_wconf 87' lang='lat' dir='ltr'>Fabro</span> <span class='ocrx_word' id='word_1_317' title='bbox 1607 2488 1679 2524; x_wconf 89' lang='lat' dir='ltr'>tuo</span> <span class='ocrx_word' id='word_1_318' title='bbox 1708 2486 1900 2535; x_wconf 88' lang='lat' dir='ltr'>ignosce;</span> 
     </span>
     <span class='ocr_line' id='line_1_37' title="bbox 308 2551 1900 2599; baseline -0.001 -8"><span class='ocrx_word' id='word_1_319' title='bbox 308 2567 406 2591; x_wconf 89' lang='lat' dir='ltr'>nam</span> <span class='ocrx_word' id='word_1_320' title='bbox 438 2553 575 2592; x_wconf 88' lang='lat' dir='ltr'>studio</span> <span class='ocrx_word' id='word_1_321' title='bbox 608 2553 652 2591; x_wconf 89' lang='lat' dir='ltr'>in</span> <span class='ocrx_word' id='word_1_322' title='bbox 686 2555 725 2591; x_wconf 91' lang='lat' dir='ltr'>te</span> <span class='ocrx_word' id='word_1_323' title='bbox 757 2566 848 2592; x_wconf 90' lang='lat' dir='ltr'>meo</span> <span class='ocrx_word' id='word_1_324' title='bbox 879 2555 920 2592; x_wconf 90' lang='lat' dir='ltr'>et</span> <span class='ocrx_word' id='word_1_325' title='bbox 951 2552 1080 2591; x_wconf 89' lang='lat' dir='ltr'>amori</span> <span class='ocrx_word' id='word_1_326' title='bbox 1115 2552 1341 2599; x_wconf 88' lang='lat' dir='ltr'>obsecutus,</span> <span class='ocrx_word' id='word_1_327' title='bbox 1378 2565 1464 2590; x_wconf 89' lang='lat' dir='ltr'>non</span> <span class='ocrx_word' id='word_1_328' title='bbox 1496 2551 1654 2590; x_wconf 86' lang='lat' dir='ltr'>veritus</span> <span class='ocrx_word' id='word_1_329' title='bbox 1687 2564 1781 2589; x_wconf 88' lang='lat' dir='ltr'>sum</span> <span class='ocrx_word' id='word_1_330' title='bbox 1814 2552 1900 2590; x_wconf 91' lang='lat' dir='ltr'>tuis</span> 
     </span>
    </p>
   </div>
   <div class='ocr_carea' id='block_1_4' title="bbox 310 2631 1897 2721">
    <p class='ocr_par' dir='ltr' id='par_1_10' title="bbox 310 2631 1897 2721">
     <span class='ocr_line' id='line_1_38' title="bbox 353 2631 1897 2677; baseline -0.001 -7"><span class='ocrx_word' id='word_1_331' title='bbox 353 2649 405 2677; x_wconf 85' lang='lat'>41.</span> <span class='ocrx_word' id='word_1_332' title='bbox 430 2639 632 2670; x_wconf 81' lang='lat' dir='ltr'>moliuntur</span> <span class='ocrx_word' id='word_1_333' title='bbox 647 2641 827 2670; x_wconf 82' lang='lat' dir='ltr'>certamen</span> <span class='ocrx_word' id='word_1_334' title='bbox 843 2640 974 2676; x_wconf 78' lang='lat' dir='ltr'>scripsi:</span> <span class='ocrx_word' id='word_1_335' title='bbox 999 2631 1160 2669; x_wconf 47' lang='lat' dir='ltr'>molium*</span> <span class='ocrx_word' id='word_1_336' title='bbox 1169 2640 1263 2669; x_wconf 76' lang='lat' dir='ltr'>tame</span> <span class='ocrx_word' id='word_1_337' title='bbox 1280 2640 1318 2668; x_wconf 87' lang='lat' dir='ltr'>E.</span> <span class='ocrx_word' id='word_1_338' title='bbox 1477 2647 1518 2676; x_wconf 88' lang='lat'>43</span> <span class='ocrx_word' id='word_1_339' title='bbox 1556 2640 1607 2668; x_wconf 90' lang='lat' dir='ltr'>N:</span> <span class='ocrx_word' id='word_1_340' title='bbox 1632 2637 1843 2676; x_wconf 88' lang='lat' dir='ltr'>impertiant</span> <span class='ocrx_word' id='word_1_341' title='bbox 1859 2640 1897 2668; x_wconf 89' lang='lat' dir='ltr'>E.</span> 
     </span>
     <span class='ocr_line' id='line_1_39' title="bbox 310 2683 749 2721; baseline 0 -8"><span class='ocrx_word' id='word_1_342' title='bbox 310 2684 362 2721; x_wconf 85' lang='lat'>56.</span> <span class='ocrx_word' id='word_1_343' title='bbox 387 2686 436 2713; x_wconf 83' lang='lat' dir='ltr'>F:</span> <span class='ocrx_word' id='word_1_344' title='bbox 460 2683 693 2713; x_wconf 82' lang='lat' dir='ltr'>accerrimum</span> <span class='ocrx_word' id='word_1_345' title='bbox 711 2685 749 2714; x_wconf 90' lang='lat' dir='ltr'>E.</span> 
     </span>
    </p>
   </div>
   <div class='ocr_carea' id='block_1_5' title="bbox 310 2767 1903 3070">
    <p class='ocr_par' dir='ltr' id='par_1_11' title="bbox 310 2767 1903 3070">
     <span class='ocr_line' id='line_1_40' title="bbox 353 2767 1899 2810; baseline -0.001 -11"><span class='ocrx_word' id='word_1_346' title='bbox 353 2781 404 2808; x_wconf 89' lang='lat'>41.</span> <span class='ocrx_word' id='word_1_347' title='bbox 430 2780 511 2801; x_wconf 87' lang='lat' dir='ltr'>cum</span> <span class='ocrx_word' id='word_1_348' title='bbox 544 2769 758 2810; x_wconf 87' lang='lat' dir='ltr'>Phrygibus]</span> <span class='ocrx_word' id='word_1_349' title='bbox 784 2769 835 2801; x_wconf 84' lang='lat' dir='ltr'>Cf.</span> <span class='ocrx_word' id='word_1_350' title='bbox 865 2772 968 2808; x_wconf 76' lang='lat' dir='ltr'>Aday.</span> <span class='ocrx_word' id='word_1_351' title='bbox 1000 2769 1042 2799; x_wconf 83' lang='lat'>28</span> <span class='ocrx_word' id='word_1_352' title='bbox 1060 2780 1067 2799; x_wconf 74' lang='grc' dir='ltr'><strong>ε</strong></span> <span class='ocrx_word' id='word_1_353' title='bbox 1133 2768 1252 2799; x_wconf 83' lang='lat' dir='ltr'>where</span> <span class='ocrx_word' id='word_1_354' title='bbox 1268 2768 1330 2799; x_wconf 84' lang='lat' dir='ltr'>the</span> <span class='ocrx_word' id='word_1_355' title='bbox 1341 2768 1449 2798; x_wconf 81' lang='lat' dir='ltr'>latter</span> <span class='ocrx_word' id='word_1_356' title='bbox 1459 2769 1538 2808; x_wconf 81' lang='lat' dir='ltr'>part</span> <span class='ocrx_word' id='word_1_357' title='bbox 1551 2767 1589 2799; x_wconf 85' lang='lat' dir='ltr'>of</span> <span class='ocrx_word' id='word_1_358' title='bbox 1602 2768 1721 2799; x_wconf 82' lang='lat' dir='ltr'>Pace&#39;s</span> <span class='ocrx_word' id='word_1_359' title='bbox 1736 2768 1899 2807; x_wconf 87' lang='lat' dir='ltr'>embassy</span> 
     </span>
     <span class='ocr_line' id='line_1_41' title="bbox 310 2811 1899 2853; baseline -0.001 -10"><span class='ocrx_word' id='word_1_360' title='bbox 310 2823 385 2844; x_wconf 62' lang='lat' dir='ltr'>sero</span> <span class='ocrx_word' id='word_1_361' title='bbox 402 2815 547 2853; x_wconf 87' lang='lat' dir='ltr'>sapiunt</span> <span class='ocrx_word' id='word_1_362' title='bbox 564 2814 731 2853; x_wconf 86' lang='lat' dir='ltr'>Phryges.</span> <span class='ocrx_word' id='word_1_363' title='bbox 1134 2814 1171 2842; x_wconf 87' lang='lat' dir='ltr'>to</span> <span class='ocrx_word' id='word_1_364' title='bbox 1201 2811 1436 2842; x_wconf 85' lang='lat' dir='ltr'>Switzerland</span> <span class='ocrx_word' id='word_1_365' title='bbox 1467 2821 1540 2842; x_wconf 86' lang='lat' dir='ltr'>was</span> <span class='ocrx_word' id='word_1_366' title='bbox 1577 2814 1701 2851; x_wconf 78' lang='lat' dir='ltr'>spent:</span> <span class='ocrx_word' id='word_1_367' title='bbox 1742 2811 1825 2843; x_wconf 85' lang='lat' dir='ltr'>Feb.</span> <span class='ocrx_word' id='word_1_368' title='bbox 1861 2821 1899 2842; x_wconf 87' lang='lat' dir='ltr'>or</span> 
     </span>
     <span class='ocr_line' id='line_1_42' title="bbox 352 2855 1896 2896; baseline -0.003 -8"><span class='ocrx_word' id='word_1_369' title='bbox 352 2868 403 2894; x_wconf 77' lang='lat'>44.</span> <span class='ocrx_word' id='word_1_370' title='bbox 429 2858 536 2888; x_wconf 86' lang='lat' dir='ltr'>annis</span> <span class='ocrx_word' id='word_1_371' title='bbox 567 2855 823 2896; x_wconf 89' lang='lat' dir='ltr'>superioribus]</span> <span class='ocrx_word' id='word_1_372' title='bbox 854 2856 965 2887; x_wconf 84' lang='lat' dir='ltr'>Faber</span> <span class='ocrx_word' id='word_1_373' title='bbox 996 2855 1067 2887; x_wconf 87' lang='lat' dir='ltr'>had</span> <span class='ocrx_word' id='word_1_374' title='bbox 1135 2855 1258 2887; x_wconf 86' lang='lat' dir='ltr'>March</span> <span class='ocrx_word' id='word_1_375' title='bbox 1281 2856 1318 2885; x_wconf 88' lang='lat' dir='ltr'>to</span> <span class='ocrx_word' id='word_1_376' title='bbox 1341 2855 1414 2886; x_wconf 85' lang='lat' dir='ltr'>Oct.</span> <span class='ocrx_word' id='word_1_377' title='bbox 1444 2865 1523 2894; x_wconf 84' lang='lat'><strong>1517</strong></span> <span class='ocrx_word' id='word_1_378' title='bbox 1552 2856 1711 2894; x_wconf 85' lang='lat' dir='ltr'>(Brewer</span> <span class='ocrx_word' id='word_1_379' title='bbox 1735 2855 1773 2885; x_wconf 92' lang='lat' dir='ltr'>ii.</span> <span class='ocrx_word' id='word_1_380' title='bbox 1801 2864 1896 2894; x_wconf 87' lang='lat'>2914,</span> 
     </span>
     <span class='ocr_line' id='line_1_43' title="bbox 310 2898 1896 2940; baseline -0.001 -11"><span class='ocrx_word' id='word_1_381' title='bbox 310 2900 397 2929; x_wconf 81' lang='lat' dir='ltr'>been</span> <span class='ocrx_word' id='word_1_382' title='bbox 430 2901 642 2931; x_wconf 88' lang='lat' dir='ltr'>Chancellor</span> <span class='ocrx_word' id='word_1_383' title='bbox 675 2903 710 2931; x_wconf 89' lang='lat' dir='ltr'>to</span> <span class='ocrx_word' id='word_1_384' title='bbox 745 2901 807 2931; x_wconf 84' lang='lat' dir='ltr'>the</span> <span class='ocrx_word' id='word_1_385' title='bbox 838 2900 902 2940; x_wconf 87' lang='lat' dir='ltr'>Bp.</span> <span class='ocrx_word' id='word_1_386' title='bbox 939 2900 1068 2939; x_wconf 88' lang='lat' dir='ltr'>during</span> <span class='ocrx_word' id='word_1_387' title='bbox 1134 2908 1230 2937; x_wconf 84' lang='lat'>3051,</span> <span class='ocrx_word' id='word_1_388' title='bbox 1247 2907 1352 2937; x_wconf 87' lang='lat'><strong>3721;</strong></span> <span class='ocrx_word' id='word_1_389' title='bbox 1376 2898 1418 2929; x_wconf 89' lang='lat' dir='ltr'>cf.</span> <span class='ocrx_word' id='word_1_390' title='bbox 1438 2899 1526 2938; x_wconf 89' lang='lat' dir='ltr'>Epp.</span> <span class='ocrx_word' id='word_1_391' title='bbox 1547 2899 1620 2937; x_wconf 89' lang='lat'><strong>706.</strong></span> <span class='ocrx_word' id='word_1_392' title='bbox 1639 2908 1678 2937; x_wconf 88' lang='lat'>27</span> <span class='ocrx_word' id='word_1_393' title='bbox 1692 2908 1740 2933; x_wconf 70' lang='lat' dir='ltr'>n„</span> <span class='ocrx_word' id='word_1_394' title='bbox 1759 2898 1834 2936; x_wconf 89' lang='lat'>887.</span> <span class='ocrx_word' id='word_1_395' title='bbox 1848 2898 1896 2938; x_wconf 85' lang='lat'>6).</span> 
     </span>
     <span class='ocr_line' id='line_1_44' title="bbox 310 2941 1903 2981; baseline 0 -10"><span class='ocrx_word' id='word_1_396' title='bbox 310 2942 487 2974; x_wconf 76' lang='lat' dir='ltr'>Erasmus’</span> <span class='ocrx_word' id='word_1_397' title='bbox 522 2944 651 2974; x_wconf 84' lang='lat' dir='ltr'>second</span> <span class='ocrx_word' id='word_1_398' title='bbox 675 2944 857 2974; x_wconf 87' lang='lat' dir='ltr'>residence</span> <span class='ocrx_word' id='word_1_399' title='bbox 881 2945 916 2974; x_wconf 86' lang='lat' dir='ltr'>at</span> <span class='ocrx_word' id='word_1_400' title='bbox 940 2943 1043 2974; x_wconf 87' lang='lat' dir='ltr'>Basle</span> <span class='ocrx_word' id='word_1_401' title='bbox 1060 2952 1068 2981; x_wconf 89' lang='lat'>;</span> <span class='ocrx_word' id='word_1_402' title='bbox 1136 2942 1237 2972; x_wconf 89' lang='lat' dir='ltr'>Some</span> <span class='ocrx_word' id='word_1_403' title='bbox 1255 2942 1453 2972; x_wconf 87' lang='lat' dir='ltr'>indication</span> <span class='ocrx_word' id='word_1_404' title='bbox 1470 2943 1499 2972; x_wconf 87' lang='lat' dir='ltr'>is</span> <span class='ocrx_word' id='word_1_405' title='bbox 1516 2943 1626 2973; x_wconf 88' lang='lat' dir='ltr'>hence</span> <span class='ocrx_word' id='word_1_406' title='bbox 1644 2941 1848 2972; x_wconf 82' lang='lat' dir='ltr'>obtainable</span> <span class='ocrx_word' id='word_1_407' title='bbox 1864 2942 1903 2972; x_wconf 89' lang='lat' dir='ltr'>of</span> 
     </span>
     <span class='ocr_line' id='line_1_45' title="bbox 310 2985 1897 3026; baseline -0.001 -11"><span class='ocrx_word' id='word_1_408' title='bbox 310 2987 352 3016; x_wconf 84' lang='lat' dir='ltr'>cf.</span> <span class='ocrx_word' id='word_1_409' title='bbox 372 2986 432 3025; x_wconf 89' lang='lat' dir='ltr'>Ep.</span> <span class='ocrx_word' id='word_1_410' title='bbox 451 2996 524 3025; x_wconf 85' lang='lat'>541.</span> <span class='ocrx_word' id='word_1_411' title='bbox 547 2996 617 3026; x_wconf 86' lang='lat'>159.</span> <span class='ocrx_word' id='word_1_412' title='bbox 1136 2985 1197 3016; x_wconf 82' lang='lat' dir='ltr'>the</span> <span class='ocrx_word' id='word_1_413' title='bbox 1215 2985 1295 3016; x_wconf 85' lang='lat' dir='ltr'>date</span> <span class='ocrx_word' id='word_1_414' title='bbox 1314 2986 1351 3016; x_wconf 91' lang='lat' dir='ltr'>of</span> <span class='ocrx_word' id='word_1_415' title='bbox 1364 2986 1504 3016; x_wconf 82' lang='lat' dir='ltr'>Faber’s</span> <span class='ocrx_word' id='word_1_416' title='bbox 1524 2995 1625 3015; x_wconf 86' lang='lat' dir='ltr'>move</span> <span class='ocrx_word' id='word_1_417' title='bbox 1646 2987 1682 3016; x_wconf 86' lang='lat' dir='ltr'>to</span> <span class='ocrx_word' id='word_1_418' title='bbox 1698 2985 1897 3015; x_wconf 87' lang='lat' dir='ltr'>Constance</span> 
     </span>
     <span class='ocr_line' id='line_1_46' title="bbox 353 3028 1767 3070; baseline 0.001 -12"><span class='ocrx_word' id='word_1_419' title='bbox 353 3030 403 3059; x_wconf 85' lang='lat'>66.</span> <span class='ocrx_word' id='word_1_420' title='bbox 439 3029 712 3070; x_wconf 75' lang='lat' dir='ltr'>consuetudine]</span> <span class='ocrx_word' id='word_1_421' title='bbox 767 3031 815 3061; x_wconf 85' lang='lat' dir='ltr'>At</span> <span class='ocrx_word' id='word_1_422' title='bbox 861 3030 1065 3070; x_wconf 86' lang='lat' dir='ltr'>Constance,</span> <span class='ocrx_word' id='word_1_423' title='bbox 1137 3028 1227 3060; x_wconf 88' lang='lat' dir='ltr'>from</span> <span class='ocrx_word' id='word_1_424' title='bbox 1246 3028 1349 3060; x_wconf 87' lang='lat' dir='ltr'>Basle</span> <span class='ocrx_word' id='word_1_425' title='bbox 1366 3040 1373 3067; x_wconf 89' lang='lat'>;</span> <span class='ocrx_word' id='word_1_426' title='bbox 1397 3038 1453 3059; x_wconf 88' lang='lat' dir='ltr'>see</span> <span class='ocrx_word' id='word_1_427' title='bbox 1471 3029 1533 3068; x_wconf 89' lang='lat' dir='ltr'>Ep.</span> <span class='ocrx_word' id='word_1_428' title='bbox 1553 3029 1617 3068; x_wconf 86' lang='lat'>386</span> <span class='ocrx_word' id='word_1_429' title='bbox 1634 3028 1767 3060; x_wconf 85' lang='lat' dir='ltr'>introd.</span> 
     </span>
    </p>
   </div>
  </div>
 </body>
</html>
