2034 3433
172 177 272 232 856]
524 180 595 220 ΤΟ
630 179 966 228 WILLIBALD
1004 180 1413 222 PIRCKHEIMER
1684 185 1763 221 359

165 287 346 336 turpiter
374 287 528 326 seruire
554 287 682 326 vellet
714 289 975 338 quorundam
1004 288 1206 327 stultitiae
1235 301 1308 325 seu
1341 287 1479 336 potius
1511 285 1764 325 ambitioni?

168 365 266 390 cum
286 365 332 391 eo
351 353 542 392 videatur
563 353 731 403 ingenio
757 354 969 402 praeditus
984 356 1042 402 vt,
1065 354 1101 392 si
1120 366 1217 391 vero
1241 352 1394 391 iudicio
1418 351 1571 390 iustam
1597 364 1763 400 operam

168 416 436 466 adiunxisset,
458 419 568 457 inter
586 418 825 468 eloquentes
843 432 887 457 ac
907 419 1094 457 literatos
1113 418 1255 457 haberi
1274 417 1486 467 potuisset.
1538 417 1659 455 Nunc
1678 430 1762 455 non

170 483 252 522 alio
282 483 460 523 facinore
492 486 619 523 notus
647 486 710 523 est
742 485 823 523 nisi
858 485 967 534 quod
1002 483 1280 523 calumniatus
1313 485 1375 521 est
1408 481 1689 521 Reuchlinum
1721 485 1762 521 et
1782 496 1819 528 25

170 548 296 587 huius
334 549 498 597 amicos,
537 549 725 600 quodque
759 550 1020 600 quorundam
1054 549 1206 587 infanti
1239 548 1428 586 maliciae
1461 547 1761 586 mercenarium

166 613 339 664 ciboque
375 615 626 653 conductum
664 615 947 654 rhetorculum
984 614 1218 666 praebuisse
1248 614 1448 652 videatur.
1510 613 1680 662 Quoties
1717 613 1759 651 in

169 680 309 718 animo
328 679 409 718 fuit
430 680 652 718 admonere
672 681 719 718 R.
743 680 790 718 P.
812 681 1010 719 Iacobum
1031 680 1355 718 Hoechstratum
1384 692 1437 716 ne
1466 680 1527 717 tot
1555 691 1759 717 annorum

161 745 348 783 studium
373 746 417 783 in
444 746 631 784 rixosum
649 746 727 784 hoc
747 746 964 795 negocium
984 745 1209 792 collocaret,
1233 758 1336 783 neue
1365 757 1407 782 se
1436 744 1543 793 apud
1574 742 1759 782 eruditos

167 811 279 849 viros
313 812 402 850 suis
432 811 588 850 libellis
622 808 862 850 traduceret.
924 812 1036 859 Quos
1072 811 1212 861 legens
1245 810 1406 860 quoties
1439 809 1546 848 illud
1579 822 1755 857 mecum,
1779 823 1818 854 30

167 875 342 914 Vtinam
364 878 407 914 te
432 878 538 915 meis
562 877 724 915 videres
749 877 908 916 oculis!
952 877 1031 916 Sed
1057 889 1152 914 cum
1181 876 1351 914 homine
1380 875 1488 913 mihi
1516 875 1614 913 adeo
1642 874 1759 913 nulla

167 940 385 979 intercedit
413 941 670 980 familiaritas
698 945 744 981 vt
774 945 921 981 neuter
945 942 1064 981 alteri
1088 942 1332 990 conspectus
1361 940 1426 978 sit.
1485 940 1540 978 Et
1566 941 1758 989 expertus

162 1006 264 1045 noui
283 1020 407 1057 quam
428 1020 511 1046 non
533 1021 693 1058 semper
711 1009 901 1047 succedat
918 1009 1046 1046 etiam
1072 1008 1182 1045 inter
1200 1006 1354 1044 amicos
1379 1005 1547 1044 liberior
1571 1006 1756 1044 admoni-

160 1071 230 1110 tio.
290 1072 435 1122 Itaque
455 1073 625 1112 verebar
643 1082 697 1112 ne
716 1075 861 1113 sedulo
880 1074 1014 1112 famae
1034 1073 1164 1123 ipsius
1185 1072 1403 1124 consulens
1418 1071 1461 1108 in
1477 1070 1756 1120 suspicionem

161 1138 361 1184 venirem,
384 1140 502 1188 quasi
521 1140 744 1179 Reuchlini
764 1140 980 1190 negocium
998 1152 1190 1189 agerem:
1222 1139 1389 1187 quicum
1417 1136 1476 1175 sic
1500 1136 1606 1174 mihi
1631 1137 1756 1175 inter·
1774 1150 1812 1182 35

160 1202 270 1240 cedit
289 1204 559 1252 necessitudo,
582 1207 628 1243 vt
647 1218 670 1243 a
690 1218 811 1244 causa
829 1205 910 1243 sim
930 1205 1025 1254 plus
1045 1217 1170 1254 quam
1189 1202 1481 1241 alienissimus.

214 1268 322 1307 Sunt
342 1269 415 1319 qui
425 1271 663 1319 praedicent
683 1271 1009 1310 Hoechstratum
1034 1270 1219 1308 moribus
1247 1282 1336 1307 esse
1361 1281 1445 1306 non
1466 1268 1635 1306 omnino
1654 1268 1755 1306 inci-

158 1333 340 1382 uilibus;
366 1334 438 1373 alii
466 1348 584 1375 secus
613 1338 798 1375 narrant.
854 1336 942 1386 Ego
970 1348 1134 1385 semper
1166 1334 1274 1372 malo
1308 1333 1468 1372 credere
1496 1333 1599 1371 bene
1628 1346 1754 1383 quam

161 1399 269 1438 male
296 1400 638 1449 praedicantibus.
697 1402 854 1440 Tamen
873 1403 919 1439 vt
942 1401 1123 1450 ingenue
1141 1399 1271 1438 fatear
1292 1399 1400 1448 quod
1421 1411 1567 1437 verum
1588 1400 1660 1447 est,
1683 1398 1755 1436 vbi

157 1464 321 1503 libellos
348 1465 535 1504 hominis
563 1466 794 1516 degustaui,
826 1467 966 1505 minus
994 1466 1098 1504 bene
1126 1477 1252 1515 quam
1279 1466 1399 1502 antea
1421 1464 1471 1501 de
1500 1463 1574 1501 illo
1600 1464 1755 1501 sentire
1771 1475 1814 1507 40

158 1532 322 1569 coactus
337 1543 442 1579 sum,
460 1531 551 1581 ipsa
565 1531 757 1571 videlicet
775 1546 830 1571 re.
886 1531 1024 1570 Habet
1043 1531 1202 1570 sodales
1221 1530 1378 1580 aliquot
1398 1530 1469 1579 qui
1487 1529 1751 1579 applaudant,

158 1596 232 1646 qui
259 1596 506 1635 suffundant
534 1597 742 1647 frigidam,
768 1598 839 1648 qui
861 1598 989 1650 ιεῗ»γε’
1010 1597 1224 1641 accinant;
1260 1609 1309 1634 ex
1334 1597 1484 1633 horum
1508 1594 1574 1633 vel
1603 1595 1754 1634 iudicio

158 1662 225 1700 vel
244 1662 481 1700 adulatione
500 1663 630 1702 totius
651 1664 763 1702 orbis
782 1663 976 1703 aestimat
995 1662 1202 1712 suffragia.
1254 1661 1447 1700 Habebat
1468 1663 1508 1699 et
1528 1660 1595 1699 hic
1615 1661 1754 1700 suffra-

158 1728 328 1777 gatores,
348 1727 421 1766 sed
435 1728 506 1778 qui
520 1728 627 1767 clam
642 1742 686 1768 ac
705 1729 866 1768 technis
886 1742 974 1767 rem
988 1729 1155 1777 agerent
1170 1742 1179 1766 ε
1208 1727 1373 1766 etiamsi
1388 1740 1519 1776 nuper
1533 1729 1753 1777 coeperunt

156 1793 375 1843 perfricare
393 1794 541 1832 faciem
556 1795 710 1845 diuque
725 1796 902 1834 celatum
921 1794 1053 1834 animi
1071 1794 1265 1833 morbum
1284 1793 1465 1843 prodere.
1516 1792 1601 1831 Nec
1619 1793 1752 1831 adhuc
1770 1802 1811 1834 45

158 1872 262 1909 queo
281 1859 522 1903 subodorari
542 1874 646 1910 quae
666 1875 731 1900 res
751 1861 848 1900 illos
867 1861 966 1899 adeo
987 1862 1258 1908 commoueat,
1283 1859 1367 1897 nisi
1387 1859 1509 1908 quod,
1530 1860 1578 1896 vt
1606 1858 1749 1906 sentio,

154 1924 238 1963 sibi
260 1925 508 1963 stultissime
526 1929 831 1975 persuaserunt,
853 1927 889 1965 si
915 1926 1109 1965 meliores
1133 1925 1276 1963 literae
1302 1924 1459 1974 passim
1486 1923 1751 1971 efflorescant,

155 1990 214 2028 ita.
241 1991 289 2028 vt
317 1990 488 2038 faciunt,
520 1991 607 2029 fore
636 1994 682 2030 vt
711 1992 913 2031 autoritas
941 1992 1091 2030 horum
1122 1990 1193 2040 qui
1221 1992 1380 2040 praeter
1406 1991 1613 2027 recentem
1645 1989 1751 2027 hanc

156 2053 388 2093 doctrinam
409 2055 519 2093 nihil
538 2069 669 2106 neque
686 2057 918 2096 didicerunt
938 2070 1070 2106 neque
1085 2057 1264 2105 sperant,
1282 2067 1450 2104 prorsus
1469 2053 1746 2093 labefactetur.

156 2120 285 2159 Cuius
317 2120 419 2159 mali
447 2134 522 2160 nos
551 2122 634 2172 ipsi
663 2135 829 2161 causam
857 2122 995 2172 aliqua
1022 2135 1071 2160 ex
1104 2123 1218 2171 parte
1253 2121 1411 2167 damus,
1447 2120 1549 2158 dum
1582 2119 1750 2158 illorum
1769 2129 1810 2160 50

154 2184 294 2224 studia
312 2185 493 2224 nimium
512 2186 661 2225 acriter
680 2187 932 2226 insectamur
957 2189 997 2225 et
1017 2189 1158 2225 nostra
1176 2186 1227 2224 ad
1253 2185 1460 2223 inuidiam
1482 2197 1611 2233 vsque
1629 2185 1749 2224 iacta—

154 2263 262 2298 mus,
286 2250 469 2299 dumque
490 2250 586 2289 illos
606 2251 765 2290 imitari
783 2252 993 2290 malumus
1020 2252 1065 2289 in
1090 2252 1201 2289 malo
1228 2263 1352 2300 quam
1371 2250 1415 2287 in
1435 2249 1543 2288 bono
1561 2249 1750 2298 vincere;

153 2314 333 2365 dumque
351 2315 468 2364 prius
486 2316 548 2353 est
563 2316 812 2365 perpendere
833 2316 931 2366 quid
951 2315 1122 2354 illorum
1141 2317 1348 2353 mereatur
1362 2314 1606 2364 improbitas
1622 2327 1748 2363 quam

156 2380 255 2430 quid
275 2380 396 2418 nobis
416 2379 592 2430 dignum
612 2382 679 2419 sit.
738 2381 827 2431 Ego
855 2381 955 2420 locis
982 2381 1142 2431 aliquot
1170 2381 1329 2430 attingo
1357 2379 1572 2429 theologos
1601 2392 1749 2428 parum

152 2458 347 2494 synceros
368 2458 597 2496 parumque
614 2447 763 2496 dignos
782 2460 829 2485 eo
848 2447 984 2492 titulo,
1007 2446 1078 2485 sed
1099 2446 1242 2495 quales
1261 2445 1369 2494 apud
1387 2458 1465 2483 nos
1490 2444 1630 2483 nullos
1657 2458 1748 2484 esse
1766 2455 1806 2487 55

150 2510 361 2560 putabam.
411 2510 530 2549 Tales
545 2514 738 2562 expertus
753 2525 848 2550 sum
866 2512 1076 2562 quosdam,
1095 2514 1141 2550 vt
1157 2511 1314 2549 similes
1335 2523 1542 2560 nusquam
1557 2511 1747 2559 gentium

153 2588 243 2614 esse
263 2575 494 2614 crediturus
511 2576 663 2614 fuerim
684 2576 868 2616 lenones.
927 2577 1084 2615 Parum
1105 2576 1211 2614 mihi
1236 2574 1443 2624 propicius
1468 2574 1522 2612 sit
1542 2575 1745 2622 Christus,

151 2640 187 2680 si
221 2640 319 2691 quid
354 2642 545 2681 mentior.
606 2641 659 2680 In
693 2644 780 2680 tam
815 2642 1034 2681 virulentis
1066 2640 1350 2691 sycophantiis
1385 2639 1535 2689 quibus
1562 2639 1747 2690 vndique

151 2706 314 2755 tundor,
344 2706 535 2745 consolor
559 2720 626 2746 me
652 2707 836 2757 primum
862 2707 1110 2746 conscientia
1137 2706 1263 2753 recti3
1292 2705 1439 2744 deinde
1468 2705 1745 2754 complurium

150 2771 316 2817 iudicio,
346 2785 450 2822 quos
480 2785 604 2811 nemo
632 2786 718 2812 non
746 2774 899 2812 fatetur
932 2775 974 2811 et
1002 2773 1090 2810 vita
1122 2784 1266 2822 graues
1301 2773 1342 2809 et
1371 2770 1604 2808 eruditione
1635 2783 1746 2820 prae·
1763 2773 1806 2806 60

150 2836 344 2876 cellentes
364 2839 407 2875 et
426 2837 579 2876 iudicio
598 2837 802 2888 exquisito
822 2838 1041 2888 praeditos.

205 2902 373 2941 Nouum
401 2902 717 2941 Testamentum
743 2917 887 2942 rursus
908 2904 1108 2942 nouatum
1128 2901 1257 2939 exibit
1278 2900 1420 2938 breui:
1450 2891 1551 2938 satis
1569 2900 1747 2939 elabora-

412 3037 465 3068 28.
490 3037 530 3070 R.
549 3038 586 3069 P.
603 3048 662 3069 om.
681 3040 722 3069 H.
855 3048 908 3077 31.
932 3038 1079 3069 homine
1095 3040 1124 3067 E
1140 3039 1252 3075 Cor-riq.
1270 3047 1277 3067 ε
1298 3035 1426 3066 horum
1444 3037 1481 3065 E.
