2034 3433
338 169 419 207 534
809 165 1063 205 LETTERS
1101 164 1171 203 OF
1209 164 1475 203 ERASMUS
1821 160 1859 216 [1
1869 174 1890 211 5
1901 176 1914 200 1
1923 177 1946 212 9

338 285 489 323 precor.
537 270 809 311 Academiam
830 269 978 307 multis
997 267 1242 306 nominibus
1259 267 1466 306 celebrem
1488 267 1635 305 reddes
1654 267 1860 307 industria
1874 270 1947 308 tua

280 356 317 387 15
337 338 616 377 celebriorem.
667 335 747 375 Sed
762 348 844 385 quo
863 333 1040 372 alacrius
1054 333 1229 372 verseris
1248 333 1294 370 in
1314 332 1395 371 isto
1415 345 1601 380 munere,
1619 332 1682 371 fac
1702 332 1947 373 memineris

337 403 567 442 secundum
604 400 816 452 principes
853 402 894 438 et
932 398 1147 448 episcopos
1194 398 1409 436 neminem
1451 397 1789 447 magnificentius
1825 411 1946 447 posse

337 464 489 506 mereri
509 466 558 505 de
578 466 790 516 republica
806 478 932 515 quam
951 463 1042 503 ludi
1059 462 1237 502 literarii
1257 462 1508 513 magistrum
1525 476 1534 510 ;
1564 461 1600 500 si
1618 461 1793 501 rudibus
1810 463 1946 502 adhuc

336 536 375 572 et
398 534 443 571 in
464 533 656 583 quemuis
683 531 879 570 habitum
908 529 1155 580 sequacibus
1183 529 1336 568 animis
1364 529 1552 566 mentem
1580 528 1756 567 instillet
1778 528 1948 567 Christo

336 599 517 648 dignam,
536 611 687 648 easque
705 597 850 635 literas
865 609 969 646 quae
989 608 1151 645 semper
1170 594 1331 645 optimo
1350 594 1497 644 cuique
1517 594 1773 643 placuerunt.
1826 594 1946 643 Quod

278 682 316 702 20
335 664 371 702 si
400 677 469 702 me
497 664 651 712 audies,
674 662 771 712 plus
796 674 945 711 operae
973 673 1117 699 sumes
1141 659 1187 697 in
1213 658 1492 709 propagandis
1517 659 1688 709 optimis
1713 659 1946 710 disciplinis

337 742 461 779 quam
490 729 535 767 in
564 727 803 766 refellendis
829 727 980 765 harum
1009 725 1211 764 hostibus.
1271 725 1339 763 Ad
1370 724 1526 763 claram
1549 724 1688 764 lucem
1706 725 1775 764 vel
1801 727 1947 775 suapte

333 796 483 844 sponte
503 795 755 833 euaneseunt
774 791 1042 830 tenebrarum
1061 792 1263 840 portenta.
1314 789 1546 838 Eobanum,
1564 789 1656 828 aeui
1671 791 1806 829 nostri
1822 790 1946 829 Naso-

334 874 433 900 nem
448 861 519 899 sed
535 862 696 899 castum
717 872 762 897 ac
781 859 911 909 pium,
931 857 1037 896 meis
1051 857 1189 895 verbis
1208 856 1408 895 salutabis
1425 856 1660 906 diligenter.
1705 857 1822 894 Bene
1836 857 1942 904 vale,

334 926 621 966 cordatissime
642 925 785 965 Corde.
846 923 1038 962 Louanii.
1097 922 1224 961 Anno
1244 935 1426 961 M.D.X1X.
1486 934 1553 960 xv.
1579 921 1746 960 Calend.
1771 922 1913 960 Maias.

844 1057 940 1096 942.
1001 1053 1066 1095 To
1096 1053 1225 1095 JOHN
1257 1053 1433 1096 DRACO.

383 1115 547 1161 Farrago
566 1128 601 1160 p.
625 1124 703 1150 121.
1660 1111 1839 1147 Louvain.

381 1174 422 1211 F.
442 1186 477 1219 p.
497 1183 588 1219 275:
617 1173 708 1209 HN:
735 1172 855 1207 Lond.
873 1183 905 1205 v.
927 1182 993 1215 29:
1020 1170 1093 1205 LB.
1114 1171 1196 1214 406.
1604 1172 1645 1205 18
1663 1170 1772 1215 April
1795 1179 1895 1216 1519.

379 1249 455 1291 [Dr.
479 1250 603 1280 Bruno
627 1249 799 1279 Claussen
823 1248 862 1278 of
882 1247 1033 1278 Rostock
1058 1247 1124 1278 has
1148 1246 1277 1286 kindly
1300 1246 1452 1286 brought
1472 1248 1509 1277 to
1529 1255 1591 1286 my
1608 1247 1727 1277 notice
1743 1256 1764 1277 a
1781 1247 1858 1277 xvi⁰
1874 1256 1942 1277 ms.

332 1303 426 1367 ‘ffpys
438 1294 562 1368 ‘'31¹¹ss
577 1293 781 1367 ¹532&ss
795 1290 1192 1366 {fftssffffirssfffsssffiss'
1208 1293 1376 1365 ffiffle'
1388 1290 1568 1375 ἶῗῗῗὲὲῗ·
1585 1289 1942 1365 Ἒὲἷίἷέἶῗὲῗὲαᾏὶἱᾶ

333 1361 375 1412 in·
390 1349 414 1413 iz.
428 1360 472 1420 ἕο
482 1347 682 1421 ἳῂοειηξρθὲῐε
697 1381 734 1410 to
749 1380 840 1410 have
857 1358 1070 1410 beenomade
1088 1345 1264 1410 fromyone
1281 1378 1320 1408 of
1332 1344 1396 1409 tiie
1413 1357 1572 1409 editions
1588 1377 1707 1408 before
1724 1378 1755 1408 N
1769 1389 1778 1417 3
1799 1378 1864 1409 but
1880 1343 1945 1410 th&

334 1425 497 1456 variants
513 1434 572 1455 are
587 1434 686 1455 mere
702 1423 942 1454 inaccuracies
958 1422 1029 1453 and
1048 1422 1138 1453 need
1155 1432 1201 1453 no
1218 1422 1350 1454 notice.

377 1469 446 1500 For
461 1469 577 1499 Draco
596 1478 655 1499 see
673 1478 705 1507 p.
723 1466 817 1508 406.]

512 1554 719 1585 ERASMVS
751 1553 1087 1584 ROTERODAMVS
1118 1553 1280 1584 IOANNI
1313 1553 1515 1584 DRACONI
1548 1552 1642 1583 SVO
1662 1553 1695 1582 S.
1719 1553 1762 1583 D.

386 1631 572 1670 LAvaM
591 1644 781 1670 mearum
801 1629 1041 1668 encomium
1062 1629 1369 1678 decantaturus,
1395 1631 1436 1667 et
1456 1629 1545 1667 stili
1564 1628 1733 1667 veniam
1756 1628 1946 1679 postulas

331 1698 373 1735 et
391 1697 648 1735 adulationis
667 1696 948 1746 suspicionem
969 1695 1207 1745 deprecaris.
1260 1695 1364 1734 Mihi
1383 1709 1480 1733 vero
1499 1695 1729 1745 perplacuit
1749 1694 1945 1734 dictionis

332 1763 471 1801 fluxus
491 1764 533 1800 et
551 1761 795 1812 perspicuus
813 1763 855 1799 et
871 1760 1017 1809 facilis,
1034 1761 1284 1811 praesertim
1303 1761 1348 1799 in
1369 1761 1543 1799 iuuene:
1573 1773 1678 1810 quae
1701 1773 1766 1799 res
1785 1760 1883 1798 facit
1897 1762 1945 1800 vt

332 1829 440 1867 mihi
459 1829 568 1867 dete
588 1841 726 1867 raram
747 1828 959 1877 quandam
987 1827 1271 1877 eloquentiam
1300 1827 1504 1876 pollicear.
1566 1826 1696 1864 Porro
1720 1826 1831 1864 nihil
1856 1839 1944 1865 esse

295 1914 312 1944 5
332 1907 477 1941 causae
504 1894 624 1933 video
653 1907 727 1931 cur
756 1893 862 1931 mihi
892 1894 1113 1945 quisquam
1143 1893 1208 1932 vel
1239 1892 1428 1931 inuideat
1457 1892 1524 1930 vel
1558 1892 1763 1931 aduletur.
1825 1892 1943 1941 Quod

331 1959 446 1997 enim
471 1959 661 1997 futurum
682 1959 738 1997 sit
757 1958 1012 1999 adulationis
1038 1959 1305 2010 praemium?
1362 1958 1609 2008 Quanquam
1636 1959 1775 1996 autem
1802 1957 1945 1997 istius-

332 2026 446 2064 modi
474 2025 625 2073 laudes,
649 2038 749 2076 quas
778 2025 886 2064 mihi
905 2026 1167 2076 quorundam
1190 2025 1260 2064 vel
1287 2024 1476 2064 studium
1501 2023 1566 2063 vel
1596 2025 1750 2063 candor
1778 2024 1940 2074 tribuit,

331 2104 419 2129 non
438 2091 524 2129 leui
543 2104 611 2129 me
633 2093 808 2129 onerant
829 2090 1000 2139 inuidia,
1020 2093 1162 2129 tamen
1182 2103 1367 2129 amorem
1388 2090 1498 2128 vnde
1518 2090 1839 2140 proficiscuntur
1857 2104 1945 2129 non

330 2169 501 2206 possum
528 2156 701 2196 omnino
728 2156 907 2195 reiicere.
967 2157 1109 2206 Atque
1128 2156 1293 2195 vtinam
1318 2156 1459 2206 aliqua
1478 2168 1528 2193 ex
1551 2157 1668 2206 parte
1687 2168 1786 2194 vera
1804 2157 1944 2194 essent

275 2240 313 2261 10
331 2235 433 2273 quae
453 2224 499 2261 tu
519 2223 736 2261 commoda
755 2235 898 2261 narras
923 2236 974 2261 ex
1000 2222 1108 2261 meis
1133 2222 1300 2273 scriptis
1320 2222 1411 2260 orbi
1429 2223 1669 2262 Christiano
1695 2222 1944 2272 contigisse!

331 2287 441 2327 Nam
471 2289 564 2338 quis
597 2302 671 2339 ego
705 2302 800 2328 sum
828 2291 875 2328 vt
908 2302 1106 2340 magnam
1143 2289 1327 2340 aliquam
1355 2289 1581 2328 vtilitatem
1616 2289 1706 2328 orbi
1736 2291 1944 2340 praestare

331 2356 515 2404 queam?
553 2354 718 2393 etiamsi
743 2357 916 2394 conatus
938 2368 1033 2393 sum
1059 2368 1203 2393 meum
1223 2355 1643 2406 quantulumcunque
1663 2356 1870 2395 talentum
1896 2355 1943 2394 in

330 2418 505 2458 Domini
530 2420 614 2458 mei
639 2420 804 2459 lucrum
831 2420 1081 2470 impendere.
1141 2420 1186 2459 Si
1213 2433 1427 2459 successus
1452 2421 1597 2469 defuit,
1620 2421 1814 2460 voluntas
1832 2422 1942 2460 bona

331 2498 416 2523 non
436 2485 580 2524 defuit.
641 2486 819 2534 Quidam
846 2486 976 2524 nimis
997 2486 1135 2525 odiose
1162 2485 1403 2535 reclamant,
1424 2485 1498 2524 alii
1525 2499 1692 2524 rursum
1718 2486 1941 2525 immodice

273 2567 310 2599 15
329 2550 507 2600 Probant
526 2566 535 2590 :
564 2550 735 2590 illorum
751 2551 982 2590 virulentas
1002 2551 1323 2590 obtrectationes
1338 2564 1423 2589 non
1440 2565 1611 2600 mereor,
1630 2551 1781 2590 horum
1796 2551 1942 2590 laudes

332 2628 417 2654 non
434 2629 623 2665 agnosco.
664 2616 753 2667 Ego
766 2617 937 2655 interim
954 2631 1021 2656 me
1034 2630 1126 2655 meo
1139 2617 1318 2656 metiens
1333 2617 1435 2666 pede
1449 2630 1583 2664 neque
1596 2630 1733 2656 cresco
1745 2617 1942 2656 laudibus

331 2680 559 2732 plausuque
577 2682 822 2729 fauentium,
843 2696 919 2720 nec
936 2682 1110 2722 omnino
1125 2682 1294 2721 deiicior
1308 2682 1581 2732 peruersitate
1597 2682 1941 2730 obtrectantium
1961 2732 1964 2735 ι

332 2746 551 2785 consolans
574 2747 745 2785 interim
771 2747 981 2798 meipsum
1007 2748 1108 2787 recti
1135 2747 1400 2793 conscientia,
1419 2761 1465 2786 ac
1485 2747 1728 2798 vigiliarum
1752 2761 1940 2787 mearum

332 2811 563 2859 praemium
584 2826 608 2850 a
628 2811 795 2851 Christo
813 2815 1045 2863 expectans,
1067 2814 1105 2852 si
1122 2826 1273 2863 parum
1297 2813 1405 2863 grati
1424 2815 1525 2852 sunt
1543 2813 1745 2852 homines.
1805 2814 1945 2867 Quanf

275 2892 315 2913 20
333 2889 459 2926 quam
487 2877 607 2916 video
639 2891 753 2917 meos
781 2881 958 2918 conatus
985 2879 1145 2930 optimo
1173 2878 1322 2928 cuique
1349 2878 1515 2929 probari
1529 2893 1540 2927 ;
1579 2881 1681 2917 ἀλλὰ
1708 2880 1878 2920 πλείονες
1906 2880 1942 2917 οἱ

335 2941 452 2979 ΚαΚΟί.

370 3008 455 3060 Ϋ974Ἲ2.
486 3038 534 3067 13.
562 3011 745 3070 voluntas]
760 3031 813 3062 Cf.
825 3031 887 3061 Ov.
905 3033 992 3062 Pont.
1008 3041 1038 3070 3.
1054 3042 1084 3069 4.
1099 3040 1149 3070 79.
1245 3032 1295 3062 16.
1322 3031 1493 3073 metiens]
1511 3032 1562 3063 Cf.
1576 3032 1663 3063 Hor.
1684 3035 1741 3070 Ep.
1761 3041 1789 3063 1.
1806 3042 1835 3071 7.
1848 3032 1902 3071 98.
