2034 3433
252 460 293 489 40

312 141 392 179 448
775 136 1026 177 LETTERS
1065 137 1134 176 OF
1172 136 1437 176 ERASMUS
1781 134 1904 188 [1518

311 244 540 283 semiuiuus
561 245 801 293 deportatus
821 242 902 280 sim
923 240 1181 279 Louanium:
1212 240 1300 278 siue
1325 240 1367 278 id
1389 239 1491 278 mali
1516 239 1653 277 ventis
1675 239 1813 285 debeo,
1834 241 1905 290 qui

312 313 403 348 tum
440 307 773 360 pestilentissimi
810 306 961 356 pariter
993 319 1039 344 ac
1072 305 1430 344 vehementissimi
1460 304 1627 350 flabant,
1669 304 1760 342 siue
1792 317 1905 344 meae

312 375 527 422 stulticiae,
560 373 632 423 qui
662 386 735 423 per
764 371 947 410 mediam
977 371 1194 410 Coloniam
1227 372 1374 410 vrbem
1407 370 1450 408 id
1486 369 1686 419 temporis
1722 369 1905 420 vndique

312 441 518 478 funestam
542 452 668 477 ausus
687 438 768 476 sim
788 438 866 475 iter
883 438 1025 475 facere.
1088 436 1319 486 Chirurgus
1343 448 1452 474 vnus
1477 436 1599 484 atque
1622 434 1727 472 alter
1750 437 1905 483 pestem

311 519 399 543 esse
429 503 722 543 confirmabat:
763 504 846 541 tres
880 501 1152 540 carbunculos
1186 501 1386 540 excidisse
1420 513 1569 550 negare
1604 513 1688 537 non
1721 512 1903 550 possum.

312 571 416 609 Mihi
452 583 526 607 nec
565 572 773 619 aegrotare
816 568 952 616 libuit,
994 581 1069 606 nec
1113 569 1273 616 pestem
1319 566 1502 614 credidi3
1550 567 1590 603 et
1628 565 1786 615 profuit
1825 578 1907 603 non

312 635 541 674 credidisse.
615 635 694 674 Sed
732 634 943 673 reualesco
981 633 1224 672 fauentibus
1265 633 1452 683 superis3
1504 633 1546 670 at
1585 631 1759 669 interim
1801 630 1907 669 male

311 701 577 751 precantibus
596 700 646 739 iis
666 700 817 751 quibus
833 699 944 738 dolet
963 699 1209 738 efflorescere
1223 699 1381 748 passim
1402 697 1573 736 rectiora
1588 696 1735 734 studia.
1796 695 1907 734 Bene

278 787 290 804 ;
311 767 412 806 vale.
475 766 663 804 Louanii.
727 765 787 803 Id.
812 764 1006 803 Decemb.
1027 766 1164 802 Anno.
1188 776 1405 802 M.D.XV111.

646 888 709 920 sm,
735 888 931 942 896906915
990 888 1054 929 ΤΟ
1086 886 1303 927 ἯΙηῙΑΜ
1335 886 1568 927 BUDAEUS.

360 968 521 1013 Farrago
541 980 575 1013 p.
596 978 651 1010 24.
1577 965 1754 1002 Louvain.

359 1027 398 1062 F.
417 1039 453 1071 p.
474 1028 561 1071 189:
590 1025 681 1060 HN:
709 1026 825 1062 Lond.
844 1025 898 1060 iii.
920 1034 983 1071 55:
1009 1025 1080 1060 LB.
1100 1027 1178 1070 285.
1472 1035 1517 1059 22
1535 1024 1739 1060 December
1760 1028 1860 1069 1518.

369 1123 572 1153 ERASMVS
604 1123 948 1162 ROTERODAMVS,
981 1124 1020 1153 G.
1054 1123 1223 1152 BVDAEI
1253 1122 1507 1152 PERPETVVS
1537 1122 1672 1152 VELIT
1703 1123 1839 1153 NOLIT

512 1192 693 1232 AMICVS,
724 1192 814 1222 NON
847 1191 1057 1221 VLTIMAM
1090 1191 1174 1221 SED
1205 1191 1347 1221 IVGEM
1379 1190 1435 1222 AC
1466 1191 1709 1221 PERENNEM

859 1261 952 1290 ILLI
985 1260 1110 1291 DICIT
1142 1260 1359 1290 SALVTEM.

366 1341 474 1379 Pos'r
504 1340 769 1390 iurgatricem
799 1340 918 1380 illam
948 1340 1169 1390 epistolam
1193 1354 1296 1391 quae
1314 1340 1500 1379 Basileae
1519 1340 1598 1378 fuit
1621 1339 1790 1387 reddita,
1818 1353 1907 1378 ecce

313 1406 363 1444 de
393 1406 555 1456 integro
582 1406 688 1444 mihi
717 1406 833 1445 adest
858 1406 930 1444 abs
959 1408 1000 1444 te
1028 1406 1186 1444 fecialis
1215 1419 1311 1444 cum
1340 1408 1456 1455 patre
1481 1407 1654 1455 patrato,
1679 1405 1750 1455 qui
1778 1405 1905 1444 solen-

314 1471 423 1510 niter
451 1485 497 1510 ac
526 1471 663 1520 palam
693 1471 843 1509 veteris
873 1471 1078 1510 amicitiae
1110 1470 1254 1509 foedus
1282 1471 1526 1509 renuncient
1554 1472 1596 1509 et
1623 1470 1669 1508 in
1697 1473 1907 1520 posterum

313 1537 500 1575 ἄσπονδον
541 1537 709 1585 πόλεμον
755 1535 1023 1574 denuncient.
1106 1535 1302 1574 Primum
1344 1535 1534 1574 omnium
1576 1534 1760 1584 gratulor
1811 1536 1906 1573 tuae

278 1615 294 1643 5
313 1601 515 1649 felicitati,
552 1601 611 1639 mi
644 1601 821 1648 Budaee,
857 1601 922 1639 cui
961 1603 1053 1638 tum
1085 1602 1201 1638 vacet
1238 1602 1329 1638 tum
1366 1600 1492 1639 libeat
1528 1599 1579 1639 ad
1617 1600 1743 1638 istum
1782 1600 1906 1638 iocari

258 1947 294 1967 10

313 1667 514 1705 modum:
543 1666 750 1715 siquidem
781 1679 827 1704 ea
865 1679 932 1704 res
960 1665 1068 1703 mihi
1102 1665 1201 1703 satis
1234 1667 1296 1704 est
1334 1666 1579 1714 argumento
1617 1664 1808 1712 amicum,
1841 1665 1906 1702 cui

313 1732 495 1780 profecto
517 1732 656 1769 omnia
676 1730 780 1769 laeta
801 1731 929 1780 cupio,
954 1744 1037 1768 non
1062 1730 1197 1768 solum
1217 1743 1410 1780 prospere
1428 1730 1701 1769 verumetiam
1719 1729 1908 1768 alacriter

313 1809 357 1834 ac
384 1796 566 1847 suauiter
593 1809 721 1845 agere.
784 1795 966 1833 Proinde
994 1795 1091 1833 licet
1118 1795 1205 1844 ipse
1234 1797 1322 1833 toto
1351 1795 1427 1833 hoc
1458 1796 1707 1844 sesquianno
1735 1795 1780 1832 in
1807 1795 1907 1833 eius-

312 1860 426 1899 modi
455 1861 688 1899 studiorum
720 1874 869 1909 genere
899 1861 979 1899 sim
1008 1862 1210 1908 versatus,
1229 1862 1275 1898 vt
1303 1860 1419 1898 oneri
1447 1860 1615 1898 ferendo
1642 1873 1717 1898 nec
1741 1873 1907 1909 corpore

313 1939 386 1964 nec
424 1925 564 1964 animo
605 1939 677 1975 par
714 1925 1146 1975 essem—praesertim
1184 1938 1279 1963 cum
1316 1925 1359 1962 id
1395 1925 1599 1964 accederet
1636 1925 1683 1964 ad
1725 1925 1907 1964 sarcinae

314 1990 558 2038 molestiam,
581 1991 686 2040 quod
706 1990 982 2040 intelligerem
1003 1990 1075 2028 illa
1095 1990 1286 2029 desudari
1309 1990 1392 2028 fere
1416 1991 1591 2040 ingratis
1610 1992 1651 2028 et
1669 1990 1881 2040 iniquis—
1899 2005 1906 2035 ;

313 2056 462 2094 deinde
482 2058 545 2094 tot
565 2056 722 2094 morbis
746 2056 954 2094 atrocibus
980 2056 1156 2095 subinde
1181 2069 1247 2094 me
1274 2055 1568 2105 repetentibus,
1593 2057 1656 2094 tot
1677 2055 1773 2094 aliis
1800 2055 1907 2093 curis

312 2124 432 2171 atque
466 2121 740 2160 incommodis
774 2135 859 2160 non
897 2121 964 2160 hic
1002 2122 1386 2169 commemorandis,
1419 2135 1487 2159 me
1524 2135 1642 2160 meus
1680 2122 1905 2160 exercuerit

313 2187 456 2235 genius
476 2186 613 2224 malus
632 2186 745 2235 (nam
767 2186 1013 2233 Louanium,
1036 2201 1116 2236 quo
1136 2188 1182 2225 tu
1213 2187 1379 2226 saluum
1403 2200 1471 2225 me
1496 2178 1901 2236 redisse'gratularis.

280 2271 293 2299 ἦ
314 2251 383 2288 vix
412 2251 641 2289 semiuiuus
670 2252 908 2300 deportatus
937 2253 1057 2301 sum),
1083 2255 1224 2291 tamen
1249 2252 1474 2290 festiuitate
1496 2252 1714 2290 literarum
1737 2255 1905 2291 tuarum

313 2318 438 2354 etiam
455 2317 498 2354 in
515 2317 665 2355 mediis
676 2317 882 2355 malorum
898 2318 1090 2367 procellis
1105 2331 1200 2356 sum
1214 2317 1470 2356 exhilaratus
1484 2319 1554 2356 aut
1569 2319 1677 2356 certe
1693 2316 1902 2355 delinitus.

314 2381 489 2419 Etiamsi
519 2381 685 2420 referire
714 2382 823 2421 iocos
849 2385 944 2421 tuos
972 2395 1017 2421 ac
1046 2382 1178 2422 veluti
1205 2382 1402 2431 retaliare‚
1429 2385 1476 2421 vt
1502 2383 1679 2421 maxime
1701 2382 1901 2421 libuisset.

313 2448 420 2484 certe
450 2459 525 2484 nec
557 2446 704 2485 licebat
739 2460 813 2485 nec
846 2447 1041 2495 vacabat3
1072 2460 1309 2497 quanquam
1341 2461 1392 2485 ne
1423 2447 1556 2486 adhuc
1595 2447 1763 2497 quidem
1796 2447 1853 2486 sic
1883 2461 1902 2484 a

314 2511 456 2549 morbo
486 2511 690 2560 conualui,
721 2514 767 2549 vt
795 2512 863 2550 vel
891 2512 999 2550 mihi
1027 2512 1127 2550 satis
1155 2512 1340 2561 placeam
1368 2512 1434 2551 vel
1473 2511 1788 2551 amicis—tanta
1819 2515 1903 2551 erat

259 2596 270 2615 2
314 2575 449 2613 morbi
486 2576 578 2614 vis:
626 2576 708 2615 nisi
746 2577 869 2615 malis
908 2577 985 2615 hoc
1023 2577 1123 2616 mali
1161 2577 1371 2616 laboribus
1412 2577 1648 2616 immodicis
1688 2577 1901 2627 imputare.

314 2640 499 2678 Tandem
528 2640 657 2689 igitur
690 2641 889 2680 ambabus
922 2642 1006 2680 tuis
1035 2641 1230 2692 epistolis,
1262 2642 1346 2679 imo
1374 2642 1670 2690 voluminibus,
1700 2642 1822 2681 vnica
1850 2655 1904 2681 re-

314 2704 543 2753 spondebo:
573 2706 682 2755 quod
705 2708 846 2745 tamen
873 2720 957 2744 non
983 2707 1095 2756 prius
1119 2706 1264 2745 faciam
1290 2720 1413 2757 quam
1436 2707 1542 2746 illud
1567 2707 1754 2746 adhibita
1778 2707 1904 2757 stipu-

314 2769 466 2807 latione
491 2770 710 2820 impetrem
740 2771 814 2809 abs
843 2773 893 2818 te,
917 2774 961 2810 vt
991 2771 1097 2810 mihi
1123 2771 1247 2809 fidem
1271 2771 1421 2810 habeas
1449 2785 1516 2810 me
1540 2772 1903 2822 persuasissimum

314 2910 340 2936 F
355 2866 500 2937 5⁹05.f37.
529 2866 613 2940 111311Ῑί
632 2870 681 2898 E:
707 2867 810 2899 malis
826 2871 853 2898 F
870 2871 981 2906 Corn-iq.
1111 2878 1161 2906 40.
1190 2867 1282 2899 ENS:
1308 2878 1387 2899 sum
1404 2868 1459 2900 N‘2.
1587 2868 1661 2900 906.
1682 2879 1729 2908 17.
1758 2869 1902 2899 referirv

326 2928 337 2936 A
357 2919 363 2937 ἶ
387 2918 423 2937 ΥΘ
442 2919 517 2938 ‘31⁸1'st
563 2934 569 2940 .

442 2967 815 3029 ὖο5,40.1”1111ρεΐῡ111]
832 2988 884 3019 Cf.
902 2988 966 3027 Ep.
988 2988 1061 3019 866.
1079 2998 1130 3027 34.
1235 2988 1309 3019 906.
1340 2998 1366 3019 1.
1395 2989 1598 3030 epistolam]
1618 2989 1680 3029 Ep.
1697 2989 1769 3019 810.
