2034 3433
183 154 279 208 694]
530 157 600 196 TO
636 157 973 197 WILLIBALD
1012 157 1418 197 PIRCKHEIMER
1692 161 1710 198 1
1720 160 1767 198 19

179 261 250 299 ille
269 262 442 310 affectat,
456 261 492 300 si
511 262 699 300 omnium
719 262 975 300 eruditorum
990 260 1109 299 libris
1124 273 1366 311 quocunque
1387 262 1508 301 modo
1529 262 1768 302 decantetur

178 327 287 375 apud
318 329 511 377 posteros.
573 326 639 365 Sic
669 339 766 365 sane
794 327 923 376 agitat
953 326 1106 376 ὄλεθρος
1133 326 1284 364 οὑτοσίε
1318 325 1383 364 ‘Si
1409 327 1550 376 paucis
1578 328 1698 366 bonis
1720 341 1766 367 ac
1785 345 1826 376 90

178 384 311 430 doctis
330 405 397 430 ero
416 391 597 438 infamis,
619 391 727 429 mihi
747 393 809 430 sat
830 393 892 430 est
912 392 1020 441 quod
1042 391 1188 430 maiori
1207 391 1428 430 hominum
1448 391 1555 441 parti
1568 392 1762 442 placeam.

179 455 297 504 Quod
335 457 372 496 si
410 456 582 495 detectis
619 456 781 495 technis
818 470 863 495 ac
896 457 1129 507 praestigiis
1167 455 1370 507 euulgatis
1405 458 1513 507 apud
1553 459 1766 497 vniuersos

178 520 435 560 Christianos
473 521 572 559 fiam
609 521 856 569 execrabilis,
893 521 1166 560 certissimam
1204 521 1378 571 gloriam
1417 522 1621 572 adipiscar
1657 524 1764 573 apud

178 598 293 624 meos
326 586 522 632 Iudaeos;
553 586 624 635 qui
658 588 750 625 tum
782 586 1034 625 intellecturi
1064 589 1162 625 sunt
1184 587 1292 636 quod
1322 599 1408 624 non
1433 586 1601 626 inimico
1626 588 1765 626 animo

176 649 227 688 ab
259 650 318 688 eis
349 650 595 690 defecerim.’
652 651 787 701 Igitur
810 651 960 690 eruditi
986 665 1069 690 non
1098 651 1234 690 solum
1264 652 1440 701 turpiter
1466 665 1612 691 verum
1638 653 1764 692 etiam
1783 666 1822 697 95

176 714 355 754 inaniter
383 718 525 755 contra
553 717 665 754 hunc
694 717 1028 767 congrediuntur,
1058 730 1081 755 a
1110 730 1190 766 quo
1220 719 1378 766 praeter
1404 717 1622 756 infamiam
1657 718 1765 757 nihil

176 782 349 829 possunt
383 781 632 829 contrahere,
664 781 753 820 siue
781 782 952 820 vincant
980 782 1069 819 siue
1097 781 1327 820 vincantur.
1396 780 1587 821 Carnifex
1615 782 1765 833 aliquis

176 845 325 884 melius
352 845 476 885 istam
504 849 734 896 compescat
763 847 929 885 rabiem.
991 846 1042 884 Id
1072 859 1210 884 curare
1234 846 1518 896 episcoporum
1544 850 1615 886 est.
1689 849 1765 887 Est

175 909 391 949 iustissimi
432 910 615 949 Caesaris
656 911 952 950 Maximiliani:
995 914 1055 949 est
1088 910 1407 959 magistratuum
1440 911 1619 962 inclytae
1650 913 1765 952 vrbis

174 974 439 1025 Agrippinae,
473 989 557 1014 non
596 977 734 1015 fouere
773 976 959 1026 viperam
992 978 1079 1014 tam
1114 975 1365 1014 virulentam
1402 975 1447 1014 in
1485 977 1763 1016 certissimum

174 1040 431 1079 Christianae
451 1041 663 1091 religionis
682 1041 866 1089 exitium,
889 1041 972 1079 nisi
991 1043 1156 1090 paretur
1175 1040 1386 1079 antidotus
1405 1041 1479 1079 tali
1499 1042 1622 1092 digna
1641 1042 1761 1081 malo.

174 1107 312 1156 Atque
332 1106 430 1145 haec
450 1106 628 1145 dixerim
656 1106 771 1145 nullo
792 1105 960 1156 quidem
986 1105 1149 1155 priuato
1167 1105 1379 1144 stomacho
1397 1120 1406 1153 ;
1437 1106 1543 1144 nihil
1563 1107 1675 1145 enim
1696 1120 1762 1145 me

174 1170 292 1210 laesit
314 1185 507 1221 vnquam,
529 1174 600 1210 aut
621 1172 656 1211 si
676 1171 775 1222 quid
796 1172 840 1210 in
860 1185 926 1210 me
946 1170 1178 1217 blaterauit,
1199 1170 1307 1209 nihil
1327 1183 1394 1208 me
1413 1173 1566 1219 mouet,
1585 1174 1625 1210 et
1643 1185 1763 1211 causa

174 1249 225 1274 ne
255 1236 470 1275 tantillum
501 1237 669 1287 quidem
700 1237 749 1275 ad
779 1250 846 1275 me
875 1235 1077 1286 pertinet:
1106 1235 1177 1274 sed
1203 1237 1343 1274 tamen
1369 1236 1480 1274 dolet
1503 1238 1762 1276 concordiam

172 1300 305 1350 plebis
333 1302 590 1341 Christianae
613 1302 669 1340 sic
693 1301 864 1352 indigne
891 1301 1111 1340 discissum
1139 1300 1191 1338 iri
1217 1300 1341 1339 vnius
1364 1301 1479 1350 verpi
1499 1302 1702 1351 prophani
1722 1304 1762 1341 et

172 1367 328 1406 indocti
346 1367 587 1417 praestigiis,
607 1368 732 1418 idque
752 1368 920 1406 illorum
940 1365 1106 1406 auxiliis
1125 1365 1196 1415 qui
1215 1378 1256 1403 se
1277 1365 1534 1405 Christianae
1551 1367 1763 1418 religionis

171 1431 380 1470 columina
397 1432 658 1481 profitentur.

224 1497 304 1536 Sed
325 1497 437 1535 hisce
458 1497 507 1535 de
527 1498 650 1537 rebus
669 1497 767 1536 satis
781 1500 879 1536 esto.
938 1497 1000 1535 Ne
1016 1496 1123 1535 nihil
1143 1495 1450 1546 reprehendam,
1469 1498 1529 1535 mi
1544 1496 1758 1544 Bilibalde,

171 1562 214 1599 in
233 1564 307 1600 tuo
325 1561 468 1601 libello
496 1562 682 1613 alioquin
709 1562 955 1609 doctissimo,
980 1561 1087 1600 mihi
1106 1574 1190 1599 non
1214 1561 1440 1600 admodum
1464 1562 1671 1612 catalogus
1691 1561 1760 1600 ille

170 1626 401 1666 Reuchlino
430 1627 663 1666 fauentium
691 1627 901 1678 probatur.
969 1627 1071 1676 Quis
1099 1626 1213 1665 enim
1242 1639 1416 1676 vsquam
1443 1626 1509 1665 illi
1537 1639 1622 1665 non
1650 1628 1761 1666 fauet

169 1691 355 1731 eruditus
385 1706 430 1731 ac
460 1692 586 1743 pius‘?
624 1694 718 1742 quis
748 1706 834 1731 non
863 1692 985 1731 istam
1017 1693 1227 1730 execratur
1256 1691 1434 1740 beluam,
1463 1691 1546 1731 nisi
1583 1692 1654 1742 qui
1690 1695 1760 1731 aut

168 1769 332 1796 causam
364 1770 448 1796 non
482 1757 682 1808 intelligit
711 1760 783 1796 aut
819 1757 984 1808 publico
1017 1757 1126 1795 malo
1165 1755 1251 1795 suis
1285 1756 1466 1795 consulit
1497 1757 1760 1796 commodis?

169 1822 328 1861 Deinde
353 1824 453 1862 dum
482 1823 526 1861 in
556 1823 790 1862 dialecticos
822 1836 867 1861 ac
896 1822 1165 1873 philosophos
1193 1822 1426 1871 expatiaris,
1450 1821 1689 1861 maluissem
1719 1824 1758 1861 te

169 1887 312 1926 ceteris
331 1887 498 1927 intactis
516 1889 593 1927 hoc
614 1889 752 1927 solum
776 1901 894 1938 agere
919 1888 1028 1938 quod
1054 1887 1213 1936 agebas.
1275 1887 1391 1925 Bene
1410 1887 1510 1935 vale,
1534 1887 1758 1927 clarissime

169 1952 383 1992 doctorum
403 1955 444 1991 et
463 1953 666 1992 clarorum
687 1953 933 1992 doctissime.

224 2017 397 2057 Louanii
416 2019 612 2068 postridie
632 2019 820 2057 omnium
842 2018 1057 2065 Diuorum,
1078 2030 1188 2056 anno
1208 2029 1402 2056 M.D.xvn.

613 2149 710 2190 695.
772 2147 836 2189 Το
866 2146 1016 2188 PETER
1046 2146 1315 2188 BARBIRIUS.

174 2289 177 2291 v
217 2238 402 2273 Deventer
419 2237 495 2272 MS.
517 2248 573 2282 91,
591 2237 615 2272 f.
636 2247 691 2280 72.
1442 2234 1616 2270 Louvain.

216 2296 259 2332 D.
277 2309 313 2342 p.
333 2307 420 2332 200:
447 2296 485 2330 F.
504 2308 539 2341 p.
562 2298 649 2340 165:
677 2295 767 2330 HN:
794 2294 908 2329 Lond.
928 2293 982 2328 iii.
1002 2295 1064 2338 36:
1092 2293 1164 2328 LB.
1184 2302 1261 2337 275.
1346 2302 1365 2326 2
1384 2291 1592 2328 November
1611 2301 1711 2337 1517.

214 2376 303 2418 [The
324 2377 405 2407 date
427 2377 458 2407 is
479 2375 704 2414 abundantly
722 2374 917 2406 confirmed
941 2374 987 2413 by
1007 2374 1068 2404 the
1092 2374 1266 2403 contents.
1313 2372 1379 2403 For
1401 2373 1567 2413 probable
1591 2373 1695 2412 delay
1719 2373 1757 2402 in

169 2419 334 2461 dispatch
351 2430 407 2452 see
424 2421 487 2461 Ep.
506 2430 578 2459 752.
600 2430 640 2451 10
655 2429 690 2450 n.
736 2419 809 2449 The
827 2418 1014 2449 omissions
1029 2417 1132 2448 made
1150 2417 1189 2446 in
1206 2416 1370 2456 printing
1386 2426 1443 2448 are
1459 2416 1684 2457 noticeable.]

613 2505 819 2535 ERASMVS
851 2504 1067 2534 BARBIRIO
1099 2503 1180 2532 SVO
1213 2503 1246 2533 S.
1274 2503 1315 2533 D.

223 2582 346 2631 QVAM
383 2583 523 2629 timeo,
559 2581 618 2619 mi
652 2581 785 2628 Petre,
822 2593 873 2617 ne
913 2577 1130 2617 felicitates
1164 2576 1416 2626 Hispanicae
1457 2575 1535 2614 tibi
1570 2578 1756 2614 veterum

168 2647 442 2686 amiculorum
487 2646 741 2685 obliuionem
780 2644 1008 2683 inuehant:
1052 2654 1286 2692 quanquam
1328 2641 1370 2680 id
1412 2654 1574 2691 quoque
1611 2641 1756 2679 malim

168 2712 347 2750 accidere
380 2725 504 2763 quam
542 2711 579 2749 si
611 2724 691 2761 qua
724 2709 935 2748 calamitas
968 2707 1080 2746 idem
1112 2706 1304 2745 efficeret.
1361 2707 1540 2744 Mortem
1578 2705 1757 2744 Buslidii

168 2791 218 2816 ex
246 2777 385 2816 animo
415 2776 542 2824 doleo,
566 2778 606 2814 et
633 2775 711 2814 hoc
739 2775 873 2824 magis
902 2773 1029 2820 doleo,
1054 2772 1163 2822 quod
1191 2773 1287 2811 ante
1317 2771 1543 2810 discessum
1574 2770 1644 2809 illo
1668 2773 1755 2809 tam

211 2874 287 2906 694.
312 2884 364 2913 90.
391 2872 516 2913 ὄλεθρος
531 2875 658 2910 scripsi:
684 2871 822 2912 ὀλέθροις
839 2874 871 2902 Ρ.
975 2879 1028 2908 93.
1052 2870 1169 2898 PLB:
1193 2867 1369 2907 adipiscor
1385 2867 1432 2900 0².
1552 2868 1625 2899 695.
1656 2878 1680 2898 1.
1708 2870 1753 2899 D:

170 2918 353 2949 filieitates
368 2920 436 2949 MS.
570 2926 600 2954 3.
626 2916 722 2946 idem
739 2918 811 2946 add.
827 2917 864 2945 D.
956 2916 1002 2943 D:
1026 2912 1196 2943 effieceret
1211 2914 1278 2942 MS.

471 3004 546 3035 694.
575 3012 644 3042 109.
669 3001 863 3042 catalogus]
889 3001 951 3031 See
969 3000 1167 3040 Ep.685.13
1182 3009 1216 3030 n.
1235 2999 1306 3030 and
1326 2999 1403 3030 HE.
1421 2999 1475 3036 64.

1785 991 1844 1013 100

1784 1316 1841 1348 105

1783 1641 1841 1664 110

1780 1967 1837 1999 115
