2034 3433
357 193 436 232 596
821 193 1072 233 LETTERS
1110 192 1181 232 oF
1218 193 1485 233 ERASMUS
1825 192 1950 246 [1519

357 297 604 336 felicissime.
665 297 808 336 Ausus
839 299 903 336 est
937 297 1107 346 quidam
1140 298 1181 335 et
1212 296 1404 336 libellum
1438 296 1638 336 aduersus
1665 309 1732 335 me
1763 297 1951 346 scribere,

358 363 429 401 sed
448 376 598 413 magno
617 375 693 400 suo
712 361 835 410 malo,
857 374 949 400 mea
968 374 1133 400 summa
1151 374 1247 400 cum
1267 361 1492 412 voluptate.

414 427 738 477 Triumpharent
755 426 886 465 bonae
904 427 1060 475 literae,
1078 427 1115 465 si
1134 425 1373 476 Principem
1396 427 1643 466 haberemus
1657 427 1772 466 domi
1791 428 1955 478 qualem

359 492 482 531 habet
502 492 669 542 Anglia.
729 492 820 530 Rex
845 492 934 542 ipse
953 505 1039 530 non
1059 491 1265 539 indoctus,
1287 493 1380 530 tum
1403 491 1570 543 ingenio
1588 492 1796 540 acerrimo,
1818 493 1955 543 palam

299 569 338 603 15
358 559 499 597 tuetur
517 556 648 596 bonas
666 557 820 605 literas,
845 556 1000 596 rabulis
1020 556 1214 596 omnibus
1228 556 1444 597 silentium
1465 557 1628 597 indixit.
1687 558 1958 598 Reuerendis-

359 624 493 663 simus
512 623 744 662 Cardinalis
760 622 1033 662 Eboracensis
1053 623 1195 662 omnia
1213 622 1350 662 studia
1363 623 1408 661 in
1429 623 1577 662 melius
1592 624 1785 673 restituit,
1803 637 1956 675 suaque

359 688 615 738 benignitate
638 689 792 739 passim
819 701 966 728 omnes
994 688 1147 727 inuitat
1172 688 1222 727 ad
1252 701 1439 727 amorem
1459 688 1722 737 studiorum;
1751 703 1826 729 nec
1843 689 1956 729 aliud

359 754 446 804 agit
465 754 513 793 R.
539 754 771 793 Cardinalis
791 754 1050 803 Campegius,
1073 753 1140 792 vir
1160 753 1350 793 omnium
1366 754 1407 792 et
1423 753 1607 804 optimus
1621 757 1663 793 et
1678 755 1958 794 doctissimus.

360 819 471 857 Aula
489 819 618 869 Regis
636 820 730 869 plus
748 819 874 858 habet
893 819 1115 858 hominum
1140 819 1370 858 eruditione
1395 820 1696 869 praestantium
1719 833 1844 871 quam
1871 820 1958 859 vlla

303 897 344 919 20
360 884 578 923 academia.
629 885 760 924 Video
777 885 1005 923 Germanos
1020 897 1183 935 quoque
1202 885 1407 934 principes
1422 885 1622 924 honorem
1641 885 1793 924 habere
1811 885 1956 930 literis,

361 954 434 988 tuo
467 950 612 1000 tuique
643 950 847 989 similium
881 952 1076 988 hortatu:
1111 963 1187 988 nos
1216 949 1404 988 nondum
1433 950 1511 989 hoc
1541 950 1696 989 discere
1723 963 1955 1001 possumus.

361 1016 659 1054 Serenissimus
688 1016 889 1066 Princeps
915 1015 1212 1064 Ferdinandus,
1236 1015 1484 1064 adolescens,
1511 1016 1568 1055 ita
1595 1029 1663 1055 me
1691 1017 1804 1056 Deus
1831 1018 1953 1065 amet,

360 1081 410 1120 ad
442 1095 609 1120 omnem
640 1082 840 1120 virtutem
869 1082 1002 1129 natus,
1025 1094 1101 1120 nos
1129 1083 1242 1120 amat
1270 1082 1507 1132 nostrisque
1529 1081 1685 1120 libellis
1710 1081 1958 1120 delectatur:

360 1149 406 1185 vt
440 1149 481 1185 et
513 1147 564 1186 ab
595 1147 687 1185 aliis
718 1148 854 1198 accepi
888 1149 929 1185 et
962 1147 1048 1197 ipse
1081 1146 1187 1185 mihi
1219 1147 1414 1194 narrauit,
1449 1147 1640 1186 libellum
1675 1148 1724 1187 de
1763 1147 1958 1197 Principe

304 1225 319 1247 2
326 1226 342 1258 5
362 1224 523 1262 semper
542 1212 667 1251 habet
686 1212 732 1251 in
751 1212 958 1252 manibus.
1014 1212 1125 1250 Huic
1151 1225 1218 1250 me
1243 1215 1547 1262 praeceptorem
1571 1213 1670 1251 dare
1689 1213 1827 1252 conati
1846 1215 1955 1260 sunt,

362 1279 404 1316 et
432 1277 519 1328 ipse
547 1278 711 1316 videtur
739 1278 780 1317 id
808 1278 965 1317 ambire
980 1293 990 1326 ;
1020 1278 1089 1316 sed
1116 1291 1210 1317 cum
1236 1277 1315 1316 alia
1337 1291 1404 1316 me
1429 1279 1639 1317 deterrent
1661 1279 1712 1317 ab
1738 1278 1842 1326 aula,
1865 1280 1957 1317 tum

362 1344 578 1393 praecipue
604 1344 799 1382 valetudo
822 1348 911 1383 tam
936 1343 1159 1382 imbecillis
1178 1346 1234 1391 vt,
1260 1343 1343 1382 nisi
1362 1346 1615 1393 temperetur
1633 1357 1726 1382 meo
1745 1344 1955 1388 arbitratu.

363 1422 460 1447 mox
474 1409 741 1459 periclitetur.
793 1410 984 1448 Mortuus
999 1422 1073 1448 nec
1093 1408 1279 1459 Principi
1295 1409 1375 1447 sim
1390 1409 1483 1447 vsui
1497 1409 1676 1458 futurus,
1694 1423 1804 1448 nunc
1818 1412 1961 1448 vtcun-

363 1488 441 1523 que
452 1488 621 1524 prosum
635 1476 801 1514 calamo.
841 1476 957 1514 Exiit
971 1474 1240 1525 Paraphrasis
1255 1475 1298 1512 in
1311 1475 1414 1515 duas
1426 1475 1635 1525 Epistolas
1651 1475 1701 1514 ad
1711 1474 1956 1522 Corinthios,

305 1552 347 1584 30
363 1542 403 1578 et
429 1541 470 1579 in
491 1541 726 1590 Epistolam
753 1542 803 1579 ad
828 1542 1003 1581 Galatas.
1063 1539 1156 1579 Hac
1179 1542 1285 1579 certe
1304 1542 1421 1591 parte
1446 1540 1594 1590 probor
1615 1543 1658 1579 et
1683 1541 1813 1579 doctis
1831 1543 1872 1579 et
1900 1540 1960 1578 in-

363 1604 494 1643 doctis
513 1605 717 1645 omnibus.
778 1607 822 1645 Si
844 1605 1035 1645 inciderit
1056 1605 1339 1653 commoditas,
1363 1606 1674 1644 commendabis
1689 1619 1754 1644 me
1769 1605 1959 1644 illustris-

364 1670 469 1708 simo
490 1670 692 1709 Saxoniae
712 1671 807 1710 duci
830 1671 1063 1710 Friderico:
1093 1670 1130 1708 ei
1149 1669 1391 1719 scripsimus
1412 1683 1556 1720 nuper,
1577 1671 1725 1721 opinor
1743 1670 1959 1720 epistolam

364 1748 452 1774 esse
471 1736 688 1776 redditam.
747 1737 861 1775 Bene
880 1736 981 1784 vale,
1004 1738 1178 1786 patrone
1198 1735 1432 1785 singularis.

418 1800 463 1838 Si
483 1801 698 1852 continget
717 1801 911 1852 congredi
926 1814 1020 1839 cum
1040 1800 1118 1839 hoc
1139 1802 1296 1839 oratore
1313 1800 1437 1851 Regis
1452 1801 1699 1852 Anglorum,
1718 1801 1767 1839 D.
1786 1801 1961 1840 Ricardo

305 1881 344 1914 35
365 1866 507 1913 Paceo,
525 1866 561 1904 si
579 1867 771 1905 nondum
790 1868 868 1906 tibi
888 1869 1014 1906 notus
1033 1868 1106 1914 est,
1125 1866 1188 1905 fac
1207 1868 1254 1905 vt
1273 1865 1487 1904 hominem
1503 1879 1618 1905 cures
1633 1878 1754 1905 nosse
1771 1866 1959 1916 propius:

364 1931 473 1970 nihil
491 1931 581 1970 eius
600 1932 766 1982 ingenio
788 1932 1014 1971 candidius.
1074 1931 1302 1981 Vtriusque
1322 1930 1560 1970 literaturae
1579 1931 1857 1982 peritissimus
1876 1932 1960 1979 est;

364 2009 438 2045 pro
457 1997 544 2035 suis
559 1997 787 2036 virtutibus
802 1997 903 2048 Regi
918 1996 1287 2046 Cardinalibusque
1300 1998 1422 2046 atque
1443 1996 1544 2036 adeo
1561 1997 1750 2036 Romano
1764 1995 1961 2036 Pontifici

364 2061 627 2111 gratissimus
647 2064 719 2101 est.
779 2063 964 2101 Rursum
985 2061 1087 2100 vale.

421 2127 653 2167 Bruxellae.
677 2141 753 2166 ΧΠ.
777 2128 863 2167 Cal.
884 2127 1041 2166 Iunias.
1066 2139 1244 2166 M.D.X1x.

797 2259 894 2299 971.
955 2257 1019 2297 ΤΟ
1050 2256 1220 2298 GILLES
1251 2257 1530 2298 BUSLEIDEN.

413 2338 576 2384 Farrago
594 2350 629 2383 p.
648 2348 728 2382 324.
1594 2335 1788 2382 <Brassels
1799 2335 1842 2384 ‘?)

412 2396 451 2431 F.
469 2408 505 2441 p.
522 2406 612 2442 429:
640 2396 731 2431 HN:
757 2395 870 2431 Lond.
891 2407 924 2430 x,
943 2404 1008 2439 27:
1036 2394 1109 2430 LB.
1127 2396 1208 2440 366.
1537 2393 1592 2441 (e.
1612 2405 1652 2430 21
1675 2395 1763 2440 May
1783 2394 1909 2441 1519.)

413 2477 502 2518 [The
525 2477 690 2508 mention
715 2477 752 2507 of
772 2477 834 2507 the
860 2476 946 2507 New
969 2476 1173 2507 Testament
1198 2475 1258 2514 (cf.
1284 2475 1372 2515 Epp.
1396 2484 1471 2515 955,
1497 2476 1574 2515 961,
1599 2477 1673 2515 967,
1697 2476 1776 2516 970)
1803 2476 1874 2507 and
1897 2476 1961 2507 the

368 2521 489 2552 verbal
502 2520 742 2551 resemblance
753 2521 791 2551 of
803 2520 865 2551 the
878 2529 1020 2559 passage
1036 2520 1144 2550 about
1156 2519 1217 2549 the
1228 2519 1453 2558 theologians
1466 2518 1506 2560 (l.
1519 2520 1555 2558 9)
1567 2521 1603 2550 to
1619 2519 1706 2559 Epp.
1719 2521 1794 2559 967.
1811 2529 1864 2560 54,
1883 2522 1959 2560 968.

373 2566 463 2604 18-9,
482 2567 557 2604 969.
577 2574 669 2604 13-4‚
687 2574 761 2603 970.
780 2575 801 2603 9
818 2564 934 2594 leaves
956 2573 1002 2594 no
1024 2572 1121 2594 room
1137 2563 1191 2593 for
1208 2562 1319 2593 doubt
1340 2562 1421 2593 that
1438 2562 1513 2593 this
1536 2563 1644 2594 letter
1665 2563 1809 2603 belongs
1831 2565 1869 2595 to
1896 2564 1962 2595 the

415 2663 464 2693 15.
487 2652 822 2683 Reuerendissimus
838 2662 896 2682 om.
915 2655 957 2683 H.
1052 2651 1099 2682 18.
1127 2651 1166 2682 R.
1185 2661 1242 2681 om.
1261 2653 1305 2683 H.
1395 2653 1424 2680 E
1442 2653 1550 2690 Com‘iy.
1568 2662 1576 2682 ε
1600 2651 1838 2691 Camphegius
1853 2655 1891 2692 Ε,
1909 2655 1961 2683 vir

368 2700 458 2729 aliter
472 2707 564 2734 quam
581 2699 616 2726 in
632 2698 690 2732 Ep.
707 2706 781 2734 990.
804 2705 851 2727 11.
943 2705 998 2733 34.
1024 2695 1065 2726 D.
1083 2705 1142 2727 om.
1158 2697 1201 2726 H.
1290 2703 1343 2733 39.
1369 2703 1507 2726 M.D.X1x
1525 2698 1600 2726 add.
1620 2697 1661 2725 H.

415 2807 463 2827 11.
489 2796 653 2836 quidam]
681 2795 872 2834 Lat0mus;
903 2795 944 2826 cf.
971 2793 1034 2834 Ep.
1059 2804 1134 2834 934.
1247 2802 1298 2832 25.
1325 2794 1364 2824 in
1381 2794 1563 2835 manibus]
1582 2794 1634 2825 Cf.
1654 2794 1717 2834 Ep.
1736 2803 1811 2833 943.
1832 2803 1920 2834 23‚4.

368 2851 387 2879 3
404 2850 440 2872 n,
1288 2837 1568 2878 praeceptorem]
1586 2837 1650 2869 See
1666 2847 1698 2877 p.
1718 2847 1793 2876 492.

417 2893 466 2923 13.
492 2882 605 2923 domi]
623 2883 674 2913 Cf.
692 2882 754 2922 Ep.
773 2882 848 2921 948.
870 2890 941 2921 195.
1244 2889 1295 2919 29.
1320 2880 1365 2911 ad
1380 2880 1600 2921 Corinthios]
1617 2881 1679 2920 Ep.
1699 2882 1772 2920 916.

418 2929 468 2959 16.
493 2926 741 2966 Eboracensis]
761 2926 813 2957 Cf.
833 2925 895 2964 Ep.
915 2925 991 2964 967.
1009 2925 1051 2955 26
1067 2934 1102 2956 n.
1243 2934 1296 2963 30.
1321 2924 1365 2955 ad
1383 2923 1543 2965 Galatas]
1561 2924 1624 2964 Ep.
1640 2925 1715 2963 956.

417 2971 463 3000 18.
489 2968 716 3010 Campegius]
733 2969 796 3000 See
813 2979 848 3009 p.
865 2978 941 3007 573.
1242 2977 1294 3005 32.
1320 2967 1544 3008 scripsimus]
1561 2968 1624 3008 Ep.
1639 2978 1716 3008 939.

415 3023 465 3044 22.
493 3012 758 3053 Fer-dinandus]
777 3013 828 3044 Cf.
845 3013 908 3051 Ep.
924 3022 1000 3050 917.
1024 3021 1062 3042 10
1077 3020 1111 3042 n.
1240 3021 1293 3050 37.
1328 3011 1664 3052 Cardinalibusque]
1703 3010 1848 3051 VVolsey
1884 3009 1958 3042 and

414 3066 465 3094 24.
492 3057 535 3087 de
554 3056 732 3096 Principe]
751 3056 815 3087 See
833 3056 895 3095 Ep.
914 3056 989 3094 853.
1196 3053 1397 3094 Campegio.
