<?xml version="1.0" encoding="UTF-8"?>
<!DOCTYPE html PUBLIC "-//W3C//DTD XHTML 1.0 Transitional//EN"
    "http://www.w3.org/TR/xhtml1/DTD/xhtml1-transitional.dtd">
<html xmlns="http://www.w3.org/1999/xhtml" xml:lang="en" lang="en">
 <head>
  <title>
</title>
<meta http-equiv="Content-Type" content="text/html;charset=utf-8" />
  <meta name='ocr-system' content='tesseract 3.04.00' />
  <meta name='ocr-capabilities' content='ocr_page ocr_carea ocr_par ocr_line ocrx_word'/>
</head>
<body>
  <div class='ocr_page' id='page_1' title='image "./opusepistolarumd03erasuoft_0414.png"; bbox 0 0 2034 3433; ppageno 0'>
   <div class='ocr_carea' id='block_1_1' title="bbox 265 178 1857 232">
    <p class='ocr_par' dir='ltr' id='par_1_1' title="bbox 265 178 1857 232">
     <span class='ocr_line' id='line_1_1' title="bbox 265 178 1857 232; baseline -0.001 -14"><span class='ocrx_word' id='word_1_1' title='bbox 265 180 344 218; x_wconf 85' lang='lat'>362</span> <span class='ocrx_word' id='word_1_2' title='bbox 726 179 978 218; x_wconf 84' lang='lat' dir='ltr'>LETTERS</span> <span class='ocrx_word' id='word_1_3' title='bbox 1018 178 1088 217; x_wconf 84' lang='lat' dir='ltr'>OF</span> <span class='ocrx_word' id='word_1_4' title='bbox 1126 178 1392 217; x_wconf 82' lang='lat' dir='ltr'>ERASMUS</span> <span class='ocrx_word' id='word_1_5' title='bbox 1731 178 1857 232; x_wconf 83' lang='lat'>[1518</span> 
     </span>
    </p>
   </div>
   <div class='ocr_carea' id='block_1_2' title="bbox 264 282 1864 411">
    <p class='ocr_par' dir='ltr' id='par_1_2' title="bbox 264 282 1864 411">
     <span class='ocr_line' id='line_1_2' title="bbox 265 282 1864 323; baseline 0 -8"><span class='ocrx_word' id='word_1_6' title='bbox 265 284 373 316; x_wconf 88' lang='lat' dir='ltr'>needs</span> <span class='ocrx_word' id='word_1_7' title='bbox 396 285 581 323; x_wconf 80' lang='lat' dir='ltr'>recording</span> <span class='ocrx_word' id='word_1_8' title='bbox 598 295 605 322; x_wconf 92' lang='grc'>;</span> <span class='ocrx_word' id='word_1_9' title='bbox 629 283 700 313; x_wconf 85' lang='lat' dir='ltr'>and</span> <span class='ocrx_word' id='word_1_10' title='bbox 722 293 760 314; x_wconf 85' lang='lat' dir='ltr'>as</span> <span class='ocrx_word' id='word_1_11' title='bbox 778 283 807 312; x_wconf 84' lang='lat' dir='ltr'>it</span> <span class='ocrx_word' id='word_1_12' title='bbox 824 283 1035 322; x_wconf 82' lang='lat' dir='ltr'>reproduces</span> <span class='ocrx_word' id='word_1_13' title='bbox 1049 282 1113 313; x_wconf 84' lang='lat' dir='ltr'>the</span> <span class='ocrx_word' id='word_1_14' title='bbox 1128 282 1344 322; x_wconf 86' lang='lat' dir='ltr'>marginalia</span> <span class='ocrx_word' id='word_1_15' title='bbox 1360 283 1399 313; x_wconf 86' lang='lat' dir='ltr'>of</span> <span class='ocrx_word' id='word_1_16' title='bbox 1417 282 1481 314; x_wconf 86' lang='lat' dir='ltr'>the</span> <span class='ocrx_word' id='word_1_17' title='bbox 1498 282 1638 314; x_wconf 85' lang='lat' dir='ltr'><strong>Froben</strong></span> <span class='ocrx_word' id='word_1_18' title='bbox 1653 283 1809 315; x_wconf 83' lang='lat' dir='ltr'>editions</span> <span class='ocrx_word' id='word_1_19' title='bbox 1825 286 1864 315; x_wconf 91' lang='lat' dir='ltr'>of</span> 
     </span>
     <span class='ocr_line' id='line_1_3' title="bbox 264 325 1861 367; baseline 0 -8"><span class='ocrx_word' id='word_1_20' title='bbox 264 328 326 359; x_wconf 90' lang='lat' dir='ltr'>the</span> <span class='ocrx_word' id='word_1_21' title='bbox 341 331 557 366; x_wconf 73' lang='lat' dir='ltr'>Euchiridion,</span> <span class='ocrx_word' id='word_1_22' title='bbox 578 328 596 358; x_wconf 93' lang='lat'>1</span> <span class='ocrx_word' id='word_1_23' title='bbox 614 328 704 357; x_wconf 85' lang='lat' dir='ltr'>have</span> <span class='ocrx_word' id='word_1_24' title='bbox 721 326 919 356; x_wconf 86' lang='lat' dir='ltr'>concluded</span> <span class='ocrx_word' id='word_1_25' title='bbox 934 325 1016 356; x_wconf 87' lang='lat' dir='ltr'>that</span> <span class='ocrx_word' id='word_1_26' title='bbox 1032 326 1062 356; x_wconf 86' lang='lat' dir='ltr'>it</span> <span class='ocrx_word' id='word_1_27' title='bbox 1079 336 1152 357; x_wconf 87' lang='lat' dir='ltr'>was</span> <span class='ocrx_word' id='word_1_28' title='bbox 1168 326 1292 365; x_wconf 82' lang='lat' dir='ltr'>copied</span> <span class='ocrx_word' id='word_1_29' title='bbox 1308 326 1401 358; x_wconf 89' lang='lat' dir='ltr'>from</span> <span class='ocrx_word' id='word_1_30' title='bbox 1419 336 1486 357; x_wconf 90' lang='lat' dir='ltr'>one</span> <span class='ocrx_word' id='word_1_31' title='bbox 1503 327 1542 358; x_wconf 87' lang='lat' dir='ltr'>of</span> <span class='ocrx_word' id='word_1_32' title='bbox 1554 326 1667 367; x_wconf 87' lang='lat' dir='ltr'>thern,</span> <span class='ocrx_word' id='word_1_33' title='bbox 1681 328 1754 359; x_wconf 89' lang='lat' dir='ltr'>and</span> <span class='ocrx_word' id='word_1_34' title='bbox 1769 328 1861 359; x_wconf 73' lang='lat' dir='ltr'>have</span> 
     </span>
     <span class='ocr_line' id='line_1_4' title="bbox 265 369 1024 411; baseline -0.004 -8"><span class='ocrx_word' id='word_1_35' title='bbox 265 373 329 403; x_wconf 90' lang='lat' dir='ltr'>not</span> <span class='ocrx_word' id='word_1_36' title='bbox 345 373 435 403; x_wconf 82' lang='lat' dir='ltr'>been</span> <span class='ocrx_word' id='word_1_37' title='bbox 451 374 488 402; x_wconf 84' lang='lat' dir='ltr'>at</span> <span class='ocrx_word' id='word_1_38' title='bbox 504 373 610 411; x_wconf 83' lang='lat' dir='ltr'>pains</span> <span class='ocrx_word' id='word_1_39' title='bbox 626 372 662 401; x_wconf 90' lang='lat' dir='ltr'>to</span> <span class='ocrx_word' id='word_1_40' title='bbox 679 370 804 400; x_wconf 84' lang='lat' dir='ltr'>collate</span> <span class='ocrx_word' id='word_1_41' title='bbox 821 370 885 400; x_wconf 90' lang='lat' dir='ltr'>the</span> <span class='ocrx_word' id='word_1_42' title='bbox 897 369 1024 400; x_wconf 87' lang='lat' dir='ltr'>whole.</span> 
     </span>
    </p>
   </div>
   <div class='ocr_carea' id='block_1_3' title="bbox 308 413 1862 454">
    <p class='ocr_par' dir='ltr' id='par_1_3' title="bbox 308 413 1862 454">
     <span class='ocr_line' id='line_1_5' title="bbox 308 413 1862 454; baseline -0.001 -8"><span class='ocrx_word' id='word_1_43' title='bbox 308 415 395 446; x_wconf 84' lang='lat' dir='ltr'>This</span> <span class='ocrx_word' id='word_1_44' title='bbox 411 415 549 454; x_wconf 85' lang='lat' dir='ltr'>preface</span> <span class='ocrx_word' id='word_1_45' title='bbox 566 415 596 445; x_wconf 86' lang='lat' dir='ltr'>is</span> <span class='ocrx_word' id='word_1_46' title='bbox 612 417 649 445; x_wconf 89' lang='lat' dir='ltr'>to</span> <span class='ocrx_word' id='word_1_47' title='bbox 665 415 708 444; x_wconf 84' lang='lat' dir='ltr'>be</span> <span class='ocrx_word' id='word_1_48' title='bbox 726 413 843 444; x_wconf 85' lang='lat' dir='ltr'>added</span> <span class='ocrx_word' id='word_1_49' title='bbox 859 416 897 444; x_wconf 87' lang='lat' dir='ltr'>to</span> <span class='ocrx_word' id='word_1_50' title='bbox 913 413 976 444; x_wconf 91' lang='lat' dir='ltr'>the</span> <span class='ocrx_word' id='word_1_51' title='bbox 993 413 1055 444; x_wconf 86' lang='lat' dir='ltr'>list</span> <span class='ocrx_word' id='word_1_52' title='bbox 1070 413 1109 444; x_wconf 91' lang='lat' dir='ltr'>of</span> <span class='ocrx_word' id='word_1_53' title='bbox 1128 414 1366 445; x_wconf 77' lang='lat' dir='ltr'>translations</span> <span class='ocrx_word' id='word_1_54' title='bbox 1389 413 1482 444; x_wconf 87' lang='lat' dir='ltr'>from</span> <span class='ocrx_word' id='word_1_55' title='bbox 1505 413 1675 444; x_wconf 82' lang='lat' dir='ltr'>Erasmus</span> <span class='ocrx_word' id='word_1_56' title='bbox 1696 414 1800 445; x_wconf 75' lang='lat' dir='ltr'>made</span> <span class='ocrx_word' id='word_1_57' title='bbox 1815 415 1862 454; x_wconf 83' lang='lat' dir='ltr'>by</span> 
     </span>
    </p>
   </div>
   <div class='ocr_carea' id='block_1_4' title="bbox 266 457 1859 541">
    <p class='ocr_par' dir='ltr' id='par_1_4' title="bbox 266 457 1859 541">
     <span class='ocr_line' id='line_1_6' title="bbox 266 457 1859 499; baseline -0.001 -10"><span class='ocrx_word' id='word_1_58' title='bbox 266 458 473 499; x_wconf 83' lang='lat' dir='ltr'>Spalatinus</span> <span class='ocrx_word' id='word_1_59' title='bbox 489 470 497 497; x_wconf 94' lang='lat'>;</span> <span class='ocrx_word' id='word_1_60' title='bbox 514 458 558 489; x_wconf 84' lang='lat' dir='ltr'>cf.</span> <span class='ocrx_word' id='word_1_61' title='bbox 574 458 636 497; x_wconf 89' lang='lat' dir='ltr'>Ep.</span> <span class='ocrx_word' id='word_1_62' title='bbox 653 466 713 496; x_wconf 81' lang='lat'>501</span> <span class='ocrx_word' id='word_1_63' title='bbox 730 457 862 489; x_wconf 88' lang='lat' dir='ltr'>introd.</span> <span class='ocrx_word' id='word_1_64' title='bbox 898 457 934 487; x_wconf 86' lang='lat' dir='ltr'>It</span> <span class='ocrx_word' id='word_1_65' title='bbox 946 457 1122 496; x_wconf 78' lang='lat' dir='ltr'>appeared</span> <span class='ocrx_word' id='word_1_66' title='bbox 1139 458 1178 488; x_wconf 91' lang='lat' dir='ltr'>in</span> <span class='ocrx_word' id='word_1_67' title='bbox 1198 466 1278 496; x_wconf 84' lang='lat'>1521</span> <span class='ocrx_word' id='word_1_68' title='bbox 1291 457 1381 488; x_wconf 86' lang='lat' dir='ltr'>with</span> <span class='ocrx_word' id='word_1_69' title='bbox 1397 467 1415 487; x_wconf 88' lang='lat' dir='ltr'>a</span> <span class='ocrx_word' id='word_1_70' title='bbox 1432 457 1570 496; x_wconf 83' lang='lat' dir='ltr'>preface</span> <span class='ocrx_word' id='word_1_71' title='bbox 1590 467 1629 497; x_wconf 91' lang='lat'>19</span> <span class='ocrx_word' id='word_1_72' title='bbox 1645 457 1752 497; x_wconf 88' lang='lat' dir='ltr'>April</span> <span class='ocrx_word' id='word_1_73' title='bbox 1766 467 1859 497; x_wconf 87' lang='lat'><strong>1520,</strong></span> 
     </span>
     <span class='ocr_line' id='line_1_7' title="bbox 267 500 1317 541; baseline -0.001 -8"><span class='ocrx_word' id='word_1_74' title='bbox 267 503 457 533; x_wconf 76' lang='lat' dir='ltr'>addressed</span> <span class='ocrx_word' id='word_1_75' title='bbox 474 508 511 532; x_wconf 85' lang='lat' dir='ltr'>to</span> <span class='ocrx_word' id='word_1_76' title='bbox 528 502 690 532; x_wconf 78' lang='lat' dir='ltr'>Bernard</span> <span class='ocrx_word' id='word_1_77' title='bbox 708 501 746 530; x_wconf 88' lang='lat' dir='ltr'>of</span> <span class='ocrx_word' id='word_1_78' title='bbox 760 500 972 532; x_wconf 73' lang='lat' dir='ltr'>Hirschfeld</span> <span class='ocrx_word' id='word_1_79' title='bbox 989 501 1067 541; x_wconf 49' lang='lat' dir='ltr'>ng.</span> <span class='ocrx_word' id='word_1_80' title='bbox 1084 502 1159 532; x_wconf 90' lang='lat'>611.</span> <span class='ocrx_word' id='word_1_81' title='bbox 1176 511 1220 540; x_wconf 86' lang='lat'>30</span> <span class='ocrx_word' id='word_1_82' title='bbox 1232 500 1317 541; x_wconf 77' lang='lat' dir='ltr'>n.).]</span> 
     </span>
    </p>
   </div>
   <div class='ocr_carea' id='block_1_5' title="bbox 266 599 1865 778">
    <p class='ocr_par' dir='ltr' id='par_1_5' title="bbox 266 599 1865 778">
     <span class='ocr_line' id='line_1_8' title="bbox 266 599 1865 638; baseline 0 -8"><span class='ocrx_word' id='word_1_83' title='bbox 266 600 537 630; x_wconf 78' lang='lat' dir='ltr'>REVERENDO</span> <span class='ocrx_word' id='word_1_84' title='bbox 568 600 617 629; x_wconf 78' lang='lat' dir='ltr'>IN</span> <span class='ocrx_word' id='word_1_85' title='bbox 648 599 842 630; x_wconf 86' lang='lat' dir='ltr'>CHRISTO</span> <span class='ocrx_word' id='word_1_86' title='bbox 872 600 1007 629; x_wconf 74' lang='lat' dir='ltr'>PATRI</span> <span class='ocrx_word' id='word_1_87' title='bbox 1038 600 1096 630; x_wconf 83' lang='lat' dir='ltr'>AC</span> <span class='ocrx_word' id='word_1_88' title='bbox 1130 600 1172 630; x_wconf 90' lang='lat' dir='ltr'>D.</span> <span class='ocrx_word' id='word_1_89' title='bbox 1204 599 1246 630; x_wconf 90' lang='lat' dir='ltr'>D.</span> <span class='ocrx_word' id='word_1_90' title='bbox 1277 599 1422 629; x_wconf 81' lang='lat' dir='ltr'><strong>PAVLO</strong></span> <span class='ocrx_word' id='word_1_91' title='bbox 1453 599 1629 638; x_wconf 88' lang='lat' dir='ltr'>VOLZIO,</span> <span class='ocrx_word' id='word_1_92' title='bbox 1660 599 1865 630; x_wconf 81' lang='lat' dir='ltr'>RELIGIO—</span> 
     </span>
     <span class='ocr_line' id='line_1_9' title="bbox 363 668 1769 705; baseline 0 -7"><span class='ocrx_word' id='word_1_93' title='bbox 363 669 539 699; x_wconf 70' lang='lat' dir='ltr'>SISSIMO</span> <span class='ocrx_word' id='word_1_94' title='bbox 570 669 738 698; x_wconf 79' lang='lat' dir='ltr'><strong>ABBATI</strong></span> <span class='ocrx_word' id='word_1_95' title='bbox 769 668 1049 698; x_wconf 71' lang='lat' dir='ltr'><strong>MONASTERII</strong></span> <span class='ocrx_word' id='word_1_96' title='bbox 1082 668 1202 705; x_wconf 77' lang='lat' dir='ltr'>QVOD</span> <span class='ocrx_word' id='word_1_97' title='bbox 1232 668 1380 699; x_wconf 88' lang='lat' dir='ltr'>VVLGO</span> <span class='ocrx_word' id='word_1_98' title='bbox 1411 669 1601 699; x_wconf 81' lang='lat' dir='ltr'>DICITVR</span> <span class='ocrx_word' id='word_1_99' title='bbox 1630 669 1769 699; x_wconf 78' lang='lat' dir='ltr'><strong>GVRIA</strong></span> 
     </span>
     <span class='ocr_line' id='line_1_10' title="bbox 560 737 1563 778; baseline 0.002 -12"><span class='ocrx_word' id='word_1_100' title='bbox 560 737 771 778; x_wconf 76' lang='lat' dir='ltr'>HVGONIS,</span> <span class='ocrx_word' id='word_1_101' title='bbox 805 737 900 767; x_wconf 89' lang='lat' dir='ltr'>DES.</span> <span class='ocrx_word' id='word_1_102' title='bbox 932 737 1136 766; x_wconf 77' lang='lat' dir='ltr'><strong>ERASMVS</strong></span> <span class='ocrx_word' id='word_1_103' title='bbox 1166 737 1499 768; x_wconf 81' lang='lat' dir='ltr'><strong>ROTERODAMVS</strong></span> <span class='ocrx_word' id='word_1_104' title='bbox 1530 737 1563 768; x_wconf 84' lang='lat' dir='ltr'>S.</span> 
     </span>
    </p>
   </div>
   <div class='ocr_carea' id='block_1_6' title="bbox 212 817 1879 2834">
    <p class='ocr_par' dir='ltr' id='par_1_6' title="bbox 266 817 1870 1065">
     <span class='ocr_line' id='line_1_11' title="bbox 321 817 1868 866; baseline 0.001 -11"><span class='ocrx_word' id='word_1_105' title='bbox 321 819 556 866; x_wconf 75' lang='lat' dir='ltr'><strong>QVANQVAM</strong></span> <span class='ocrx_word' id='word_1_106' title='bbox 589 817 759 856; x_wconf 91' lang='lat' dir='ltr'>libellus</span> <span class='ocrx_word' id='word_1_107' title='bbox 792 818 863 856; x_wconf 91' lang='lat' dir='ltr'>ille</span> <span class='ocrx_word' id='word_1_108' title='bbox 892 818 960 856; x_wconf 86' lang='lat' dir='ltr'>cui</span> <span class='ocrx_word' id='word_1_109' title='bbox 998 818 1170 856; x_wconf 90' lang='lat' dir='ltr'>titulum</span> <span class='ocrx_word' id='word_1_110' title='bbox 1203 818 1379 857; x_wconf 84' lang='lat' dir='ltr'>fecimus</span> <span class='ocrx_word' id='word_1_111' title='bbox 1411 818 1685 857; x_wconf 88' lang='lat' dir='ltr'>Enchiridion</span> <span class='ocrx_word' id='word_1_112' title='bbox 1716 817 1868 856; x_wconf 90' lang='lat' dir='ltr'>militis</span> 
     </span>
     <span class='ocr_line' id='line_1_12' title="bbox 267 883 1868 935; baseline 0 -13"><span class='ocrx_word' id='word_1_113' title='bbox 267 884 507 932; x_wconf 76' lang='lat' dir='ltr'>Christiani,</span> <span class='ocrx_word' id='word_1_114' title='bbox 526 897 649 934; x_wconf 90' lang='lat' dir='ltr'>quem</span> <span class='ocrx_word' id='word_1_115' title='bbox 665 884 766 922; x_wconf 90' lang='lat' dir='ltr'>olim</span> <span class='ocrx_word' id='word_1_116' title='bbox 781 885 855 922; x_wconf 85' lang='lat' dir='ltr'>vni</span> <span class='ocrx_word' id='word_1_117' title='bbox 871 884 976 922; x_wconf 90' lang='lat' dir='ltr'>mihi</span> <span class='ocrx_word' id='word_1_118' title='bbox 991 885 1032 922; x_wconf 89' lang='lat' dir='ltr'>et</span> <span class='ocrx_word' id='word_1_119' title='bbox 1047 884 1227 923; x_wconf 90' lang='lat' dir='ltr'>amiculo</span> <span class='ocrx_word' id='word_1_120' title='bbox 1239 885 1405 923; x_wconf 89' lang='lat' dir='ltr'>cuidam</span> <span class='ocrx_word' id='word_1_121' title='bbox 1419 897 1590 934; x_wconf 89' lang='lat' dir='ltr'>prorsus</span> <span class='ocrx_word' id='word_1_122' title='bbox 1605 883 1868 935; x_wconf 75' lang='grc' dir='ltr'>ἀναλφαβήτῳ</span> 
     </span>
     <span class='ocr_line' id='line_1_13' title="bbox 267 948 1868 1000; baseline -0.001 -13"><span class='ocrx_word' id='word_1_123' title='bbox 267 950 520 999; x_wconf 83' lang='lat' dir='ltr'>scripseram,</span> <span class='ocrx_word' id='word_1_124' title='bbox 546 949 688 987; x_wconf 91' lang='lat' dir='ltr'>minus</span> <span class='ocrx_word' id='word_1_125' title='bbox 710 948 928 999; x_wconf 79' lang='lat' dir='ltr'>displicere</span> <span class='ocrx_word' id='word_1_126' title='bbox 949 949 1140 999; x_wconf 83' lang='lat' dir='ltr'>coeperit,</span> <span class='ocrx_word' id='word_1_127' title='bbox 1164 952 1280 999; x_wconf 89' lang='lat' dir='ltr'>pater</span> <span class='ocrx_word' id='word_1_128' title='bbox 1299 949 1576 1000; x_wconf 74' lang='lat' dir='ltr'>integerrime,</span> <span class='ocrx_word' id='word_1_129' title='bbox 1599 951 1868 999; x_wconf 79' lang='lat' dir='ltr'>posteaquam</span> 
     </span>
     <span class='ocr_line' id='line_1_14' title="bbox 266 1014 1870 1065; baseline -0.001 -12"><span class='ocrx_word' id='word_1_130' title='bbox 266 1015 345 1053; x_wconf 86' lang='lat' dir='ltr'>tibi</span> <span class='ocrx_word' id='word_1_131' title='bbox 363 1015 508 1064; x_wconf 88' lang='lat' dir='ltr'>tuique</span> <span class='ocrx_word' id='word_1_132' title='bbox 528 1015 738 1053; x_wconf 87' lang='lat' dir='ltr'>similibus</span> <span class='ocrx_word' id='word_1_133' title='bbox 757 1015 877 1053; x_wconf 90' lang='lat' dir='ltr'>video</span> <span class='ocrx_word' id='word_1_134' title='bbox 896 1015 1113 1065; x_wconf 87' lang='lat' dir='ltr'>probari—</span> <span class='ocrx_word' id='word_1_135' title='bbox 1122 1015 1285 1065; x_wconf 88' lang='lat' dir='ltr'>quibus,</span> <span class='ocrx_word' id='word_1_136' title='bbox 1307 1017 1354 1053; x_wconf 89' lang='lat' dir='ltr'>vt</span> <span class='ocrx_word' id='word_1_137' title='bbox 1374 1015 1474 1054; x_wconf 88' lang='lat' dir='ltr'>est-is</span> <span class='ocrx_word' id='word_1_138' title='bbox 1494 1015 1575 1065; x_wconf 90' lang='lat' dir='ltr'>ipsi</span> <span class='ocrx_word' id='word_1_139' title='bbox 1592 1016 1661 1065; x_wconf 88' lang='lat' dir='ltr'>pia</span> <span class='ocrx_word' id='word_1_140' title='bbox 1680 1014 1870 1053; x_wconf 86' lang='lat' dir='ltr'>doctrina</span> 
     </span>
    </p>

    <p class='ocr_par' dir='ltr' id='par_1_7' title="bbox 230 1080 1872 1394">
     <span class='ocr_line' id='line_1_15' title="bbox 230 1080 1868 1131; baseline -0.001 -11"><span class='ocrx_word' id='word_1_141' title='bbox 230 1091 248 1122; x_wconf 85' lang='lat'><strong><em>5</em></strong></span> <span class='ocrx_word' id='word_1_142' title='bbox 266 1082 309 1119; x_wconf 85' lang='lat' dir='ltr'>et</span> <span class='ocrx_word' id='word_1_143' title='bbox 329 1081 447 1119; x_wconf 84' lang='lat' dir='ltr'>docta</span> <span class='ocrx_word' id='word_1_144' title='bbox 474 1080 627 1131; x_wconf 85' lang='lat' dir='ltr'>piet-ate</span> <span class='ocrx_word' id='word_1_145' title='bbox 650 1080 836 1130; x_wconf 86' lang='lat' dir='ltr'>praediti,</span> <span class='ocrx_word' id='word_1_146' title='bbox 860 1081 945 1119; x_wconf 87' lang='lat' dir='ltr'>scio</span> <span class='ocrx_word' id='word_1_147' title='bbox 972 1081 1081 1119; x_wconf 91' lang='lat' dir='ltr'>nihil</span> <span class='ocrx_word' id='word_1_148' title='bbox 1107 1081 1272 1131; x_wconf 90' lang='lat' dir='ltr'>probari</span> <span class='ocrx_word' id='word_1_149' title='bbox 1299 1082 1409 1131; x_wconf 89' lang='lat' dir='ltr'>quod</span> <span class='ocrx_word' id='word_1_150' title='bbox 1430 1094 1514 1119; x_wconf 91' lang='lat' dir='ltr'>non</span> <span class='ocrx_word' id='word_1_151' title='bbox 1540 1081 1656 1119; x_wconf 77' lang='lat' dir='ltr'>iuxta</span> <span class='ocrx_word' id='word_1_152' title='bbox 1675 1081 1793 1131; x_wconf 90' lang='lat' dir='ltr'>pium</span> <span class='ocrx_word' id='word_1_153' title='bbox 1813 1080 1868 1119; x_wconf 88' lang='lat' dir='ltr'>sit</span> 
     </span>
     <span class='ocr_line' id='line_1_16' title="bbox 268 1146 1870 1197; baseline -0.001 -13"><span class='ocrx_word' id='word_1_154' title='bbox 268 1148 390 1196; x_wconf 79' lang='lat' dir='ltr'>atque</span> <span class='ocrx_word' id='word_1_155' title='bbox 409 1147 820 1184; x_wconf 84' lang='lat' dir='ltr'>eruditum—tamen</span> <span class='ocrx_word' id='word_1_156' title='bbox 847 1148 1149 1196; x_wconf 85' lang='lat' dir='ltr'>propemodum</span> <span class='ocrx_word' id='word_1_157' title='bbox 1168 1148 1295 1186; x_wconf 85' lang='lat' dir='ltr'>etiam</span> <span class='ocrx_word' id='word_1_158' title='bbox 1314 1148 1475 1197; x_wconf 83' lang='lat' dir='ltr'>placere</span> <span class='ocrx_word' id='word_1_159' title='bbox 1494 1146 1637 1196; x_wconf 88' lang='lat' dir='ltr'>coepit,</span> <span class='ocrx_word' id='word_1_160' title='bbox 1658 1146 1732 1185; x_wconf 85' lang='lat' dir='ltr'>vbi</span> <span class='ocrx_word' id='word_1_161' title='bbox 1750 1146 1870 1185; x_wconf 87' lang='lat' dir='ltr'>video</span> 
     </span>
     <span class='ocr_line' id='line_1_17' title="bbox 269 1210 1870 1262; baseline 0.001 -13"><span class='ocrx_word' id='word_1_162' title='bbox 269 1212 392 1250; x_wconf 89' lang='lat' dir='ltr'>toties</span> <span class='ocrx_word' id='word_1_163' title='bbox 411 1212 495 1249; x_wconf 91' lang='lat' dir='ltr'>iam</span> <span class='ocrx_word' id='word_1_164' title='bbox 515 1224 711 1250; x_wconf 84' lang='lat' dir='ltr'>excusum</span> <span class='ocrx_word' id='word_1_165' title='bbox 730 1211 923 1250; x_wconf 88' lang='lat' dir='ltr'>formulis</span> <span class='ocrx_word' id='word_1_166' title='bbox 943 1226 1105 1262; x_wconf 84' lang='lat' dir='ltr'>semper</span> <span class='ocrx_word' id='word_1_167' title='bbox 1123 1213 1255 1252; x_wconf 91' lang='lat' dir='ltr'>veluti</span> <span class='ocrx_word' id='word_1_168' title='bbox 1273 1226 1432 1252; x_wconf 90' lang='lat' dir='ltr'>nouum</span> <span class='ocrx_word' id='word_1_169' title='bbox 1453 1212 1679 1262; x_wconf 86' lang='lat' dir='ltr'>efflagitari,</span> <span class='ocrx_word' id='word_1_170' title='bbox 1695 1212 1731 1250; x_wconf 90' lang='lat' dir='ltr'>si</span> <span class='ocrx_word' id='word_1_171' title='bbox 1745 1210 1870 1250; x_wconf 89' lang='lat' dir='ltr'>modo</span> 
     </span>
     <span class='ocr_line' id='line_1_18' title="bbox 269 1276 1872 1330; baseline -0.001 -15"><span class='ocrx_word' id='word_1_172' title='bbox 269 1277 375 1315; x_wconf 89' lang='lat' dir='ltr'>mihi</span> <span class='ocrx_word' id='word_1_173' title='bbox 413 1290 496 1315; x_wconf 86' lang='lat' dir='ltr'>non</span> <span class='ocrx_word' id='word_1_174' title='bbox 535 1277 707 1315; x_wconf 89' lang='lat' dir='ltr'>omnino</span> <span class='ocrx_word' id='word_1_175' title='bbox 744 1276 1021 1316; x_wconf 86' lang='lat' dir='ltr'>blandiuntur</span> <span class='ocrx_word' id='word_1_176' title='bbox 1057 1278 1316 1330; x_wconf 83' lang='lat' dir='ltr'>typographi.</span> <span class='ocrx_word' id='word_1_177' title='bbox 1389 1278 1549 1317; x_wconf 88' lang='lat' dir='ltr'>Verum</span> <span class='ocrx_word' id='word_1_178' title='bbox 1586 1277 1691 1316; x_wconf 87' lang='lat' dir='ltr'>illud</span> <span class='ocrx_word' id='word_1_179' title='bbox 1728 1289 1872 1315; x_wconf 82' lang='lat' dir='ltr'>rursus</span> 
     </span>
     <span class='ocr_line' id='line_1_19' title="bbox 269 1342 1870 1394; baseline 0.001 -14"><span class='ocrx_word' id='word_1_180' title='bbox 269 1355 563 1392; x_wconf 82' lang='lat' dir='ltr'>saepenumero</span> <span class='ocrx_word' id='word_1_181' title='bbox 592 1343 701 1381; x_wconf 89' lang='lat' dir='ltr'>male</span> <span class='ocrx_word' id='word_1_182' title='bbox 729 1343 855 1381; x_wconf 85' lang='lat' dir='ltr'>habet</span> <span class='ocrx_word' id='word_1_183' title='bbox 880 1344 1072 1382; x_wconf 81' lang='lat' dir='ltr'>animum</span> <span class='ocrx_word' id='word_1_184' title='bbox 1099 1357 1243 1382; x_wconf 91' lang='lat' dir='ltr'>meum</span> <span class='ocrx_word' id='word_1_185' title='bbox 1269 1345 1378 1394; x_wconf 88' lang='lat' dir='ltr'>quod</span> <span class='ocrx_word' id='word_1_186' title='bbox 1403 1343 1505 1382; x_wconf 91' lang='lat' dir='ltr'>olim</span> <span class='ocrx_word' id='word_1_187' title='bbox 1526 1344 1683 1382; x_wconf 88' lang='lat' dir='ltr'>amicus</span> <span class='ocrx_word' id='word_1_188' title='bbox 1702 1342 1870 1393; x_wconf 83' lang='lat' dir='ltr'>quidam</span> 
     </span>
    </p>

    <p class='ocr_par' dir='ltr' id='par_1_8' title="bbox 212 1407 1873 1721">
     <span class='ocr_line' id='line_1_20' title="bbox 212 1407 1872 1460; baseline 0 -14"><span class='ocrx_word' id='word_1_189' title='bbox 212 1425 252 1446; x_wconf 91' lang='lat'>10</span> <span class='ocrx_word' id='word_1_190' title='bbox 269 1407 458 1446; x_wconf 88' lang='lat' dir='ltr'>eruditus</span> <span class='ocrx_word' id='word_1_191' title='bbox 478 1408 705 1447; x_wconf 82' lang='lat' dir='ltr'>salsissime</span> <span class='ocrx_word' id='word_1_192' title='bbox 725 1408 844 1456; x_wconf 81' lang='lat' dir='ltr'>dixit,</span> <span class='ocrx_word' id='word_1_193' title='bbox 867 1408 1016 1448; x_wconf 91' lang='lat' dir='ltr'>ludens</span> <span class='ocrx_word' id='word_1_194' title='bbox 1036 1410 1205 1460; x_wconf 88' lang='lat' dir='ltr'>quidem</span> <span class='ocrx_word' id='word_1_195' title='bbox 1226 1410 1307 1456; x_wconf 92' lang='lat' dir='ltr'>ille,</span> <span class='ocrx_word' id='word_1_196' title='bbox 1328 1410 1398 1449; x_wconf 91' lang='lat' dir='ltr'>sed</span> <span class='ocrx_word' id='word_1_197' title='bbox 1419 1410 1581 1448; x_wconf 88' lang='lat' dir='ltr'>vtinam</span> <span class='ocrx_word' id='word_1_198' title='bbox 1600 1422 1685 1447; x_wconf 87' lang='lat' dir='ltr'>non</span> <span class='ocrx_word' id='word_1_199' title='bbox 1701 1408 1872 1458; x_wconf 90' lang='lat' dir='ltr'>perinde</span> 
     </span>
     <span class='ocr_line' id='line_1_21' title="bbox 270 1472 1871 1526; baseline -0.001 -14"><span class='ocrx_word' id='word_1_200' title='bbox 270 1487 364 1512; x_wconf 89' lang='lat' dir='ltr'>vere</span> <span class='ocrx_word' id='word_1_201' title='bbox 392 1487 437 1511; x_wconf 87' lang='lat' dir='ltr'>ac</span> <span class='ocrx_word' id='word_1_202' title='bbox 467 1475 594 1512; x_wconf 90' lang='lat' dir='ltr'>salse:</span> <span class='ocrx_word' id='word_1_203' title='bbox 625 1474 669 1512; x_wconf 89' lang='lat' dir='ltr'>in</span> <span class='ocrx_word' id='word_1_204' title='bbox 697 1473 838 1513; x_wconf 90' lang='lat' dir='ltr'>libello</span> <span class='ocrx_word' id='word_1_205' title='bbox 867 1475 962 1524; x_wconf 85' lang='lat' dir='ltr'>plus</span> <span class='ocrx_word' id='word_1_206' title='bbox 987 1475 1169 1526; x_wconf 82' lang='lat' dir='ltr'>conspici</span> <span class='ocrx_word' id='word_1_207' title='bbox 1201 1475 1498 1514; x_wconf 85' lang='lat' dir='ltr'>sanctimoniae</span> <span class='ocrx_word' id='word_1_208' title='bbox 1525 1488 1650 1524; x_wconf 86' lang='lat' dir='ltr'>quam</span> <span class='ocrx_word' id='word_1_209' title='bbox 1675 1474 1720 1512; x_wconf 89' lang='lat' dir='ltr'>in</span> <span class='ocrx_word' id='word_1_210' title='bbox 1738 1472 1871 1512; x_wconf 80' lang='lat' dir='ltr'>libelli</span> 
     </span>
     <span class='ocr_line' id='line_1_22' title="bbox 272 1539 1872 1591; baseline 0 -14"><span class='ocrx_word' id='word_1_211' title='bbox 272 1542 423 1578; x_wconf 86' lang='lat' dir='ltr'>autore.</span> <span class='ocrx_word' id='word_1_212' title='bbox 484 1540 616 1589; x_wconf 88' lang='lat' dir='ltr'>quue</span> <span class='ocrx_word' id='word_1_213' title='bbox 641 1553 687 1577; x_wconf 90' lang='lat' dir='ltr'>eo</span> <span class='ocrx_word' id='word_1_214' title='bbox 712 1539 882 1589; x_wconf 86' lang='lat' dir='ltr'>grauius</span> <span class='ocrx_word' id='word_1_215' title='bbox 910 1542 1035 1579; x_wconf 85' lang='lat' dir='ltr'>etiam</span> <span class='ocrx_word' id='word_1_216' title='bbox 1054 1542 1150 1589; x_wconf 89' lang='lat' dir='ltr'>fero,</span> <span class='ocrx_word' id='word_1_217' title='bbox 1175 1541 1283 1591; x_wconf 91' lang='lat' dir='ltr'>quod</span> <span class='ocrx_word' id='word_1_218' title='bbox 1304 1541 1415 1579; x_wconf 88' lang='lat' dir='ltr'>idem</span> <span class='ocrx_word' id='word_1_219' title='bbox 1435 1555 1514 1579; x_wconf 83' lang='lat' dir='ltr'>vsu</span> <span class='ocrx_word' id='word_1_220' title='bbox 1533 1541 1650 1578; x_wconf 83' lang='lat' dir='ltr'>venit</span> <span class='ocrx_word' id='word_1_221' title='bbox 1669 1540 1714 1578; x_wconf 90' lang='lat' dir='ltr'>in</span> <span class='ocrx_word' id='word_1_222' title='bbox 1738 1553 1784 1578; x_wconf 90' lang='lat' dir='ltr'>eo</span> <span class='ocrx_word' id='word_1_223' title='bbox 1805 1539 1872 1577; x_wconf 85' lang='lat' dir='ltr'>cui</span> 
     </span>
     <span class='ocr_line' id='line_1_23' title="bbox 272 1605 1872 1657; baseline 0.001 -15"><span class='ocrx_word' id='word_1_224' title='bbox 272 1605 475 1643; x_wconf 87' lang='lat' dir='ltr'>mutando</span> <span class='ocrx_word' id='word_1_225' title='bbox 494 1605 763 1654; x_wconf 88' lang='lat' dir='ltr'>potissimum</span> <span class='ocrx_word' id='word_1_226' title='bbox 791 1605 868 1644; x_wconf 91' lang='lat' dir='ltr'>hoc</span> <span class='ocrx_word' id='word_1_227' title='bbox 889 1606 1044 1645; x_wconf 84' lang='lat' dir='ltr'>laboris</span> <span class='ocrx_word' id='word_1_228' title='bbox 1067 1607 1395 1657; x_wconf 78' lang='lat' dir='ltr'>suscipiebatur3</span> <span class='ocrx_word' id='word_1_229' title='bbox 1425 1606 1633 1656; x_wconf 85' lang='lat' dir='ltr'>siquidem</span> <span class='ocrx_word' id='word_1_230' title='bbox 1653 1607 1695 1644; x_wconf 88' lang='lat' dir='ltr'>et</span> <span class='ocrx_word' id='word_1_231' title='bbox 1714 1606 1750 1644; x_wconf 92' lang='lat' dir='ltr'>is</span> <span class='ocrx_word' id='word_1_232' title='bbox 1772 1606 1872 1644; x_wconf 90' lang='lat' dir='ltr'>adeo</span> 
     </span>
     <span class='ocr_line' id='line_1_24' title="bbox 272 1670 1873 1721; baseline 0 -12"><span class='ocrx_word' id='word_1_233' title='bbox 272 1684 314 1709; x_wconf 87' lang='lat' dir='ltr'>se</span> <span class='ocrx_word' id='word_1_234' title='bbox 352 1684 437 1709; x_wconf 91' lang='lat' dir='ltr'>non</span> <span class='ocrx_word' id='word_1_235' title='bbox 470 1670 645 1708; x_wconf 86' lang='lat' dir='ltr'>reuulsit</span> <span class='ocrx_word' id='word_1_236' title='bbox 679 1670 729 1708; x_wconf 87' lang='lat' dir='ltr'>ab</span> <span class='ocrx_word' id='word_1_237' title='bbox 765 1670 859 1710; x_wconf 80' lang='lat' dir='ltr'>aula</span> <span class='ocrx_word' id='word_1_238' title='bbox 891 1675 935 1710; x_wconf 90' lang='lat' dir='ltr'>vt</span> <span class='ocrx_word' id='word_1_239' title='bbox 970 1672 1104 1711; x_wconf 88' lang='lat' dir='ltr'>multo</span> <span class='ocrx_word' id='word_1_240' title='bbox 1141 1673 1267 1711; x_wconf 88' lang='lat' dir='ltr'>altius</span> <span class='ocrx_word' id='word_1_241' title='bbox 1299 1672 1434 1710; x_wconf 89' lang='lat' dir='ltr'>indies</span> <span class='ocrx_word' id='word_1_242' title='bbox 1470 1672 1757 1721; x_wconf 85' lang='lat' dir='ltr'>immergatur,</span> <span class='ocrx_word' id='word_1_243' title='bbox 1794 1684 1873 1720; x_wconf 88' lang='lat' dir='ltr'>qua</span> 
     </span>
    </p>

    <p class='ocr_par' dir='ltr' id='par_1_9' title="bbox 216 1735 1875 2048">
     <span class='ocr_line' id='line_1_25' title="bbox 216 1735 1869 1788; baseline 0.001 -15"><span class='ocrx_word' id='word_1_244' title='bbox 216 1751 253 1782; x_wconf 89' lang='lat'>15</span> <span class='ocrx_word' id='word_1_245' title='bbox 272 1735 423 1786; x_wconf 86' lang='lat' dir='ltr'>pietate</span> <span class='ocrx_word' id='word_1_246' title='bbox 462 1736 611 1782; x_wconf 86' lang='lat' dir='ltr'>nescio,</span> <span class='ocrx_word' id='word_1_247' title='bbox 646 1737 717 1775; x_wconf 90' lang='lat' dir='ltr'>sed</span> <span class='ocrx_word' id='word_1_248' title='bbox 755 1737 936 1786; x_wconf 89' lang='lat' dir='ltr'>omnino,</span> <span class='ocrx_word' id='word_1_249' title='bbox 973 1739 1082 1788; x_wconf 86' lang='lat' dir='ltr'>quod</span> <span class='ocrx_word' id='word_1_250' title='bbox 1117 1737 1207 1787; x_wconf 89' lang='lat' dir='ltr'>ipse</span> <span class='ocrx_word' id='word_1_251' title='bbox 1240 1737 1405 1785; x_wconf 89' lang='lat' dir='ltr'>fatetur,</span> <span class='ocrx_word' id='word_1_252' title='bbox 1441 1750 1592 1787; x_wconf 83' lang='lat' dir='ltr'>magna</span> <span class='ocrx_word' id='word_1_253' title='bbox 1626 1737 1869 1775; x_wconf 86' lang='lat' dir='ltr'>calamitate.</span> 
     </span>
     <span class='ocr_line' id='line_1_26' title="bbox 274 1801 1875 1853; baseline 0.001 -15"><span class='ocrx_word' id='word_1_254' title='bbox 274 1801 358 1839; x_wconf 89' lang='lat' dir='ltr'>Nec</span> <span class='ocrx_word' id='word_1_255' title='bbox 387 1815 454 1839; x_wconf 90' lang='lat' dir='ltr'>me</span> <span class='ocrx_word' id='word_1_256' title='bbox 482 1804 624 1839; x_wconf 86' lang='lat' dir='ltr'>tamen</span> <span class='ocrx_word' id='word_1_257' title='bbox 652 1803 878 1841; x_wconf 89' lang='lat' dir='ltr'>admodum</span> <span class='ocrx_word' id='word_1_258' title='bbox 907 1804 1076 1841; x_wconf 88' lang='lat' dir='ltr'>miseret</span> <span class='ocrx_word' id='word_1_259' title='bbox 1104 1803 1240 1850; x_wconf 84' lang='lat' dir='ltr'>amici,</span> <span class='ocrx_word' id='word_1_260' title='bbox 1271 1816 1352 1853; x_wconf 87' lang='lat' dir='ltr'>quo</span> <span class='ocrx_word' id='word_1_261' title='bbox 1380 1803 1449 1841; x_wconf 87' lang='lat' dir='ltr'>vel</span> <span class='ocrx_word' id='word_1_262' title='bbox 1478 1803 1646 1841; x_wconf 86' lang='lat' dir='ltr'>fortuna</span> <span class='ocrx_word' id='word_1_263' title='bbox 1675 1803 1875 1852; x_wconf 87' lang='lat' dir='ltr'>magistra</span> 
     </span>
     <span class='ocr_line' id='line_1_27' title="bbox 273 1867 1874 1918; baseline 0.001 -14"><span class='ocrx_word' id='word_1_264' title='bbox 273 1867 487 1916; x_wconf 78' lang='lat' dir='ltr'>resipiscat</span> <span class='ocrx_word' id='word_1_265' title='bbox 517 1867 751 1917; x_wconf 88' lang='lat' dir='ltr'>aliquando,</span> <span class='ocrx_word' id='word_1_266' title='bbox 776 1869 848 1918; x_wconf 86' lang='lat' dir='ltr'>qui</span> <span class='ocrx_word' id='word_1_267' title='bbox 874 1869 1030 1907; x_wconf 86' lang='lat' dir='ltr'>nostris</span> <span class='ocrx_word' id='word_1_268' title='bbox 1061 1868 1235 1907; x_wconf 90' lang='lat' dir='ltr'>monitis</span> <span class='ocrx_word' id='word_1_269' title='bbox 1261 1881 1403 1918; x_wconf 88' lang='lat' dir='ltr'>parere</span> <span class='ocrx_word' id='word_1_270' title='bbox 1422 1868 1613 1906; x_wconf 89' lang='lat' dir='ltr'>noluerit.</span> <span class='ocrx_word' id='word_1_271' title='bbox 1674 1868 1740 1906; x_wconf 91' lang='lat' dir='ltr'>Me</span> <span class='ocrx_word' id='word_1_272' title='bbox 1759 1881 1874 1914; x_wconf 88' lang='lat' dir='ltr'>vero,</span> 
     </span>
     <span class='ocr_line' id='line_1_28' title="bbox 274 1931 1874 1983; baseline 0.001 -14"><span class='ocrx_word' id='word_1_273' title='bbox 274 1931 371 1970; x_wconf 86' lang='lat' dir='ltr'>licet</span> <span class='ocrx_word' id='word_1_274' title='bbox 404 1945 567 1982; x_wconf 87' lang='lat' dir='ltr'>semper</span> <span class='ocrx_word' id='word_1_275' title='bbox 600 1933 680 1971; x_wconf 92' lang='lat' dir='ltr'>huc</span> <span class='ocrx_word' id='word_1_276' title='bbox 713 1934 957 1981; x_wconf 87' lang='lat' dir='ltr'>enitentem,</span> <span class='ocrx_word' id='word_1_277' title='bbox 995 1935 1057 1972; x_wconf 91' lang='lat' dir='ltr'>tot</span> <span class='ocrx_word' id='word_1_278' title='bbox 1095 1933 1271 1981; x_wconf 84' lang='lat' dir='ltr'>casibus,</span> <span class='ocrx_word' id='word_1_279' title='bbox 1308 1935 1371 1971; x_wconf 89' lang='lat' dir='ltr'>tot</span> <span class='ocrx_word' id='word_1_280' title='bbox 1404 1933 1722 1983; x_wconf 81' lang='lat' dir='ltr'>tempestatibus</span> <span class='ocrx_word' id='word_1_281' title='bbox 1755 1946 1874 1971; x_wconf 88' lang='lat' dir='ltr'>meus</span> 
     </span>
     <span class='ocr_line' id='line_1_29' title="bbox 275 1998 1875 2048; baseline 0.001 -13"><span class='ocrx_word' id='word_1_282' title='bbox 275 1998 455 2035; x_wconf 83' lang='lat' dir='ltr'>exercuit</span> <span class='ocrx_word' id='word_1_283' title='bbox 477 1998 635 2048; x_wconf 84' lang='lat' dir='ltr'>genius,</span> <span class='ocrx_word' id='word_1_284' title='bbox 659 2000 704 2036; x_wconf 89' lang='lat' dir='ltr'>vt</span> <span class='ocrx_word' id='word_1_285' title='bbox 724 1999 898 2048; x_wconf 88' lang='lat' dir='ltr'>Vlysses</span> <span class='ocrx_word' id='word_1_286' title='bbox 922 1998 1173 2037; x_wconf 86' lang='lat' dir='ltr'>Homericus</span> <span class='ocrx_word' id='word_1_287' title='bbox 1192 2011 1287 2048; x_wconf 89' lang='lat' dir='ltr'>prae</span> <span class='ocrx_word' id='word_1_288' title='bbox 1310 2011 1377 2036; x_wconf 91' lang='lat' dir='ltr'>me</span> <span class='ocrx_word' id='word_1_289' title='bbox 1400 1998 1641 2048; x_wconf 88' lang='lat' dir='ltr'>Polycrates</span> <span class='ocrx_word' id='word_1_290' title='bbox 1667 1998 1875 2048; x_wconf 83' lang='lat' dir='ltr'>quispiam</span> 
     </span>
    </p>

    <p class='ocr_par' dir='ltr' id='par_1_10' title="bbox 218 2063 565 2113">
     <span class='ocr_line' id='line_1_30' title="bbox 218 2063 565 2113; baseline -0.003 -11"><span class='ocrx_word' id='word_1_291' title='bbox 218 2076 256 2097; x_wconf 87' lang='lat'>20</span> <span class='ocrx_word' id='word_1_292' title='bbox 273 2063 406 2102; x_wconf 86' lang='lat' dir='ltr'>videri</span> <span class='ocrx_word' id='word_1_293' title='bbox 424 2063 565 2113; x_wconf 87' lang='lat' dir='ltr'>possit.</span> 
     </span>
    </p>

    <p class='ocr_par' dir='ltr' id='par_1_11' title="bbox 275 2129 1878 2376">
     <span class='ocr_line' id='line_1_31' title="bbox 329 2129 1875 2180; baseline 0.001 -14"><span class='ocrx_word' id='word_1_294' title='bbox 329 2129 384 2167; x_wconf 85' lang='lat' dir='ltr'>Et</span> <span class='ocrx_word' id='word_1_295' title='bbox 414 2132 556 2167; x_wconf 85' lang='lat' dir='ltr'>tamen</span> <span class='ocrx_word' id='word_1_296' title='bbox 587 2129 677 2168; x_wconf 90' lang='lat' dir='ltr'>eius</span> <span class='ocrx_word' id='word_1_297' title='bbox 707 2129 861 2168; x_wconf 88' lang='lat' dir='ltr'>laboris</span> <span class='ocrx_word' id='word_1_298' title='bbox 895 2143 961 2168; x_wconf 89' lang='lat' dir='ltr'>me</span> <span class='ocrx_word' id='word_1_299' title='bbox 992 2143 1077 2168; x_wconf 89' lang='lat' dir='ltr'>non</span> <span class='ocrx_word' id='word_1_300' title='bbox 1111 2130 1283 2168; x_wconf 91' lang='lat' dir='ltr'>omnino</span> <span class='ocrx_word' id='word_1_301' title='bbox 1312 2130 1506 2180; x_wconf 84' lang='lat' dir='ltr'>poenitet,</span> <span class='ocrx_word' id='word_1_302' title='bbox 1536 2130 1573 2167; x_wconf 91' lang='lat' dir='ltr'>si</span> <span class='ocrx_word' id='word_1_303' title='bbox 1602 2131 1691 2167; x_wconf 89' lang='lat' dir='ltr'>tam</span> <span class='ocrx_word' id='word_1_304' title='bbox 1719 2129 1875 2168; x_wconf 87' lang='lat' dir='ltr'>multos</span> 
     </span>
     <span class='ocr_line' id='line_1_32' title="bbox 275 2194 1878 2244; baseline 0.001 -13"><span class='ocrx_word' id='word_1_305' title='bbox 275 2194 496 2232; x_wconf 81' lang='lat' dir='ltr'>extimulat</span> <span class='ocrx_word' id='word_1_306' title='bbox 516 2195 567 2232; x_wconf 88' lang='lat' dir='ltr'>ad</span> <span class='ocrx_word' id='word_1_307' title='bbox 593 2207 712 2233; x_wconf 89' lang='lat' dir='ltr'>verae</span> <span class='ocrx_word' id='word_1_308' title='bbox 736 2195 904 2244; x_wconf 88' lang='lat' dir='ltr'>pietatis</span> <span class='ocrx_word' id='word_1_309' title='bbox 923 2195 1124 2234; x_wconf 87' lang='lat' dir='ltr'>studium.</span> <span class='ocrx_word' id='word_1_310' title='bbox 1186 2195 1270 2233; x_wconf 87' lang='lat' dir='ltr'>Nec</span> <span class='ocrx_word' id='word_1_311' title='bbox 1296 2195 1387 2244; x_wconf 90' lang='lat' dir='ltr'>ipse</span> <span class='ocrx_word' id='word_1_312' title='bbox 1411 2196 1553 2233; x_wconf 85' lang='lat' dir='ltr'>tamen</span> <span class='ocrx_word' id='word_1_313' title='bbox 1580 2194 1722 2233; x_wconf 89' lang='lat' dir='ltr'>videor</span> <span class='ocrx_word' id='word_1_314' title='bbox 1741 2194 1878 2233; x_wconf 89' lang='lat' dir='ltr'>modis</span> 
     </span>
     <span class='ocr_line' id='line_1_33' title="bbox 277 2259 1874 2310; baseline 0.001 -13"><span class='ocrx_word' id='word_1_315' title='bbox 277 2259 472 2298; x_wconf 87' lang='lat' dir='ltr'>omnibus</span> <span class='ocrx_word' id='word_1_316' title='bbox 502 2261 782 2309; x_wconf 89' lang='lat' dir='ltr'>insectandus,</span> <span class='ocrx_word' id='word_1_317' title='bbox 806 2262 842 2299; x_wconf 89' lang='lat' dir='ltr'>si</span> <span class='ocrx_word' id='word_1_318' title='bbox 865 2261 1040 2299; x_wconf 89' lang='lat' dir='ltr'>monitis</span> <span class='ocrx_word' id='word_1_319' title='bbox 1069 2261 1174 2299; x_wconf 88' lang='lat' dir='ltr'>meis</span> <span class='ocrx_word' id='word_1_320' title='bbox 1199 2274 1347 2310; x_wconf 89' lang='lat' dir='ltr'>parum</span> <span class='ocrx_word' id='word_1_321' title='bbox 1375 2260 1608 2310; x_wconf 85' lang='lat' dir='ltr'>respondeo.</span> <span class='ocrx_word' id='word_1_322' title='bbox 1668 2260 1874 2308; x_wconf 87' lang='lat' dir='ltr'>Primum,</span> 
     </span>
     <span class='ocr_line' id='line_1_34' title="bbox 276 2324 1876 2376; baseline 0.001 -14"><span class='ocrx_word' id='word_1_323' title='bbox 276 2326 338 2363; x_wconf 89' lang='lat' dir='ltr'>est</span> <span class='ocrx_word' id='word_1_324' title='bbox 357 2324 496 2374; x_wconf 87' lang='lat' dir='ltr'>aliqua</span> <span class='ocrx_word' id='word_1_325' title='bbox 515 2326 683 2375; x_wconf 84' lang='lat' dir='ltr'>pietatis</span> <span class='ocrx_word' id='word_1_326' title='bbox 703 2339 798 2375; x_wconf 86' lang='lat' dir='ltr'>pars</span> <span class='ocrx_word' id='word_1_327' title='bbox 817 2339 867 2364; x_wconf 79' lang='lat' dir='ltr'>ex</span> <span class='ocrx_word' id='word_1_328' title='bbox 886 2326 1029 2364; x_wconf 89' lang='lat' dir='ltr'>animo</span> <span class='ocrx_word' id='word_1_329' title='bbox 1047 2326 1156 2365; x_wconf 83' lang='lat' dir='ltr'>velle</span> <span class='ocrx_word' id='word_1_330' title='bbox 1174 2326 1293 2376; x_wconf 90' lang='lat' dir='ltr'>pium</span> <span class='ocrx_word' id='word_1_331' title='bbox 1312 2326 1404 2364; x_wconf 88' lang='lat' dir='ltr'>fieri</span> <span class='ocrx_word' id='word_1_332' title='bbox 1419 2341 1429 2374; x_wconf 82' lang='lat'><em>3</em></span> <span class='ocrx_word' id='word_1_333' title='bbox 1458 2339 1594 2376; x_wconf 89' lang='lat' dir='ltr'>neque</span> <span class='ocrx_word' id='word_1_334' title='bbox 1607 2325 1876 2364; x_wconf 84' lang='lat' dir='ltr'>reiiciendum</span> 
     </span>
    </p>

    <p class='ocr_par' dir='ltr' id='par_1_12' title="bbox 221 2390 1879 2703">
     <span class='ocr_line' id='line_1_35' title="bbox 221 2390 1878 2441; baseline 0.001 -13"><span class='ocrx_word' id='word_1_335' title='bbox 221 2403 258 2434; x_wconf 78' lang='lat'>25</span> <span class='ocrx_word' id='word_1_336' title='bbox 278 2390 423 2440; x_wconf 87' lang='lat' dir='ltr'>opinor</span> <span class='ocrx_word' id='word_1_337' title='bbox 450 2392 593 2441; x_wconf 87' lang='lat' dir='ltr'>pectus</span> <span class='ocrx_word' id='word_1_338' title='bbox 621 2391 775 2430; x_wconf 88' lang='lat' dir='ltr'>talibus</span> <span class='ocrx_word' id='word_1_339' title='bbox 803 2391 1013 2430; x_wconf 87' lang='lat' dir='ltr'>intentum</span> <span class='ocrx_word' id='word_1_340' title='bbox 1042 2392 1374 2441; x_wconf 85' lang='lat' dir='ltr'>cogitationibus,</span> <span class='ocrx_word' id='word_1_341' title='bbox 1397 2392 1564 2430; x_wconf 89' lang='lat' dir='ltr'>etiamsi</span> <span class='ocrx_word' id='word_1_342' title='bbox 1594 2393 1788 2430; x_wconf 88' lang='lat' dir='ltr'>conatum</span> <span class='ocrx_word' id='word_1_343' title='bbox 1807 2390 1878 2429; x_wconf 88' lang='lat' dir='ltr'>ali-</span> 
     </span>
     <span class='ocr_line' id='line_1_36' title="bbox 279 2455 1874 2507; baseline 0.001 -14"><span class='ocrx_word' id='word_1_344' title='bbox 279 2456 443 2504; x_wconf 89' lang='lat' dir='ltr'>quando</span> <span class='ocrx_word' id='word_1_345' title='bbox 477 2455 677 2494; x_wconf 87' lang='lat' dir='ltr'>destituat</span> <span class='ocrx_word' id='word_1_346' title='bbox 710 2470 934 2496; x_wconf 87' lang='lat' dir='ltr'>successus.</span> <span class='ocrx_word' id='word_1_347' title='bbox 995 2458 1167 2506; x_wconf 86' lang='lat' dir='ltr'>Semper</span> <span class='ocrx_word' id='word_1_348' title='bbox 1198 2457 1274 2495; x_wconf 87' lang='lat' dir='ltr'>hoc</span> <span class='ocrx_word' id='word_1_349' title='bbox 1307 2457 1518 2507; x_wconf 87' lang='lat' dir='ltr'>agendum</span> <span class='ocrx_word' id='word_1_350' title='bbox 1552 2456 1596 2494; x_wconf 90' lang='lat' dir='ltr'>in</span> <span class='ocrx_word' id='word_1_351' title='bbox 1627 2456 1742 2495; x_wconf 90' lang='lat' dir='ltr'>omni</span> <span class='ocrx_word' id='word_1_352' title='bbox 1774 2456 1874 2504; x_wconf 84' lang='lat' dir='ltr'>vita,</span> 
     </span>
     <span class='ocr_line' id='line_1_37' title="bbox 278 2521 1879 2573; baseline 0.001 -15"><span class='ocrx_word' id='word_1_353' title='bbox 278 2523 319 2559; x_wconf 88' lang='lat' dir='ltr'>et</span> <span class='ocrx_word' id='word_1_354' title='bbox 348 2521 490 2559; x_wconf 89' lang='lat' dir='ltr'>crebro</span> <span class='ocrx_word' id='word_1_355' title='bbox 521 2523 777 2560; x_wconf 86' lang='lat' dir='ltr'>retentatum</span> <span class='ocrx_word' id='word_1_356' title='bbox 811 2523 1002 2561; x_wconf 86' lang='lat' dir='ltr'>succedet</span> <span class='ocrx_word' id='word_1_357' title='bbox 1036 2522 1270 2573; x_wconf 87' lang='lat' dir='ltr'>aliquando.</span> <span class='ocrx_word' id='word_1_358' title='bbox 1340 2523 1504 2560; x_wconf 85' lang='lat' dir='ltr'>Bonam</span> <span class='ocrx_word' id='word_1_359' title='bbox 1538 2524 1681 2561; x_wconf 89' lang='lat' dir='ltr'>autem</span> <span class='ocrx_word' id='word_1_360' title='bbox 1713 2521 1879 2560; x_wconf 84' lang='lat' dir='ltr'>itineris</span> 
     </span>
     <span class='ocr_line' id='line_1_38' title="bbox 278 2586 1878 2638; baseline 0.001 -15"><span class='ocrx_word' id='word_1_361' title='bbox 278 2586 462 2636; x_wconf 84' lang='lat' dir='ltr'>perplexi</span> <span class='ocrx_word' id='word_1_362' title='bbox 490 2589 649 2636; x_wconf 89' lang='lat' dir='ltr'>partem</span> <span class='ocrx_word' id='word_1_363' title='bbox 678 2588 864 2635; x_wconf 86' lang='lat' dir='ltr'>confecit,</span> <span class='ocrx_word' id='word_1_364' title='bbox 892 2588 963 2638; x_wconf 92' lang='lat' dir='ltr'>qui</span> <span class='ocrx_word' id='word_1_365' title='bbox 992 2588 1105 2626; x_wconf 90' lang='lat' dir='ltr'>viam</span> <span class='ocrx_word' id='word_1_366' title='bbox 1133 2587 1261 2638; x_wconf 85' lang='lat' dir='ltr'>probe</span> <span class='ocrx_word' id='word_1_367' title='bbox 1289 2587 1446 2626; x_wconf 88' lang='lat' dir='ltr'>didicit.</span> <span class='ocrx_word' id='word_1_368' title='bbox 1507 2587 1627 2626; x_wconf 91' lang='lat' dir='ltr'>Nihil</span> <span class='ocrx_word' id='word_1_369' title='bbox 1655 2587 1783 2637; x_wconf 87' lang='lat' dir='ltr'>igitur</span> <span class='ocrx_word' id='word_1_370' title='bbox 1810 2599 1878 2626; x_wconf 89' lang='lat' dir='ltr'>me</span> 
     </span>
     <span class='ocr_line' id='line_1_39' title="bbox 281 2652 1877 2703; baseline 0.002 -14"><span class='ocrx_word' id='word_1_371' title='bbox 281 2654 454 2690; x_wconf 86' lang='lat' dir='ltr'>mouent</span> <span class='ocrx_word' id='word_1_372' title='bbox 483 2653 744 2701; x_wconf 88' lang='lat' dir='ltr'>quorundam</span> <span class='ocrx_word' id='word_1_373' title='bbox 774 2654 1012 2701; x_wconf 87' lang='lat' dir='ltr'>scommata,</span> <span class='ocrx_word' id='word_1_374' title='bbox 1045 2653 1116 2703; x_wconf 87' lang='lat' dir='ltr'>qui</span> <span class='ocrx_word' id='word_1_375' title='bbox 1146 2652 1336 2692; x_wconf 90' lang='lat' dir='ltr'>libellum</span> <span class='ocrx_word' id='word_1_376' title='bbox 1369 2653 1480 2692; x_wconf 89' lang='lat' dir='ltr'>hunc</span> <span class='ocrx_word' id='word_1_377' title='bbox 1509 2666 1582 2691; x_wconf 90' lang='lat' dir='ltr'>ceu</span> <span class='ocrx_word' id='word_1_378' title='bbox 1610 2666 1758 2703; x_wconf 90' lang='lat' dir='ltr'>parum</span> <span class='ocrx_word' id='word_1_379' title='bbox 1787 2666 1877 2692; x_wconf 88' lang='lat' dir='ltr'>eru-</span> 
     </span>
    </p>

    <p class='ocr_par' dir='ltr' id='par_1_13' title="bbox 221 2717 1878 2834">
     <span class='ocr_line' id='line_1_40' title="bbox 221 2717 1874 2768; baseline 0.001 -13"><span class='ocrx_word' id='word_1_380' title='bbox 221 2728 261 2758; x_wconf 84' lang='lat'>30</span> <span class='ocrx_word' id='word_1_381' title='bbox 281 2717 416 2755; x_wconf 88' lang='lat' dir='ltr'>ditum</span> <span class='ocrx_word' id='word_1_382' title='bbox 447 2720 730 2767; x_wconf 88' lang='lat' dir='ltr'>aspernantur,</span> <span class='ocrx_word' id='word_1_383' title='bbox 760 2721 800 2756; x_wconf 92' lang='lat' dir='ltr'>et</span> <span class='ocrx_word' id='word_1_384' title='bbox 827 2719 899 2768; x_wconf 91' lang='lat' dir='ltr'>qui</span> <span class='ocrx_word' id='word_1_385' title='bbox 925 2719 992 2757; x_wconf 89' lang='lat' dir='ltr'>vel</span> <span class='ocrx_word' id='word_1_386' title='bbox 1021 2718 1072 2757; x_wconf 86' lang='lat' dir='ltr'>ab</span> <span class='ocrx_word' id='word_1_387' title='bbox 1100 2718 1370 2757; x_wconf 89' lang='lat' dir='ltr'>elementario</span> <span class='ocrx_word' id='word_1_388' title='bbox 1398 2719 1546 2768; x_wconf 89' lang='lat' dir='ltr'>quouis</span> <span class='ocrx_word' id='word_1_389' title='bbox 1573 2718 1701 2758; x_wconf 88' lang='lat' dir='ltr'>scribi</span> <span class='ocrx_word' id='word_1_390' title='bbox 1729 2718 1874 2768; x_wconf 81' lang='lat' dir='ltr'>possit,</span> 
     </span>
     <span class='ocr_line' id='line_1_41' title="bbox 282 2782 1878 2834; baseline 0.001 -15"><span class='ocrx_word' id='word_1_391' title='bbox 282 2783 389 2831; x_wconf 77' lang='lat' dir='ltr'>quod</span> <span class='ocrx_word' id='word_1_392' title='bbox 423 2783 532 2821; x_wconf 84' lang='lat' dir='ltr'>nihil</span> <span class='ocrx_word' id='word_1_393' title='bbox 563 2784 711 2821; x_wconf 86' lang='lat' dir='ltr'>tractet</span> <span class='ocrx_word' id='word_1_394' title='bbox 744 2783 999 2822; x_wconf 86' lang='lat' dir='ltr'>Scoticarum</span> <span class='ocrx_word' id='word_1_395' title='bbox 1037 2784 1357 2834; x_wconf 73' lang='lat' dir='ltr'>quaestionum3</span> <span class='ocrx_word' id='word_1_396' title='bbox 1395 2784 1512 2834; x_wconf 87' lang='lat' dir='ltr'>quasi</span> <span class='ocrx_word' id='word_1_397' title='bbox 1545 2785 1636 2823; x_wconf 92' lang='lat' dir='ltr'>sine</span> <span class='ocrx_word' id='word_1_398' title='bbox 1668 2784 1735 2823; x_wconf 88' lang='lat' dir='ltr'>his</span> <span class='ocrx_word' id='word_1_399' title='bbox 1768 2782 1878 2822; x_wconf 90' lang='lat' dir='ltr'>nihil</span> 
     </span>
    </p>
   </div>
   <div class='ocr_carea' id='block_1_7' title="bbox 368 2897 1790 2937">
    <p class='ocr_par' dir='ltr' id='par_1_14' title="bbox 368 2897 1790 2937">
     <span class='ocr_line' id='line_1_42' title="bbox 368 2897 1790 2937; baseline 0.002 -12"><span class='ocrx_word' id='word_1_400' title='bbox 368 2897 398 2926; x_wconf 86' lang='lat'>8.</span> <span class='ocrx_word' id='word_1_401' title='bbox 424 2897 572 2926; x_wconf 85' lang='lat' dir='ltr'>omnino</span> <span class='ocrx_word' id='word_1_402' title='bbox 589 2899 662 2927; x_wconf 69' lang='lat' dir='ltr'>acici.</span> <span class='ocrx_word' id='word_1_403' title='bbox 682 2900 724 2928; x_wconf 88' lang='lat' dir='ltr'>H.</span> <span class='ocrx_word' id='word_1_404' title='bbox 873 2908 920 2936; x_wconf 91' lang='lat'>14.</span> <span class='ocrx_word' id='word_1_405' title='bbox 946 2907 1016 2937; x_wconf 86' lang='lat' dir='ltr'>qua</span> <span class='ocrx_word' id='word_1_406' title='bbox 1033 2912 1052 2930; x_wconf 82' lang='grc' dir='ltr'>α</span> <span class='ocrx_word' id='word_1_407' title='bbox 1067 2909 1076 2928; x_wconf 85' lang='lat'>:</span> <span class='ocrx_word' id='word_1_408' title='bbox 1098 2899 1235 2936; x_wconf 83' lang='lat' dir='ltr'>quanta</span> <span class='ocrx_word' id='word_1_409' title='bbox 1251 2901 1293 2930; x_wconf 87' lang='lat' dir='ltr'>H.</span> <span class='ocrx_word' id='word_1_410' title='bbox 1442 2907 1492 2929; x_wconf 81' lang='lat'>22.</span> <span class='ocrx_word' id='word_1_411' title='bbox 1520 2898 1643 2928; x_wconf 88' lang='lat' dir='ltr'>videor</span> <span class='ocrx_word' id='word_1_412' title='bbox 1658 2900 1731 2928; x_wconf 79' lang='lat' dir='ltr'>add.</span> <span class='ocrx_word' id='word_1_413' title='bbox 1747 2899 1790 2928; x_wconf 88' lang='lat' dir='ltr'>H.</span> 
     </span>
    </p>
   </div>
   <div class='ocr_carea' id='block_1_8' title="bbox 325 2993 1879 3080">
    <p class='ocr_par' dir='ltr' id='par_1_15' title="bbox 325 2993 1879 3080">
     <span class='ocr_line' id='line_1_43' title="bbox 325 2993 1879 3038; baseline 0.002 -16"><span class='ocrx_word' id='word_1_414' title='bbox 325 3002 355 3023; x_wconf 87' lang='lat'>2.</span> <span class='ocrx_word' id='word_1_415' title='bbox 381 2993 551 3033; x_wconf 79' lang='lat' dir='ltr'>amiculo]</span> <span class='ocrx_word' id='word_1_416' title='bbox 572 2996 624 3028; x_wconf 90' lang='lat' dir='ltr'>Cf.</span> <span class='ocrx_word' id='word_1_417' title='bbox 643 2996 704 3035; x_wconf 88' lang='lat' dir='ltr'>Ep.</span> <span class='ocrx_word' id='word_1_418' title='bbox 721 2996 796 3035; x_wconf 88' lang='lat'>698.</span> <span class='ocrx_word' id='word_1_419' title='bbox 1163 3005 1213 3035; x_wconf 89' lang='lat'>19.</span> <span class='ocrx_word' id='word_1_420' title='bbox 1240 2996 1458 3038; x_wconf 85' lang='lat' dir='ltr'>Polycrates]</span> <span class='ocrx_word' id='word_1_421' title='bbox 1493 2996 1668 3037; x_wconf 88' lang='lat' dir='ltr'>Perpetua</span> <span class='ocrx_word' id='word_1_422' title='bbox 1703 2995 1879 3035; x_wconf 88' lang='lat' dir='ltr'>prosperi-</span> 
     </span>
     <span class='ocr_line' id='line_1_44' title="bbox 328 3038 1877 3080; baseline 0.002 -14"><span class='ocrx_word' id='word_1_423' title='bbox 328 3046 356 3074; x_wconf 86' lang='lat'>7.</span> <span class='ocrx_word' id='word_1_424' title='bbox 382 3038 501 3078; x_wconf 82' lang='lat' dir='ltr'>toties]</span> <span class='ocrx_word' id='word_1_425' title='bbox 521 3039 583 3069; x_wconf 86' lang='lat' dir='ltr'>See</span> <span class='ocrx_word' id='word_1_426' title='bbox 600 3040 662 3080; x_wconf 88' lang='lat' dir='ltr'>Ep.</span> <span class='ocrx_word' id='word_1_427' title='bbox 681 3049 724 3079; x_wconf 84' lang='lat'>93</span> <span class='ocrx_word' id='word_1_428' title='bbox 739 3039 871 3071; x_wconf 88' lang='lat' dir='ltr'>introd.</span> <span class='ocrx_word' id='word_1_429' title='bbox 1117 3041 1190 3070; x_wconf 81' lang='lat' dir='ltr'>tate</span> <span class='ocrx_word' id='word_1_430' title='bbox 1201 3049 1286 3070; x_wconf 84' lang='lat' dir='ltr'>vsus</span> <span class='ocrx_word' id='word_1_431' title='bbox 1303 3050 1310 3070; x_wconf 76' lang='grc' dir='ltr'>ε</span> <span class='ocrx_word' id='word_1_432' title='bbox 1327 3054 1346 3072; x_wconf 85' lang='grc' dir='ltr'>α</span> <span class='ocrx_word' id='word_1_433' title='bbox 1359 3043 1393 3071; x_wconf 79' lang='lat' dir='ltr'>in</span> <span class='ocrx_word' id='word_1_434' title='bbox 1404 3050 1503 3078; x_wconf 81' lang='lat' dir='ltr'>mary.</span> <span class='ocrx_word' id='word_1_435' title='bbox 1518 3051 1526 3078; x_wconf 92' lang='lat'>;</span> <span class='ocrx_word' id='word_1_436' title='bbox 1550 3040 1592 3071; x_wconf 84' lang='lat' dir='ltr'>cf.</span> <span class='ocrx_word' id='word_1_437' title='bbox 1609 3040 1697 3070; x_wconf 86' lang='lat' dir='ltr'>Hdt.</span> <span class='ocrx_word' id='word_1_438' title='bbox 1714 3048 1744 3077; x_wconf 88' lang='lat'>3.</span> <span class='ocrx_word' id='word_1_439' title='bbox 1757 3048 1809 3077; x_wconf 87' lang='lat'>39,</span> <span class='ocrx_word' id='word_1_440' title='bbox 1823 3048 1877 3076; x_wconf 93' lang='lat'>40.</span> 
     </span>
    </p>
   </div>
  </div>
 </body>
</html>
