2034 3433
138 143 232 198 788]
1638 151 1717 190 243

623 201 717 241 788.
777 200 841 241 To
872 200 1023 242 PETER
1053 200 1233 243 GILLES.

181 288 367 325 Deventer
385 289 462 325 MS.
480 299 536 335 91,
552 289 578 324 f.
597 300 642 334 34
658 293 709 325 v0.
1412 291 1587 327 Louvain.

183 345 223 381 E.
242 358 278 392 p.
301 349 385 392 187:
412 348 451 383 F.
470 360 505 393 p.
525 358 593 392 324
612 362 618 384 :
646 347 738 382 HN:
765 348 880 384 Lond.
900 348 960 384 vii.
980 359 1019 385 21
1041 361 1048 385 :
1075 349 1149 384 LB.
1169 359 1235 394 209
1333 358 1350 394 5
1369 349 1498 385 March
1519 349 1671 396 (1518).

275 405 350 441 and
366 406 462 452 App.
483 407 561 442 262.

183 483 343 525 [Leclerc
358 487 476 526 prints
491 485 567 516 this
583 485 690 516 letter
705 486 792 517 both
808 486 898 517 from
914 487 977 518 the
992 486 1138 526 printed
1157 488 1250 518 texts
1269 488 1340 518 and
1356 487 1447 518 from
1463 488 1525 519 the
1541 489 1721 519 Deventer

137 527 231 560 MS:
257 529 444 569 evidently
467 529 622 569 through
647 539 694 560 an
721 530 913 570 oversight.
963 530 1008 561 In
1032 530 1096 561 the
1122 530 1199 561 first
1223 540 1299 562 case
1323 531 1369 562 he
1392 533 1528 572 accepts
1551 532 1613 563 the
1636 532 1720 563 date

135 571 250 603 added
267 573 306 603 in
328 572 373 610 H,
392 573 511 604 which
531 573 562 604 is
580 572 787 613 manifestly
806 583 951 613 wrong3
976 574 1015 604 in
1031 573 1093 604 the
1108 574 1239 604 second
1255 575 1300 605 he
1317 574 1404 605 adds
1423 576 1516 614 1518,
1533 575 1669 615 which,
1682 576 1720 606 in

136 616 227 646 view
245 616 284 647 of
296 616 418 648 Gilles'
436 616 562 647 illness
584 616 655 647 and
671 615 849 647 Erasmus‘
871 617 1013 648 labours
1034 616 1125 648 with
1149 617 1212 648 the
1234 618 1321 649 New
1340 618 1554 660 Testament,
1573 628 1658 659 may
1677 620 1719 650 be

136 659 246 690 taken
261 669 300 691 as
315 659 479 701 correct]

623 725 827 755 ERASMVS
858 725 1000 755 PETRO
1030 726 1232 757 AEGIDIO.

189 805 228 844 S.
240 805 413 844 Vtinam
427 819 560 845 essem
579 805 732 844 ‘sanior
747 806 909 845 animae
920 808 1014 845 tuae
1027 807 1149 857 pars’,
1161 807 1509 857 quemadmodum
1520 810 1567 846 tu
1580 809 1718 847 vocas!

136 869 255 908 Nunc
274 870 362 921 ipse
380 884 527 921 parum
546 870 688 910 valens
714 873 854 921 egroto
880 871 1023 910 morbo
1045 871 1192 918 alieno,
1214 875 1255 911 et
1274 874 1413 911 tamen
1432 873 1483 911 ob
1503 873 1719 923 negocium

136 935 244 975 Noui
264 936 518 975 Testamenti
537 950 622 975 non
641 938 758 975 vacat
778 938 975 986 egrotare.
1031 937 1125 975 Non
1143 937 1262 976 video
1286 951 1413 987 spem,
1437 938 1517 976 nisi
1536 938 1719 988 primum

134 1001 311 1051 imperes
331 1001 501 1052 tibiipsi,
524 1001 672 1040 deinde
701 1001 899 1051 suscipias
923 1001 1001 1039 iter
1018 1004 1089 1040 aut
1109 1003 1190 1041 huc
1209 1004 1281 1041 aut
1301 1003 1559 1042 Gandauum.
1626 1003 1720 1042 Illic

134 1068 195 1105 est
215 1066 379 1116 Clauus,
401 1067 587 1106 medicus
605 1067 854 1114 maledicus;
882 1067 919 1105 ei
938 1069 980 1105 te
1009 1068 1304 1107 commendabo
1327 1068 1364 1107 si
1393 1068 1506 1116 velis,
1528 1070 1574 1107 vt
1593 1070 1634 1106 te
1653 1067 1717 1108 vel
1739 1080 1756 1111 5

135 1132 329 1171 conuiciis
365 1132 502 1182 adigat
530 1133 581 1171 ad
610 1132 835 1170 curandam
871 1132 1058 1170 salutem.
1129 1132 1307 1172 Abstine
1340 1147 1362 1172 a
1393 1133 1623 1183 pharmacis
1657 1134 1718 1172 de-

134 1197 368 1236 iicientibus
387 1199 559 1236 naturae
579 1197 698 1236 vires.
754 1197 972 1247 Expatiare
994 1198 1142 1237 comite
1162 1198 1328 1237 Nicolao
1347 1202 1418 1237 aut
1439 1199 1566 1237 simili
1590 1199 1720 1238 amico

134 1262 217 1301 fido
241 1275 287 1301 ac
311 1262 500 1301 iucundo.
560 1262 762 1312 Quicquid
790 1264 853 1301 est
880 1261 1022 1301 litium
1050 1262 1192 1312 procul
1221 1263 1356 1302 abiice.
1408 1263 1631 1303 Prudentis
1659 1266 1719 1302 est

134 1329 229 1366 ante
255 1328 397 1366 omnia
421 1328 531 1366 vitae
556 1327 777 1366 consulere.
837 1328 950 1366 Bene
975 1327 1078 1366 vale.
1135 1328 1202 1366 Ita
1230 1330 1270 1367 et
1300 1342 1374 1379 ego
1400 1329 1539 1368 minus
1567 1329 1720 1368 incom-

135 1392 255 1432 mode
274 1392 454 1431 valuero.
514 1392 688 1431 Louanii
712 1406 745 1442 3.
767 1405 864 1431 non.
887 1392 1021 1431 Marti.
1048 1390 1260 1445 [M.D.xv1].
1742 1406 1780 1428 10

561 1523 656 1563 789.
717 1521 780 1562 To
811 1521 1005 1563 MARCUS
1036 1521 1287 1565 LAURINUS.

180 1611 367 1648 Deventer
385 1611 462 1647 MS.
480 1622 538 1657 91,
556 1612 580 1647 f.
599 1622 643 1656 34
661 1615 710 1646 v0.
1410 1613 1587 1649 Louvain.

180 1671 251 1707 LB.
269 1671 363 1716 App.
384 1671 463 1715 264.
1328 1681 1344 1717 5
1366 1671 1497 1707 March
1518 1670 1671 1719 (1518).

613 1739 818 1770 ERASMVS
848 1740 1002 1771 MARCO
1034 1740 1244 1771 LAVRINO.

189 1822 227 1860 S.
250 1822 298 1860 D.
330 1821 594 1861 Destinaram
623 1822 665 1859 te
698 1820 830 1859 visere
859 1820 936 1859 sub
967 1821 1338 1871 deragesimam,
1371 1822 1440 1860 sed
1470 1820 1720 1871 Antuerpiae

135 1888 270 1926 nescio
299 1886 449 1937 quibus
478 1887 595 1925 tricis
627 1888 812 1925 retentus
851 1899 956 1925 sum.
1017 1886 1176 1925 Deinde
1213 1887 1373 1924 coelum
1410 1886 1721 1925 incommodum

134 1952 314 1990 mutauit
332 1951 563 1991 consilium.
621 1952 761 1990 Adero
775 1954 932 2000 tamen,
954 1953 1001 1990 vt
1020 1965 1147 2001 spero,
1166 1954 1261 1991 ante
1280 1964 1430 2002 paucos
1449 1952 1546 1990 dies.
1597 1952 1721 1990 Mitto

135 2016 338 2056 famulum
370 2030 512 2056 meum
541 2017 586 2055 in
616 2017 828 2066 Angliam,
859 2030 956 2055 mox
988 2017 1108 2055 rebus
1137 2017 1384 2066 quibusdam
1413 2018 1614 2056 confectis
1643 2017 1720 2055 hac

134 2081 376 2120 rediturum.
436 2082 579 2121 Saluta
616 2082 782 2120 Morum
809 2083 851 2120 et
879 2081 1071 2130 Paceum,
1104 2082 1177 2131 qui
1206 2085 1247 2120 te
1276 2095 1326 2120 ex
1354 2082 1493 2121 animo
1523 2082 1716 2132 diligunt.
1738 2087 1756 2120 5

135 2147 312 2186 Obsecro
338 2149 390 2192 te,
420 2146 481 2185 mi
509 2147 654 2194 Marce,
686 2148 855 2186 consule
884 2160 975 2185 meo
1004 2147 1162 2185 famulo
1192 2149 1238 2185 vt
1267 2148 1478 2185 commode
1508 2148 1721 2197 perueniat

135 2212 339 2252 Caletium
357 2213 429 2251 aut
452 2212 721 2250 Dunkerkam
741 2225 835 2250 cum
855 2211 993 2259 bonis;
1026 2225 1071 2250 ac
1090 2225 1142 2249 ne
1163 2213 1331 2262 cogatur
1350 2212 1511 2262 ingredi
1531 2214 1720 2261 suspecta

135 2277 369 2325 diue'rsoria‚
401 2278 472 2315 aut
501 2277 631 2326 recipe
660 2276 783 2314 illum
814 2276 865 2314 ad
896 2278 948 2322 te,
979 2279 1050 2314 aut
1085 2275 1296 2315 Ludouico
1334 2289 1425 2315 meo
1464 2277 1717 2315 commenda.

135 2342 340 2390 Breuiter,
359 2341 417 2380 ita
442 2343 591 2380 tractes
618 2341 812 2380 iuuenem
842 2343 886 2378 vt
915 2341 1087 2379 Erasmo
1116 2354 1199 2379 non
1227 2341 1438 2390 ingratum
1466 2341 1716 2380 ministrum.

134 2407 217 2446 Vbi
246 2406 408 2454 redibit,
435 2406 588 2445 scribas
616 2420 689 2456 per
718 2406 842 2444 illum
871 2405 922 2444 ad
945 2418 1036 2454 me;
1073 2418 1310 2455 quanquam
1339 2406 1484 2455 opinor
1511 2406 1625 2455 prius
1653 2419 1721 2445 me
1741 2418 1782 2441 10

134 2473 242 2522 apud
261 2485 335 2511 vos
360 2472 561 2510 futurum.
619 2472 734 2510 Bene
752 2471 853 2519 vale,
877 2471 1029 2520 optime
1055 2471 1200 2510 Marce.
1262 2471 1404 2509 Saluta
1423 2472 1471 2509 D.
1495 2471 1717 2520 Decanum,

136 2538 306 2576 fratrem
327 2538 510 2586 Petrum,
534 2550 581 2576 ac
601 2539 782 2576 caeteros
801 2537 964 2575 amicos.
1023 2537 1210 2576 Louanii.
1239 2549 1272 2584 3.
1295 2549 1389 2574 non.
1412 2535 1531 2575 Mart.

182 2637 258 2668 788.
285 2646 311 2668 1.
338 2636 640 2676 quemadmodum
656 2638 697 2667 tu
713 2645 814 2667 vocas
831 2638 903 2667 add.
922 2639 958 2666 F.
1131 2646 1163 2675 5.
1188 2638 1226 2666 vt
1244 2637 1277 2666 te
1295 2661 1302 2667 .
1319 2660 1326 2666 .
1347 2660 1354 2666 .
1374 2637 1404 2666 6.
1423 2635 1576 2666 salutem
1593 2639 1666 2667 add.
1682 2639 1718 2668 F.

137 2691 168 2720 9.
192 2683 228 2711 et
243 2683 318 2711 aclcl.
335 2683 377 2710 Η.
469 2683 515 2710 Ε;
541 2680 767 2711 incommoda
782 2682 850 2710 MS.
940 2689 988 2710 10.
1016 2688 1154 2711 M.D.XVI
1169 2682 1242 2709 add.
1260 2682 1303 2711 H.
1406 2679 1478 2710 789.
1495 2691 1526 2717 4.
1552 2680 1616 2710 hac
1630 2682 1698 2710 MS.
1713 2691 1720 2712 :

138 2725 207 2754 huc
223 2726 284 2754 LB.
334 2725 376 2760 Os.
396 2726 453 2760 Ep.
473 2733 578 2764 792.3.

183 2822 255 2853 788.
282 2831 313 2861 5.
340 2820 485 2862 clauus]
503 2821 555 2854 Cf.
580 2822 642 2862 Ep.
659 2824 734 2862 650.
756 2832 795 2852 10
812 2832 848 2854 n.
1004 2831 1034 2861 5.
1062 2821 1199 2862 Saluta]
1218 2821 1272 2861 By
1289 2821 1413 2853 letters
1440 2821 1596 2861 through
1622 2821 1720 2854 John

183 2875 210 2904 7.
235 2865 395 2906 Nicolao]
413 2865 588 2904 Probably
605 2865 682 2898 Nic.
709 2866 747 2897 of
768 2866 895 2897 Herto—
961 2865 1092 2896 Smith.

136 2908 314 2948 genbosch
331 2920 338 2939 :
362 2918 418 2939 see
433 2908 497 2948 Ep.
514 2909 589 2939 616.
610 2918 648 2947 14
665 2918 698 2940 n.
1006 2910 1036 2939 8.
1063 2907 1261 2948 Ludouico]
1278 2907 1328 2940 Cf.
1348 2909 1413 2948 Ep.
1433 2918 1505 2948 790.

184 2951 255 2983 789.
288 2962 314 2983 1.
341 2954 375 2982 te
390 2952 520 2992 visere]
533 2951 583 2982 Cf.
603 2952 664 2992 Ep.
684 2952 756 2991 831.
779 2963 840 2992 109
850 2962 886 2983 n.
1011 2962 1058 2983 11.
1081 2951 1283 2992 Decanum]
1301 2951 1351 2984 Cf.
1369 2952 1433 2991 Ep.
1451 2953 1524 2990 651.
1545 2960 1585 2991 19
1601 2961 1636 2983 n.

227 2995 555 3037 Quadragcsimam]
570 2996 606 3026 It
622 2996 733 3036 began
758 3005 795 3034 17
812 2996 896 3027 Feb.
1011 3005 1058 3026 12.
1083 2995 1249 3036 Petrum]
1265 2996 1329 3027 See
1346 2995 1407 3036 Ep.
1426 3004 1498 3027 201.
1519 3005 1538 3025 2
1555 3005 1590 3027 n.

892 3063 960 3089 R2
