2034 3433
323 132 403 170 292
787 131 1037 171 LETTERS
1077 131 1146 170 OF
1183 131 1448 170 ERASMUS
1793 128 1920 184 [1518

321 235 440 275 video
460 238 499 275 te
518 237 639 275 rebus
665 236 797 286 magis
826 235 945 274 seriis
969 234 1194 273 addictum.
1252 234 1446 273 Coloniae
1474 247 1614 284 pugna
1642 247 1689 273 ea
1717 234 1922 274 diabolica

281 316 297 347 5
320 301 452 351 magis
471 315 515 340 ac
535 302 668 351 magis
686 299 947 339 incrudescit.
1007 300 1089 337 Res
1106 300 1303 349 vti-inque
1322 299 1490 338 dentata
1508 299 1649 339 charta
1666 300 1817 350 agitur.
1862 299 1920 337 Et

318 365 395 404 hos
427 367 635 405 tumultus
669 367 778 405 cient
817 365 860 403 in
898 364 995 404 orbe
1034 364 1270 404 Christiano
1307 364 1503 403 cucullati
1535 366 1814 415 sycophantae
1847 365 1918 415 qui

317 431 588 480 Euangelicae
609 432 794 470 doctrine
814 443 1035 481 praecones
1053 429 1197 469 haberi
1213 430 1375 469 volunt.
1431 430 1546 469 Bene
1564 429 1668 469 vale.

371 496 556 534 Louanii.
582 510 616 545 9.
641 497 722 536 Cal.
746 496 883 536 Maias.

828 609 921 649 8:25.
983 607 1048 648 To
1080 606 1108 648 J
1112 618 1207 649 om:
1240 605 1401 649 COLET.

361 686 548 722 Deventer
566 687 642 722 MS.
661 698 717 731 91,
738 688 761 723 f.
785 698 836 723 11.
1606 687 1782 723 Louvain.

360 743 401 779 E.
420 756 455 789 p.
473 746 541 789 46:
570 746 608 780 F.
627 758 663 791 p.
683 756 773 791 217:
802 746 894 781 HN:
924 746 1039 782 Lond.
1059 746 1106 781 iv.
1130 756 1169 781 1:
1198 745 1272 782 LB.
1291 755 1370 790 247.
1522 756 1565 791 23
1583 746 1691 792 April
1711 745 1866 793 (1518).

310 859 330 888 8
357 813 484 898 [Ιῗῑῑηᾶ
503 815 544 850 D,
563 815 661 846 John
679 815 799 847 Smith
821 815 894 857 (al),
914 816 944 847 is
959 816 1065 855 again
1081 814 1262 846 corrected
1278 815 1324 856 by
1341 816 1511 847 Erasmus
1528 814 1595 856 (αἳ)
1612 826 1650 847 as
1672 817 1710 847 in
1728 816 1817 856 Epp.
1836 817 1913 846 821.

332 865 383 897 30.

582 914 784 943 ERASMVS
816 914 978 944 IOANNI
1009 913 1193 954 COLETO,
1225 913 1406 944 DECANO
1438 915 1471 944 S.
1505 915 1651 944 PAVLI.

367 982 403 1020 S.
411 983 471 1031 P„
489 985 762 1033 patronorum
778 984 947 1034 optime.
997 983 1080 1021 Pro
1096 986 1169 1022 tuo
1184 983 1229 1021 in
1244 996 1311 1021 me
1327 983 1460 1022 officio
1481 984 1565 1022 iam
1585 984 1650 1034 egi
1669 983 1822 1033 gratias
1841 997 1917 1034 per

311 1047 590 1097 Franciscum,
614 1052 654 1087 et
674 1050 956 1100 syngrapham
976 1049 1128 1088 tradidi
1147 1062 1229 1100 qua
1248 1051 1378 1087 testor
1398 1048 1505 1087 mihi
1534 1049 1584 1087 de
1603 1049 1712 1099 regia
1738 1049 1915 1099 pecunia

309 1113 580 1154 satisfactum.
640 1115 847 1165 Accingor
873 1115 923 1153 ad
951 1115 1030 1153 iter
1056 1113 1457 1164 periculosissimum
1485 1114 1536 1153 ob
1563 1128 1696 1165 nuper
1715 1115 1914 1153 dimissos

308 1179 647 1218 sceleratissimos
670 1180 898 1230 praedones
924 1180 995 1230 qui
1021 1179 1212 1218 millibus
1237 1179 1395 1229 aliquot
1422 1180 1740 1230 conglomeratis
1765 1193 1816 1219 ex
1835 1193 1912 1219 sua

270 1251 287 1282 5
307 1242 478 1282 libidine
497 1245 793 1294 grassabantur
812 1245 856 1284 in
872 1245 1055 1296 quosuis.
1104 1245 1195 1284 Hec
1211 1247 1274 1283 est
1290 1245 1469 1284 crudelis
1484 1245 1719 1296 principum
1735 1245 1909 1284 clemen-

307 1308 375 1357 tia,
397 1322 560 1359 parcere
580 1310 721 1360 impiis
740 1311 954 1361 parricidis
972 1313 1014 1349 et
1033 1310 1241 1360 sacrilegis
1261 1310 1442 1358 nefariis,
1468 1323 1553 1349 non
1567 1324 1732 1360 parcere
1748 1310 1912 1350 ciuibus

305 1373 402 1412 suis.
462 1375 582 1413 Adeo
601 1375 806 1415 chariores
827 1378 926 1415 sunt
946 1375 1031 1414 illis
1050 1389 1123 1425 per
1142 1388 1244 1426 quos
1270 1375 1515 1426 opprimunt
1540 1376 1754 1426 populum,
1783 1389 1908 1427 quam

305 1439 484 1489 populus
503 1440 600 1490 ipse.

359 1503 535 1543 Vtinam
555 1506 774 1544 adiecisses
795 1506 956 1545 duobus
976 1505 1112 1545 verbis
1137 1519 1260 1556 quare
1279 1506 1323 1544 in
1351 1507 1483 1556 capite
1510 1506 1687 1556 septimo
1717 1507 1795 1545 tibi
1822 1520 1906 1547 non

247 1583 286 1606 10
304 1569 601 1618 satisfecerim;
641 1571 814 1610 fortasse
847 1571 955 1622 quod
986 1584 1060 1621 ego
1093 1571 1144 1609 ad
1174 1571 1346 1610 affectus
1376 1571 1530 1619 ret-tuli,
1567 1574 1614 1610 tu
1643 1572 1827 1611 malebas
1854 1573 1903 1610 ad

302 1632 438 1683 legem
462 1635 685 1675 Mosaicam
705 1636 858 1675 referri.
921 1636 1001 1675 Sed
1020 1636 1179 1675 Paulus
1197 1636 1284 1674 illic
1304 1636 1404 1675 adeo
1425 1636 1612 1676 lubricus
1635 1640 1697 1675 est
1720 1639 1766 1676 vt
1790 1650 1904 1676 nunc

302 1700 383 1737 huc
413 1700 615 1750 respiciat,
648 1715 760 1741 nunc
790 1701 888 1740 illuc
905 1716 915 1749 3
954 1703 1002 1740 vt
1032 1702 1075 1740 in
1107 1702 1175 1740 his
1204 1702 1460 1751 explicandis
1489 1714 1754 1752 summopere
1785 1703 1904 1741 sudet-

303 1762 511 1815 Origenes.
570 1767 690 1805 Alias
708 1767 915 1817 polliceris
935 1769 976 1806 te
996 1768 1261 1817 scripturum,
1283 1780 1431 1806 verum
1446 1768 1524 1806 hoc
1540 1767 1640 1806 alias
1656 1781 1796 1806 serum
1809 1768 1902 1806 erit.

303 1830 435 1879 Opere
463 1831 547 1869 iam
578 1831 767 1871 absoluto
793 1835 906 1871 totus
935 1832 984 1871 ad
1012 1846 1087 1871 vos
1115 1832 1275 1881 aduolo‚
1307 1832 1546 1882 praesertim
1576 1833 1613 1871 si
1643 1833 1743 1882 quid
1772 1833 1903 1872 bonae

243 1910 280 1941 15
303 1894 489 1934 fortunae
511 1899 701 1946 paratum
728 1898 807 1936 erit
826 1911 834 1936 :
865 1898 972 1948 quod
993 1899 1039 1937 vt
1059 1898 1143 1944 fiat,
1166 1910 1302 1948 perge,
1323 1900 1365 1936 te
1391 1911 1553 1948 quaeso,
1583 1898 1726 1936 adniti.
1786 1899 1904 1937 Bene

302 1960 402 1999 vale.
466 1975 499 2010 9.
525 1963 607 2001 Cal.
633 1962 762 2002 Maias
819 1962 1007 2002 Louanii.
1069 1961 1168 2014 [An.
1194 1960 1332 2014 1517.]

1633 2018 1842 2057 Erasmus.

755 2103 850 2143 8526.
912 2102 976 2143 To
1008 2101 1176 2143 HENRY
1210 2102 1439 2143 BULLocss.

344 2177 532 2215 Deventer
550 2180 626 2217 MS.
648 2190 704 2226 91,
723 2181 747 2215 f.
773 2192 809 2217 11
832 2187 880 2216 νο.
1590 2180 1767 2216 Louvain.

344 2236 388 2272 D.
408 2249 443 2282 p.
467 2247 556 2283 154:
583 2238 621 2272 F.
643 2251 678 2284 p.
702 2241 790 2282 148:
819 2239 910 2274 HN:
939 2240 1052 2276 Lond.
1071 2239 1125 2276 iii.
1147 2249 1185 2285 15
1205 2252 1212 2275 ι
1241 2239 1314 2274 LB.
1335 2250 1415 2284 243.
1503 2249 1548 2284 23
1566 2239 1675 2284 April
1696 2238 1849 2286 (1518).

342 2305 410 2347 [As
421 2307 514 2338 with
528 2307 590 2348 Ep.
604 2308 679 2346 821,
690 2308 791 2339 there
802 2318 860 2339 are
873 2309 1087 2340 corrections
1099 2310 1147 2349 by
1158 2309 1328 2340 Erasmus
1338 2307 1399 2350 (αἳ)
1414 2309 1454 2339 in
1467 2308 1529 2339 the
1542 2309 1764 2348 manuscript
1776 2308 1896 2339 which

297 2349 342 2380 do
358 2352 421 2381 not
441 2360 569 2391 appear
588 2352 625 2383 in
645 2352 687 2383 D.
727 2352 801 2382 The
818 2353 956 2392 copyist
974 2351 1038 2393 (al)
1058 2354 1088 2383 is
1105 2352 1217 2383 Hand
1235 2353 1277 2393 D,
1295 2353 1391 2384 John
1408 2351 1559 2392 Smith.]

642 2449 848 2480 ERASMVS
879 2451 1082 2482 HENRICO
1115 2450 1310 2480 BOVILLO
1341 2450 1424 2481 SVO
1453 2450 1486 2483 S.
1511 2451 1555 2482 D.

347 2518 385 2555 V
388 2530 496 2565 IDEO,
530 2519 589 2556 mi
619 2519 795 2568 Bouille,
828 2523 990 2560 tantam
1019 2521 1240 2560 hominum
1267 2521 1583 2570 peruersitatem
1609 2523 1650 2560 et
1675 2521 1895 2571 ingratitu-

293 2582 449 2630 dinem,
472 2585 518 2621 vt
538 2585 838 2633 propemodum
858 2587 902 2624 in
929 2586 1068 2624 animo
1096 2587 1151 2624 sit
1175 2585 1286 2624 edito
1313 2598 1456 2624 rursus
1482 2585 1602 2625 Nouo
1628 2586 1895 2625 Testamento

339 2668 413 2699 824.
439 2669 469 2699 6.
496 2671 569 2700 LE:
591 2670 761 2702 timultus
776 2674 845 2702 MS.
893 2673 935 2708 Cf.
954 2674 1013 2708 Ep.
1030 2671 1104 2710 689.
1121 2680 1153 2709 3.
1265 2672 1340 2702 825.
1363 2672 1566 2704 T1T.(1clcl.a².
1633 2682 1664 2711 9.
1692 2675 1742 2703 E:
1766 2672 1893 2703 duobis
1930 2706 1933 2709 ,

295 2723 328 2742 α.
435 2722 484 2743 11.
510 2715 548 2744 vt
566 2737 573 2744 .
593 2738 599 2745 .
619 2737 626 2745 .
648 2723 696 2745 12.
724 2716 892 2754 respiciat
917 2726 959 2745 a:
984 2725 1080 2745 nunc
1105 2714 1176 2745 huc
1201 2716 1397 2754 respiciens
1420 2717 1458 2748 E.
1565 2725 1614 2747 12.
1641 2715 1697 2746 a2:
1722 2715 1827 2746 sudat
1843 2713 1889 2746 al.

297 2765 346 2793 14.
374 2756 446 2785 iam
463 2755 516 2788 12²:
541 2756 608 2787 hoc
623 2756 667 2788 «1¹.
762 2767 809 2798 15.
837 2760 872 2789 te
889 2768 1020 2798 quaeso
1037 2761 1111 2790 add.
1124 2757 1169 2788 αἳ.
1264 2759 1311 2790 16.
1336 2769 1358 2798 9
1373 2769 1431 2790 om.
1444 2762 1479 2790 F.
1569 2760 1640 2792 An.
1664 2769 1744 2798 1517
1759 2761 1834 2790 add.
1846 2760 1889 2788 H.

298 2808 345 2836 17.
371 2798 541 2830 Erasmus
559 2811 616 2831 om.
634 2802 671 2833 E.
799 2802 874 2834 826.
898 2812 961 2834 ΤΠ.
980 2811 1135 2833 HEcho
1151 2804 1225 2833 aclcl.
1242 2801 1287 2832 αἳ.
1378 2812 1409 2834 2.
1436 2805 1475 2833 vt
1492 2802 1582 2834 a²Fz
1607 2804 1646 2834 vt
1663 2803 1755 2834 mihi
1770 2801 1804 2833 al
1814 2805 1852 2833 D.

337 2873 411 2906 824.
436 2888 467 2915 4.
493 2876 676 2918 Coloniae]
695 2877 748 2908 Cf.
762 2877 825 2918 Ep.
840 2878 915 2909 821.
937 2879 985 2909 18.
1212 2878 1309 2918 regia
1326 2878 1495 2920 pecunia]
1515 2879 1566 2911 Cf.
1590 2880 1654 2919 Ep.
1670 2880 1747 2910 816.
1762 2879 1830 2917 6,7.

336 2920 410 2950 825.
439 2931 465 2952 1.
493 2920 619 2962 officio]
645 2921 803 2961 Perhaps
825 2922 871 2954 cf.
896 2922 959 2963 Ep.
979 2921 1052 2951 821.
1169 2931 1196 2959 7.
1225 2931 1289 2961 per
1304 2921 1407 2962 quos]
1432 2922 1505 2953 The
1522 2922 1688 2962 soldiery.

297 2971 345 2994 12.
1167 2974 1197 3003 9.
1236 2965 1351 3005 capite
1376 2965 1546 3007 septimo]
1576 2966 1623 2997 Of
1643 2966 1819 3001 Romans;
1843 2963 1886 2995 cf.

335 3015 366 3037 2.
394 3007 639 3047 Franciseum]
656 3008 868 3040 Berckman.
1126 3008 1189 3047 Ep.
1207 3009 1281 3047 891.
1301 3018 1388 3048 234.
