2034 3433
261 103 341 143 200
721 102 972 141 LETTERS
1011 100 1080 139 OF
1119 99 1384 139 ERASMUS
1720 97 1844 152 [1518

260 207 453 257 Magnam
476 207 539 245 illi
564 219 678 256 spem
698 206 795 244 facit
822 208 893 243 tua
918 203 1025 242 nulli
1050 216 1134 241 non
1156 202 1398 253 praedicata,
1421 202 1569 241 multis
1590 203 1716 241 etiam
1737 215 1845 241 com-

260 274 387 322 perta,
405 272 652 310 humanitas.
699 270 822 309 Hanc
836 271 882 308 vt
897 269 964 306 hic
983 280 1142 318 quoque
1159 268 1391 318 experiatur
1404 267 1602 306 maiorem
1617 267 1662 305 in
1676 267 1846 306 modum

202 340 244 373 60
265 340 302 375 te
321 350 430 386 rogo.

314 402 435 440 Mitto
456 401 632 440 Paulum
656 399 887 449 apostolum
908 398 1094 436 Romane
1120 397 1361 447 loquentem
1381 399 1422 435 et
1442 397 1577 435 multo
1602 410 1727 447 quam
1746 397 1849 436 solet

261 466 528 517 explanatius.
589 464 831 503 Instituitur
855 463 922 502 hic
946 463 1171 513 collegium
1196 461 1395 512 trilingue
1417 475 1466 500 ex
1492 462 1625 512 legato
1652 462 1846 501 Buslidii.

263 531 341 570 Sed
361 531 602 580 obstrepunt
621 529 812 567 nonnulli
837 529 923 578 qui,
945 528 1053 577 quod
1080 530 1187 575 sunt,
1212 527 1419 577 bilingues
1444 540 1530 565 esse
1549 527 1740 575 malunt3
1769 527 1851 566 iam

262 595 391 633 vetuli
419 595 575 644 psitaci,
609 594 758 644 quibus
790 593 1013 632 mutandae
1044 593 1208 644 linguae
1239 605 1332 642 spes
1360 605 1445 630 non
1473 592 1540 631 sit.
1601 591 1717 630 Bene
1744 591 1848 640 vale,

202 666 244 707 65
262 662 530 711 patronorum
552 660 716 709 optime.

317 725 502 773 Louanii,
525 724 721 774 postridie
740 724 794 763 id.
816 724 905 763 Ian.
926 725 1007 762 An.
1032 736 1118 762 ΜΛ).
1149 725 1206 762 18.
1269 723 1333 761 Ex
1352 722 1472 761 Lilio.

1565 788 1764 827 Erasmus
1783 790 1852 826 &c.

632 935 727 976 762.
786 934 851 975 To
881 934 1071 975 ANTONY
1104 944 1158 974 OF
1191 932 1494 975 LUXEMBURG.

312 1037 497 1073 Deventer
513 1036 589 1072 MS.
609 1047 667 1082 91,
684 1036 709 1071 f.
730 1037 774 1072 86
791 1039 841 1071 νο.
1469 1034 1694 1082 <Louvain.>

314 1095 385 1130 LB.
401 1095 496 1140 App.
515 1105 594 1140 309.
1360 1092 1413 1139 (c,
1437 1104 1478 1137 14
1495 1094 1663 1139 January
1684 1092 1808 1139 1518.)

310 1186 412 1227 [This
428 1186 535 1217 letter
552 1188 690 1226 repeats
706 1184 813 1216 much
831 1184 869 1215 of
881 1185 942 1216 the
959 1185 1123 1215 contente
1139 1184 1177 1215 of
1190 1185 1252 1225 Ep.
1269 1185 1333 1224 673
1350 1196 1357 1224 ς
1375 1185 1439 1216 but
1452 1185 1545 1216 from
1562 1185 1624 1216 the
1640 1185 1805 1216 mention
1823 1185 1863 1215 of

266 1230 329 1261 the
354 1230 574 1269 Paraphrase
607 1229 643 1270 (l.
663 1229 719 1268 43)
737 1230 766 1259 it
789 1238 873 1267 may
897 1229 939 1259 be
964 1227 1073 1258 taken
1096 1237 1134 1259 as
1157 1231 1429 1269 contemporary
1456 1229 1549 1260 with
1573 1228 1637 1269 Ep.
1663 1230 1739 1270 761,
1764 1228 1857 1259 with

267 1274 387 1304 which
405 1275 478 1305 also
494 1273 524 1304 it
540 1274 605 1304 has
620 1273 728 1304 much
746 1274 785 1303 in
801 1270 993 1312 common]

545 1371 749 1401 ERASMVS
780 1371 979 1401 ANTONIO
1012 1370 1335 1401 LVTSEMBVRGO
1367 1371 1448 1401 SVO
1480 1371 1512 1400 S.
1539 1372 1583 1403 D.

322 1452 407 1491 H1c
427 1452 713 1499 Theodoricus,
735 1450 887 1501 absque
909 1450 1127 1499 supercilio
1146 1451 1376 1501 theologico
1395 1451 1620 1502 theologus,
1643 1452 1859 1502 ingentem

268 1518 374 1557 mihi
416 1518 675 1568 voluptatem
713 1516 864 1563 attulit,
905 1515 1163 1554 annuncians
1200 1518 1242 1554 te
1278 1529 1471 1567 prospera
1507 1516 1571 1555 vti
1607 1517 1857 1564 valetudine,

269 1583 474 1633 simulque
494 1582 702 1621 medicum
721 1581 974 1629 Gisbertum‚
997 1580 1303 1620 vetustissimos
1319 1594 1364 1619 ac
1380 1582 1692 1631 syncerissimos
1706 1582 1862 1620 amicos

272 1661 396 1697 meos,
410 1650 502 1687 tum
516 1649 698 1686 veterem
716 1649 937 1697 patronum
957 1648 997 1684 et
1017 1659 1282 1684 communem
1304 1647 1596 1695 Moecenatem,
1611 1647 1863 1686 reuerendis-

234 1723 254 1755 5
273 1713 426 1752 simum
447 1713 662 1751 dominum
682 1711 900 1750 Abbatem.
959 1711 1061 1761 Agit
1080 1711 1148 1750 hic
1168 1711 1429 1751 felicissimae
1448 1712 1601 1751 indolis
1627 1713 1863 1752 adolescens

272 1779 482 1818 Antonius
513 1792 537 1817 a
569 1778 726 1828 Ber-gis,
763 1777 970 1816 Abbatem
1002 1778 1048 1815 vt
1092 1777 1260 1815 nomine
1299 1778 1358 1816 ita
1399 1791 1563 1816 morum
1602 1778 1864 1817 humanitate

273 1844 461 1883 referens.
522 1843 566 1881 Is
586 1843 746 1881 litteras
767 1842 928 1881 deamat
949 1842 1085 1891 etiam,
1108 1842 1218 1880 haud
1239 1843 1355 1881 iuxta
1374 1842 1593 1893 vulgatum
1618 1845 1862 1893 magnatum

273 1922 443 1957 morem,
464 1922 621 1959 nosque
641 1908 874 1947 litterarum
897 1910 1010 1946 amat
1029 1908 1209 1946 nomine.
1271 1908 1399 1947 Crede
1422 1908 1538 1957 mihi,
1561 1911 1781 1948 ornaturus
1801 1911 1864 1948 est

274 1973 495 2024 aliquando
525 1987 620 2013 suae
651 1972 788 2023 gentis
823 1973 1025 2023 imagines
1062 1973 1299 2012 litterarum
1336 1973 1565 2024 splendore,
1605 1976 1727 2024 atque
1765 1974 1866 2024 ipsis

218 2049 257 2071 10
277 2039 459 2079 vicissim
478 2038 630 2078 litteris
648 2038 912 2089 splendorem
932 2051 977 2076 ac
998 2038 1121 2077 decus
1139 2041 1330 2089 apponet.

329 2104 409 2143 Sed
428 2117 481 2142 ne
503 2106 544 2142 te
565 2117 699 2142 morer
717 2102 883 2152 longius
908 2116 1033 2153 quam
1060 2116 1134 2152 par
1160 2105 1233 2151 est,
1257 2103 1354 2153 quid
1385 2103 1429 2142 in
1458 2105 1689 2153 praesentia
1707 2105 1867 2155 potissi-

275 2182 393 2207 mum
411 2169 538 2207 velim
556 2168 696 2219 paucis
714 2168 934 2218 explicabo.
996 2167 1108 2206 Huic
1129 2168 1201 2218 qui
1218 2168 1294 2207 has
1313 2169 1467 2219 perfert
1486 2169 1623 2208 nescio
1643 2170 1743 2220 quid
1763 2169 1865 2208 belli

277 2238 338 2273 est
357 2248 452 2273 cum
467 2235 595 2273 altero
616 2233 793 2283 quodam
820 2234 870 2272 de
892 2234 1157 2273 sacerdotiolo
1183 2234 1465 2273 Ensedalensi.
1525 2235 1641 2273 Haec
1661 2235 1866 2274 nimirum

278 2300 438 2338 Helena
455 2314 463 2348 ;
492 2300 562 2339 sed
581 2313 655 2349 pro
674 2299 746 2337 illa
766 2299 1049 2350 depugnatum
1070 2302 1131 2338 est
1151 2299 1399 2338 decennium
1419 2299 1527 2349 apud
1548 2300 1725 2339 Troiam.
1783 2300 1866 2339 Pro

223 2375 259 2407 Ι5
280 2366 520 2404 huiusmodi
549 2364 723 2403 Helenis
751 2364 894 2403 nullus
918 2377 1103 2414 vnquam
1132 2364 1315 2403 bellandi
1343 2364 1453 2413 finis,
1484 2365 1609 2415 idque
1639 2365 1687 2404 fit
1713 2378 1867 2415 magno

280 2430 387 2469 malo
407 2430 557 2480 gregis,
577 2430 647 2469 sed
677 2443 762 2468 non
791 2429 987 2467 mediocri
1014 2429 1229 2467 commodo
1248 2427 1500 2480 v<u>lturum
1530 2429 1676 2468 alienis
1705 2430 1868 2469 damnis

280 2496 525 2535 viuentium.
583 2495 717 2545 Atqui
736 2493 894 2546 h<u>ius
913 2494 1172 2533 aduersarius
1192 2507 1276 2532 non
1296 2497 1457 2533 recusat
1480 2494 1546 2533 ius
1569 2508 1693 2533 suum
1713 2495 1867 2544 cedere,

281 2561 402 2599 modo
431 2560 473 2600 id
505 2561 633 2610 possit
665 2560 917 2610 approbante
949 2559 1144 2607 domino;
1184 2559 1293 2609 apud
1327 2572 1451 2609 quem
1485 2562 1689 2609 quantum
1719 2562 1866 2611 possis,

280 2627 393 2676 potes
412 2627 550 2664 autem
570 2625 731 2673 merito,
753 2624 895 2663 nullus
924 2626 986 2663 est
1016 2624 1088 2674 qui
1113 2623 1278 2662 nesciat.
1339 2625 1400 2663 Ac
1419 2624 1603 2674 fungeris
1627 2627 1675 2663 tu
1701 2626 1869 2676 quidem

391 2722 462 2752 761.
487 2722 539 2752 66.
567 2722 642 2752 Ian.
661 2731 717 2751 om.
736 2723 774 2752 D.
879 2721 931 2751 Ex
948 2720 1039 2751 Lilio
1055 2731 1113 2751 om.
1131 2723 1174 2751 H.
1307 2722 1359 2758 67.
1384 2721 1551 2752 Erasmus
1568 2721 1623 2752 &c.
1642 2732 1700 2752 om.
1720 2724 1759 2754 D.

327 2819 399 2849 761.
422 2820 474 2850 61.
503 2818 673 2860 Paulum]
690 2819 752 2859 Ep.
775 2829 849 2859 710.
1109 2829 1145 2849 ac
1157 2822 1367 2859 trilinyuium‚
1383 2819 1504 2850 which
1518 2820 1694 2859 appeared
1706 2820 1746 2851 in
1762 2830 1868 2860 15193

325 2864 378 2894 62.
400 2862 605 2903 collegium]
623 2863 685 2894 See
700 2872 734 2902 p.
754 2872 826 2901 113.
1109 2872 1165 2893 see
1183 2863 1329 2893 Clemen
1342 2864 1380 2894 in
1394 2866 1489 2894 Arch.
1497 2865 1527 2900 s.
1542 2866 1866 2902 quormatz'onsyesclc.

325 2907 378 2944 63.
390 2905 585 2946 bilingues]
597 2906 709 2936 There
720 2906 750 2936 is
763 2915 783 2936 a
795 2908 877 2936 note
889 2906 984 2946 here,
998 2916 1036 2938 as
1107 2907 1128 2937 i.
1150 2906 1276 2947 (1903),
1296 2916 1352 2947 pp.
1371 2908 1512 2946 355-64.

284 2952 323 2980 in
337 2950 400 2989 Ep.
412 2959 483 2988 794.
500 2959 549 2989 75,
563 2949 602 2979 of
614 2950 675 2980 the
687 2951 835 2988 Diazoqus
848 2952 1034 2988 bilinyaium
1151 2950 1223 2981 762.
1249 2959 1279 2989 3.
1308 2950 1531 2992 Gisbertum]
1549 2951 1612 2982 See
1630 2950 1693 2990 Ep.
1709 2959 1761 2990 95.
1782 2960 1793 2980 1
1804 2960 1816 2979 1
1832 2961 1867 2982 n.
