2034 3433
151 180 258 255 ᾖσε]
616 203 686 242 rro
722 202 988 243 WILLIAM
1026 205 1298 245 BUDAEUS
1670 206 1747 244 451

158 306 316 346 dictum
355 307 488 346 videri
524 309 693 358 poterat,
730 307 897 346 suauior
934 311 975 347 te
1012 309 1308 361 blandiorque3
1351 310 1386 349 si
1423 309 1521 360 quid
1559 309 1751 348 festinius

154 372 319 421 excidit,
360 372 569 412 cauillaris
605 372 780 422 figurate
818 372 989 412 dictum.
1058 375 1198 425 Atque
1239 375 1316 414 hac
1363 374 1624 425 iniquissima
1660 374 1751 424 lege

157 439 350 486 coarctor,
372 440 419 477 vt
439 438 474 477 si
493 437 594 476 iocis
615 439 697 476 tuis
717 437 824 476 serio
843 439 1124 488 respondeam,
1147 440 1327 490 potentis
1353 440 1475 479 amici
1494 439 1749 478 maiestatem

159 501 319 541 laedere
348 503 516 551 videar3
553 503 618 542 sin
647 502 783 541 iocum
817 503 904 542 ioco
939 503 1138 552 retaliem,
1168 505 1336 555 figurati
1367 517 1529 544 morsus
1562 516 1748 543 accuser:

157 567 191 605 si
220 567 371 607 blande
398 570 536 606 tecum
566 581 695 618 agam,
727 568 903 618 supplex
931 582 976 608 ac
1005 570 1238 609 submissus
1265 583 1352 609 esse
1381 570 1518 617 dicar;
1556 570 1621 608 sin
1651 569 1750 608 obti-

158 645 327 681 cescam,
351 635 535 672 metuere
561 633 838 683 potentiorem
859 634 1085 673 existimer.
1147 635 1255 675 Nam
1277 649 1351 686 per
1369 635 1508 674 Musas
1527 636 1568 673 te
1586 647 1746 686 quaeso,

158 697 332 746 Budaee,
365 698 464 748 quid
497 698 675 737 habebat
704 698 771 736 vel
800 698 912 748 prior
940 699 1014 738 illa
1043 700 1226 750 epistola,
1261 714 1386 751 quam
1415 701 1593 739 aeditam
1624 700 1747 747 doles,

157 762 388 813 vsqueadeo
411 776 560 813 procax
581 775 626 801 30
646 762 837 812 petulans
858 764 903 802 in
924 766 976 811 te,
1001 764 1087 803 imo
1104 765 1201 814 quid
1223 778 1308 804 non
1329 765 1509 804 amicum
1530 767 1570 803 et
1590 764 1750 803 honori-

158 827 319 867 ficum?
356 828 583 866 Audieram
607 828 807 878 quosdam
827 828 903 867 hoc
925 831 1090 868 tantum
1111 830 1331 881 indignari,
1351 830 1458 880 quod
1475 842 1598 868 ausus
1619 842 1750 867 essem

158 893 289 932 Fabro
308 893 551 943 respondere
570 907 579 940 ;
609 893 723 939 alios,
746 894 854 944 quod
879 894 1090 945 aliquanto
1110 895 1282 934 liberius
1300 894 1598 945 responderim.
1659 894 1751 933 Hos

157 958 317 1007 placare
344 958 470 1006 volui,
500 971 595 996 cum
624 958 713 997 eius
741 959 800 996 rei
829 961 874 998 tu
903 960 1020 999 velut
1048 973 1191 999 ansam
1219 959 1479 1011 praebuisses
1507 959 1590 997 tuis
1618 959 1751 998 literis

156 1023 552 1074 expostulatricibus.
611 1023 759 1074 Itaque
785 1025 995 1075 proposito
1028 1025 1269 1065 dilemmate
1300 1025 1357 1064 sic
1386 1025 1675 1074 argumentor:
1705 1024 1750 1062 Si

158 1101 311 1137 mones,
335 1101 424 1128 sero
443 1101 590 1127 mones
609 1102 618 1136 ;
648 1089 684 1127 si
703 1089 904 1139 obiurgas,
929 1090 1019 1129 sine
1038 1104 1158 1130 causa
1178 1090 1381 1139 obiurgas.

211 1154 271 1193 At
299 1155 496 1205 quoniam
524 1154 650 1204 priori
676 1155 783 1204 parti
809 1168 1061 1205 asperseram
1088 1155 1325 1206 Epimethei
1349 1154 1618 1202 mentionem,
1641 1152 1750 1202 quod

157 1220 232 1257 1130
268 1219 313 1257 10
351 1221 466 1269 parte
503 1219 610 1258 mihi
647 1232 761 1259 serus
799 1221 983 1260 monitor
1019 1221 1239 1269 extitisses,
1285 1219 1379 1258 vide
1417 1220 1614 1269 quantam
1653 1217 1750 1256 11100

153 1284 312 1323 excitas
349 1284 611 1335 tragoediam.
689 1285 815 1334 ‘Eia,'
852 1286 994 1336 inquis
1034 1287 1106 1325 ‘tu
1145 1298 1339 1335 germane
1381 1284 1440 1323 mi
1484 1282 1748 1330 Promethea,

156 1349 428 1388 meministin'
458 1349 528 1388 >his
566 1349 703 1388 verbis
740 1352 782 1389 te
818 1351 1086 1401 scripsisse?’
1130 1350 1247 1390 velut
1284 1351 1403 1388 atrox
1443 1348 1605 1387 facinus
1646 1347 1752 1386 mihi

155 1415 402 1465 impingens,
444 1428 495 1454 110
531 1415 689 1465 possim
726 1415 913 1455 inficiari.
984 1417 1046 1454 Ac
1085 1429 1182 1455 mox
1222 1414 1410 1454 ‘Amabo
1427 1414 1447 1462 ⁹,
1492 1413 1631 1464 inquis
1668 1412 1751 1450 ‘mi

155 1480 339 1529 Erasme,
379 1482 501 1519 tuum
547 1481 788 1530 praemorde
834 1481 1045 1528 labellum,
1089 1483 1130 1519 et
1172 1493 1342 1520 vsuram
1385 1478 1492 1517 mihi
1528 1478 1751 1529 patientiae

155 1545 363 1596 paulisper
380 1546 644 1584 accommoda
658 1545 841 1585 vicissim
862 1546 1128 1597 obiurgaturo
1146 1546 1166 1584 ’.
1199 1547 1262 1584 Ac
1279 1558 1376 1584 mox
1392 1556 1574 1591 rursum,
1597 1543 1606 1561 ‘
1620 1543 1749 1592 Quem

154 1613 202 1649 tu
235 1610 412 1649 subinde
444 1610 488 1649 in
516 1611 664 1650 faciem
694 1624 806 1650 nunc
838 1611 978 1661 palma
1011 1624 1125 1649 nunc
1162 1623 1300 1660 pugno
1333 1608 1582 1648 contundis’
1638 1607 1751 1646 Haec

154 1676 228 1726 qui
247 1676 393 1723 credet,
418 1689 558 1715 00000
577 1689 645 1715 010
666 1676 1015 1715 contumeliosum
1042 1675 1280 1726 quempiam
1300 1677 1342 1713 et
1363 1688 1386 1713 3
1407 1674 1563 1713 Gratiis
1584 1673 1747 1712 alienis-

153 1741 311 1780 simum
341 1753 428 1780 esse
457 1741 693 1780 iudicabit?
734 1754 829 1780 cum
866 1741 942 1780 1100
975 1742 1114 1780 animo
1146 1741 1226 1780 sim
1259 1742 1306 1778 vt
1337 1740 1519 1778 3111100111
1552 1751 1626 1777 000
1664 1739 1751 1777 1000

154 1807 316 1846 laedere
334 1806 473 1845 velim.
526 1807 681 1857 opinor
696 1820 997 1858 nonnunquam
1012 1820 1089 1846 vsu
1104 1806 1245 1846 venire
1265 1805 1342 1844 tibi
1361 1807 1407 1844 vt
1427 1805 1533 1844 bona
1549 1804 1750 1854 quaedam

154 1872 265 1911 dicta
292 1871 471 1922 seposita
496 1872 606 1910 nolis
637 1872 816 1921 perdere,
848 1885 924 1910 nec
954 1872 1006 1910 ob
1035 1871 1148 1910 aliud
1177 1871 1239 1910 vti
1268 1870 1351 1909 nisi
1381 1883 1432 1908 ne
1461 1869 1539 1908 tibi
1568 1870 1746 1919 pereant.

154 1937 264 1976 Sunt
288 1937 398 1985 11300,
420 1937 561 1984 fateor,
584 1937 693 1975 belle
719 1936 838 1984 dicta,
862 1936 899 1976 si
927 1950 1002 1975 suo
1028 1936 1116 1975 1000
1144 1936 1393 1975 dicerentur.
1449 1935 1589 1984 Atque
1614 1934 1681 1971 his
1704 1935 1750 1972 vt

154 2001 293 2040 locum
323 2002 483 2050 faceres,
521 2001 621 2040 facis
650 2015 717 2040 me
745 2002 830 2040 tuis
859 2001 997 2040 verbis
1028 2001 1280 2051 loquentem,
1317 2013 1418 2050 quae
1452 1999 1636 2038 multum
1670 1998 1751 2037 dis-

156 2067 308 2104 sonant
334 2066 385 2104 ab
414 2066 554 2104 animo
584 2066 851 2116 moribusque
882 2066 997 2104 meis.
1070 2066 1182 2114 ‘Quo
1215 2078 1326 2103 01100
1359 2065 1487 2115 igitur
1523 2063 1750 2102 admonitio

158 2131 240 2170 nisi
279 2132 325 2168 vt
364 2125 567 2169 calculum
606 2132 745 2169 atrum
787 2130 894 2168 ferre
937 2132 1007 2169 aut
1045 2130 1209 2169 varium
1247 2129 1291 2168 in
1329 2128 1578 2179 Apologiam
1615 2141 1749 2167 meam

156 2195 321 2234 videare
333 2196 354 2234 ‘?
377 2197 424 2234 vt
438 2208 531 2233 mea
544 2195 627 2233 fere
643 2195 751 2233 soles
766 2195 1014 2244 praeiudicio
1032 2195 1209 2244 quodam
1224 2196 1296 2233 tuo
1311 2206 1507 2244 premere,
1523 2192 1748 2238 licentiore,

154 2263 203 2300 vt
232 2259 480 2311 quibusdam
508 2259 683 2304 videtur,
720 2259 872 2298 fiducia
908 2259 1175 2298 confirmatae
1212 2258 1447 2298 amicitiae.’
1508 2257 1633 2296 Hunc
1671 2271 1750 2296 ser·

157 2337 327 2363 monem
347 2323 453 2362 mihi
472 2322 623 2362 tribuis
643 2336 690 2362 ac
709 2322 892 2362 vicissim
916 2322 1083 2370 refellis,
1103 2325 1264 2361 mutata
1284 2322 1422 2361 subito
1446 2335 1619 2372 persona
1638 2335 1749 2360 01100

157 2403 274 2428 reum
295 2401 420 2438 agens
439 2401 549 2426 nunc
568 2390 759 2426 actorem.
817 2388 906 2426 Tua
929 2389 992 2426 est
1009 2387 1192 2436 victoria,
1215 2387 1250 2425 si
1270 2387 1345 2425 1100
1364 2386 1467 2426 iuris
1485 2386 1563 2425 tibi
1582 2387 1751 2436 permit-

158 2457 247 2493 tent
279 2454 448 2498 iudices,
482 2455 529 2491 vt
562 2455 634 2491 tuo
668 2452 870 2491 arbitratu
900 2465 972 2502 pro
1007 2465 1076 2490 me
1109 2465 1269 2501 quoque
1302 2451 1558 2501 respondeas.
1618 2452 1748 2501 Atqui

158 2521 323 2558 nostrae
350 2517 547 2568 epistolae
576 2517 859 2567 respondebas,
882 2517 928 2555 in
953 2530 1032 2566 qua
1059 2516 1167 2555 nihil
1197 2516 1266 2555 isti
1290 2516 1427 2555 simile
1446 2515 1608 2566 legitur.
1669 2516 1748 2554 Sed

158 2583 226 2622 hic
254 2583 377 2633 plane
403 2582 552 2621 lusisse
580 2582 799 2630 videberis,
824 2582 916 2620 scio.
976 2582 1192 2620 Caeterum
1221 2594 1324 2620 num
1352 2580 1459 2620 illud
1483 2594 1642 2631 quoque
1662 2581 1749 2620 ioco

157 2649 318 2687 dictum
347 2647 452 2686 tibi:
493 2647 664 2686 ‘Facere
701 2647 813 2685 enim
852 2659 1009 2697 nequeo
1041 2646 1143 2696 quin
1173 2645 1371 2695 epistolae
1408 2647 1513 2694 tuae,
1549 2646 1749 2684 facundae

393 2756 464 2785 125.
491 2747 718 2787 obiurgaturo
733 2749 763 2777 E
778 2757 785 2777 :
809 2746 1040 2786 adiurgaturo
1056 2748 1093 2785 F,
1112 2748 1278 2776 secundum
1295 2747 1353 2782 Ep.
1370 2745 1445 2775 810.
1463 2754 1517 2783 47.

206 2844 277 2873 119.
302 2833 522 2874 Epimethei]
540 2833 602 2873 Ep.
623 2833 696 2872 778.
720 2833 791 2865 108.
987 2842 1133 2872 appears
1157 2832 1248 2863 from
1271 2832 1334 2872 Ep.
1349 2841 1423 2871 915.
1443 2841 1505 2871 130
1520 2841 1592 2871 seq.
1608 2831 1687 2863 that
1709 2832 1748 2862 in

207 2887 275 2908 121.
303 2877 438 2917 inquis]
456 2877 518 2916 Ep.
537 2877 611 2907 810.
631 2886 721 2917 33,4.
988 2876 1138 2916 quoting
1155 2876 1228 2907 this
1244 2876 1410 2906 Erasmus
1420 2877 1530 2906 wrote
1543 2878 1648 2913 inquis
1664 2875 1748 2906 here

207 2930 275 2960 123.
302 2920 441 2961 inquis]
461 2920 525 2959 Ep.
543 2921 615 2950 810.
633 2929 728 2958 45-7.
988 2921 1079 2950 aster
1101 2922 1207 2958 iyz'tur,
1236 2919 1272 2949 in
1298 2919 1395 2958 place
1423 2919 1460 2948 of
1487 2921 1617 2956 inquies.
1674 2919 1748 2949 The

205 2973 275 3002 125.
300 2962 457 3003 rursum]
475 2963 538 3002 Ep.
555 2964 630 2994 810.
646 2972 733 3002 51‚2.
987 2963 1157 2993 omission
1180 2963 1218 2993 in
1246 2962 1409 3002 printing
1432 2963 1462 2993 is
1485 2962 1656 3002 probably
1678 2962 1747 2992 due

206 3008 277 3038 128.
302 3006 475 3047 amicum]
494 3006 545 3037 Cf.
567 3007 628 3046 Ep.
646 3016 699 3045 39.
717 3007 810 3045 74—6.
987 3008 1023 3037 to
1040 3005 1215 3036 Budaeus'
1229 3005 1434 3045 complaint.

207 3060 277 3089 133.
304 3050 378 3090 Quo
394 3047 505 3089 nunc]
522 3050 574 3081 Cf.
588 3050 650 3089 Ep.
665 3051 846 3089 810.42-5.
882 3050 918 3080 It
1033 3059 1103 3088 142.
1131 3049 1255 3080 Facere
1271 3048 1386 3090 enim]
1403 3049 1455 3080 Cf.
1477 3048 1539 3089 Ep.
1556 3049 1630 3080 810.
1649 3059 1687 3087 47
1714 3058 1746 3087 9.

899 3117 923 3143 G
943 3118 970 3155 g
990 3117 1015 3142 2

1772 587 1831 609 110

1774 909 1830 940 1¹5

1774 1235 1832 1257 120

1775 1561 1830 1592 125

1775 1884 1832 1915 130

1773 2208 1828 2240 135

1771 2529 1831 2560 140
