2034 3433
292 151 369 188 144
757 148 1009 188 LETTERS
1048 147 1117 185 or
1154 148 1420 187 ERASMUs
1762 144 1889 199 [1517

650 270 782 324 71472,
844 267 907 307 To
938 265 1131 307 GERARD
1163 264 1527 306 GELDENHAUER.

337 361 524 397 Deventer
542 359 617 395 MS.
636 369 692 404 91,
713 358 737 393 f.
756 368 801 401 70
819 361 869 392 νο.
1534 355 1710 391 Louvain.

335 419 379 455 D.
394 431 430 464 p.
449 429 535 463 199:
554 417 593 453 F.
610 430 646 462 p.
666 418 753 461 164:
773 415 864 450 HN:
884 414 1002 450 Lond.
1016 413 1070 448 iii.
1086 423 1126 458 35
1143 427 1150 447 2
1169 413 1240 449 LB.
1257 422 1334 458 279.
1401 414 1443 448 16
1459 412 1668 449 November
1687 413 1842 460 (1517).

859 494 942 536 [For
959 493 1022 524 the
1039 492 1122 523 date
1138 501 1195 522 see
1212 501 1245 531 p.
1268 491 1335 532 14.]

312 584 516 617 ERASMVS
546 581 878 614 ROTERODAMVS
908 579 1175 611 NOVIOMAGO
1206 579 1593 610 REVERENDISSIMI
1624 580 1867 611 PRAESVLIS

676 649 1086 680 VLTRATRAIECTINI
1118 647 1375 678 SACELLANO
1406 648 1439 680 S.
1462 648 1503 678 D.

335 735 535 772 DEMIROR
547 735 588 771 te
601 732 709 771 nihil
722 730 944 780 scripsisse,
961 742 1056 767 cum
1069 728 1278 778 scripserit
1292 728 1488 767 dominus
1502 730 1889 769 reuerendissimus.

290 800 434 849 Neque
462 799 577 837 enim
607 798 753 848 opinor
782 798 822 834 te
852 797 910 834 sic
951 796 1194 844 occupatum
1227 796 1273 832 vt
1307 806 1391 831 non
1426 794 1596 843 vacarit,
1633 808 1765 846 neque
1802 797 1891 834 tam

288 865 477 903 fortunae
516 876 705 902 successu
744 861 900 900 elatum
933 862 978 897 vt
1013 861 1174 898 veteres
1212 872 1486 909 congerrones
1525 860 1739 899 fastidias:
1783 861 1891 911 quod

288 933 429 969 tamen
458 929 636 979 optarim
664 929 723 966 ita
753 940 853 966 esse.
911 924 1122 964 Libellum
1151 924 1202 962 de
1233 924 1409 973 Querela
1438 925 1561 964 Pacis
1601 926 1772 964 domino
1805 939 1891 964 non

254 1011 270 1042 5
291 995 547 1044 displicuisse
577 1005 827 1043 magnopere
860 991 1029 1041 gaudeo,
1066 991 1108 1028 et
1140 989 1225 1027 iam
1254 1003 1366 1027 nunc
1395 990 1579 1028 fructum
1612 991 1703 1029 eius
1736 991 1892 1030 laboris

233 1336 271 1358 10

234 1662 271 1694 15

289 1060 451 1099 abunde
475 1072 677 1109 magnum
707 1057 937 1109 percepisse
966 1069 1032 1093 me
1056 1057 1170 1105 puto,
1194 1055 1302 1105 quod
1328 1055 1365 1094 is
1388 1056 1657 1105 amplectitur
1680 1057 1747 1095 cui
1773 1058 1895 1095 vnice

288 1126 455 1176 probari
481 1125 657 1175 cupiam.
730 1121 1004 1172 Paraphrasis
1032 1121 1083 1159 ad
1119 1122 1276 1159 metam
1303 1123 1520 1170 properat:
1559 1121 1665 1160 liber
1699 1121 1886 1172 exiguus,

289 1192 360 1230 sed
389 1204 514 1230 nemo
543 1190 694 1238 credat,
731 1189 815 1227 nisi
843 1187 1026 1237 periculo
1055 1186 1174 1234 facto,
1209 1186 1376 1236 quantis
1405 1186 1625 1225 sudoribus
1654 1187 1763 1226 mihi
1799 1201 1891 1226 con-

290 1257 454 1296 stiterit.
512 1256 706 1294 Mittetur
724 1254 977 1302 simulatque
996 1252 1122 1290 fuerit
1141 1251 1358 1290 absolutus
1378 1252 1623 1291 Theodorici
1642 1253 1848 1292 formulis.

344 1323 423 1362 Sed
453 1322 548 1361 audi
578 1334 665 1359 rem
701 1319 932 1358 ridiculam.
994 1317 1138 1366 Nuper
1171 1316 1341 1366 quidam
1374 1317 1592 1367 expeditus
1619 1318 1797 1357 accurrit
1824 1331 1895 1357 an-

289 1388 493 1427 nuncians
533 1386 811 1426 sacerdocium
858 1396 999 1422 meum
1038 1382 1147 1432 quod
1186 1382 1381 1420 haberem
1420 1383 1605 1431 Traiecti,
1646 1384 1892 1423 estimatum

290 1454 466 1503 quatuor
518 1450 755 1501 philippeis,
806 1449 842 1488 si
889 1448 1042 1486 vellem
1096 1460 1324 1486 numerare.
1404 1448 1598 1486 Primum
1645 1449 1889 1498 gaudebam,

290 1517 503 1556 somnians
530 1529 690 1554 nouum
718 1514 883 1564 aliquod
917 1513 1128 1560 collatum,
1162 1512 1311 1550 deinde
1339 1513 1521 1551 mirabar
1550 1513 1651 1563 quid
1679 1514 1740 1552 rei
1768 1518 1892 1553 esset.

290 1584 508 1622 Postremo
538 1582 649 1620 sensi
676 1594 828 1618 nomen
859 1591 1079 1618 commune
1108 1578 1236 1616 fuisse
1261 1591 1429 1617 causam
1459 1579 1620 1618 erroris.
1679 1579 1756 1618 Est
1778 1579 1891 1618 enim

291 1649 359 1687 hic
387 1648 490 1686 alter
519 1648 730 1694 Erasmus,
762 1645 864 1684 iuris
894 1645 1065 1691 doctor3
1099 1643 1151 1682 ad
1180 1657 1305 1693 quem
1334 1644 1509 1694 scriptas
1537 1644 1680 1683 literas
1708 1645 1894 1684 insciens

291 1727 425 1764 nuper
457 1713 549 1763 legi,
588 1714 738 1762 putans
767 1712 818 1750 ad
848 1723 915 1749 me
944 1711 1132 1759 scriptas.
1196 1709 1360 1748 Deinde
1389 1723 1485 1748 cum
1519 1710 1627 1748 nihil
1662 1709 1750 1749 illic
1783 1712 1893 1750 esset

293 1779 401 1829 quod
442 1779 598 1817 adme
634 1778 873 1828 pertineret,
911 1775 1145 1825 suspicabar
1184 1788 1250 1813 me
1288 1775 1415 1813 rideri
1452 1789 1475 1814 a
1514 1776 1722 1826 quopiam,
1761 1775 1893 1814 donec

292 1845 510 1884 Barbirius
529 1857 576 1882 ea
596 1843 831 1893 suspicione
850 1856 918 1880 me
937 1842 1104 1880 leuaret.

348 1911 456 1949 Caue
485 1923 536 1948 ne
567 1909 762 1947 dominus
791 1909 968 1946 accersat
998 1920 1064 1945 me
1093 1906 1161 1944 his
1189 1905 1402 1944 mensibus
1430 1906 1658 1957 hybernis3
1691 1907 1748 1945 sic
1777 1907 1892 1945 enim

234 1996 274 2017 20
292 1988 431 2014 versor
459 1975 502 2014 in
534 1975 653 2014 Nouo
683 1975 950 2013 Testalnento
978 1974 1024 2010 vt
1052 1985 1127 2010 nec
1156 1971 1336 2020 digitum
1365 1972 1499 2010 latum
1527 1972 1648 2011 liceat
1674 1972 1890 2019 discedere,

292 2043 332 2079 et
362 2043 521 2079 certum
557 2042 619 2078 est
651 2040 719 2078 his
749 2038 967 2077 mensibus
997 2037 1220 2075 absoluere.
1281 2036 1479 2087 Philippo
1510 2039 1677 2075 tantum
1708 2038 1895 2076 hortator

293 2107 343 2145 ad
369 2106 510 2145 literas
540 2119 625 2144 esse
654 2106 841 2154 possim,
872 2103 980 2154 quod
1010 2103 1046 2141 si
1075 2101 1293 2140 nobiscum
1321 2105 1469 2152 ageret,
1495 2103 1662 2142 adnitar
1689 2116 1779 2142 esse
1808 2116 1893 2142 non

337 2220 399 2242 ΉΤ.
435 2213 483 2240 D:
517 2219 672 2240 ERAsmvs
695 2219 898 2240 NOVIAMAGO
921 2219 983 2240 svo
1006 2219 1033 2241 s,
1058 2219 1091 2241 D.
1116 2213 1184 2240 MS.
1381 2218 1406 2239 1.
1441 2208 1609 2238 dominus
1631 2210 1725 2238 MS.:
1756 2207 1831 2246 ipse
1854 2208 1893 2238 D.

293 2254 617 2286 reuerendissimus
633 2256 701 2284 MS.
717 2266 723 2284 ;
749 2254 892 2293 praesul
908 2256 951 2285 H.
1107 2265 1138 2292 4.
1163 2253 1206 2283 de
1223 2252 1371 2293 Querela
1389 2252 1490 2282 Pacis
1505 2254 1576 2283 add.
1595 2254 1633 2282 D.
1747 2250 1894 2281 domino

293 2302 361 2330 MS.
380 2310 386 2329 ;
412 2298 548 2338 optimo
570 2297 727 2337 praesuli
742 2300 781 2327 D.
918 2307 948 2335 7.
973 2296 1160 2336 cupiebam
1176 2300 1214 2329 D.
1362 2306 1410 2334 13.
1437 2295 1622 2326 somnians
1639 2317 1646 2325 .
1668 2319 1676 2326 .
1694 2318 1702 2325 .
1721 2293 1894 2325 collatum

294 2346 368 2374 add.
385 2344 423 2373 D.
583 2351 631 2380 15.
660 2342 718 2371 hic
735 2344 808 2371 add.
825 2343 864 2371 D.
979 2341 1024 2372 ad
1040 2351 1147 2380 quem
1165 2365 1172 2372 .
1193 2365 1199 2371 .
1223 2364 1230 2372 .
1251 2341 1300 2371 18.
1327 2341 1462 2371 leuaret
1480 2341 1552 2369 add.
1570 2342 1610 2369 D.
1766 2348 1817 2368 20.
1843 2340 1891 2368 D:

293 2386 472 2417 dissedere
496 2388 563 2417 MS.
699 2395 749 2415 22.
778 2394 923 2424 possum
947 2388 985 2416 D.
1079 2386 1107 2415 si
1133 2409 1141 2416 .
1169 2409 1175 2416 .
1205 2410 1211 2415 .
1238 2394 1291 2422 23.
1319 2385 1481 2414 hortator
1504 2385 1574 2413 MS.
1601 2382 1765 2423 (adnitor
1786 2381 1890 2422 MS.):

294 2430 506 2460 desierimus
525 2430 564 2460 in
581 2429 663 2460 vnis
678 2428 826 2460 aedibus
842 2430 965 2459 viuere
980 2431 1017 2459 D.

340 2541 366 2562 1.
401 2530 602 2570 scripserit]
653 2531 689 2559 to
743 2528 862 2558 thank
904 2527 959 2557 for
998 2527 1061 2558 the
1131 2527 1220 2557 with
1233 2526 1419 2557 Barbirius
1431 2527 1467 2556 to
1479 2525 1610 2564 Spain;
1635 2522 1894 2555 cf.l.18n.and

294 2577 418 2612 Querela
446 2577 544 2613 Pacis,
574 2574 654 2603 sent
681 2571 773 2601 with
804 2571 868 2610 Ep.
896 2572 969 2602 682.
1132 2571 1191 2610 Ep.
1212 2580 1286 2609 727.
1307 2579 1356 2607 15.

340 2628 368 2656 7.
395 2616 644 2657 Paraphrasis]
663 2616 715 2647 Cf.
734 2616 797 2654 Ep.
817 2625 889 2653 710.
1176 2614 1224 2645 18.
1252 2611 1454 2652 Barbirius]
1484 2613 1533 2642 As
1560 2611 1635 2642 this
1664 2612 1833 2641 sentence
1864 2610 1895 2640 is

340 2672 390 2692 11.
417 2658 674 2699 sacerdocium]
694 2660 861 2689 Erasmus
877 2668 959 2697 may
972 2659 1062 2688 have
1130 2659 1193 2687 not
1209 2658 1247 2687 in
1265 2658 1327 2688 the
1344 2656 1417 2687 Ms.
1435 2656 1500 2686 but
1521 2657 1551 2686 is
1571 2655 1689 2686 added
1710 2655 1750 2685 in
1771 2654 1814 2693 D,
1833 2654 1895 2684 the

293 2705 364 2736 had
382 2714 480 2735 more
497 2714 650 2735 concern
663 2703 754 2733 with
768 2702 843 2732 this
856 2702 945 2732 than
962 2702 1009 2732 he
1025 2702 1062 2732 at
1128 2701 1270 2740 episode
1287 2701 1324 2731 of
1337 2700 1398 2730 the
1415 2700 1524 2730 letter
1538 2700 1569 2729 is
1584 2699 1737 2739 perhaps
1753 2697 1894 2736 earlier,
1950 2706 1954 2709 ·

293 2748 371 2778 first
382 2748 537 2788 thought
554 2759 561 2787 3
578 2748 632 2778 for
650 2747 711 2786 Ep.
728 2756 802 2784 751.
821 2756 842 2784 9
857 2755 927 2784 seq.
944 2746 1062 2776 shows
1129 2745 1201 2774 and
1217 2753 1301 2783 may
1317 2743 1407 2774 have
1424 2743 1593 2773 occurred
1613 2743 1732 2773 before
1751 2741 1788 2772 P.
1808 2742 1894 2772 Bar-

293 2791 373 2822 that
390 2792 447 2822 his
467 2792 643 2829 Courtray
660 2790 813 2830 pens-ion
826 2799 899 2820 was
911 2792 948 2820 to
966 2798 1062 2819 some
1129 2786 1253 2818 birius’
1270 2788 1462 2826 departure
1478 2786 1539 2828 (cf.
1557 2786 1623 2826 Ep.
1641 2787 1716 2817 608.
1732 2796 1751 2815 2
1768 2784 1833 2823 n.).

293 2836 416 2865 extent
431 2835 577 2865 derived
597 2834 690 2864 from
714 2843 733 2863 a
756 2833 912 2863 benefice
935 2833 974 2863 in
998 2832 1062 2863 the
1173 2841 1226 2862 21.
1252 2831 1438 2871 Philippo]
1463 2831 1495 2860 A
1519 2831 1663 2861 natural
1686 2839 1751 2860 son
1775 2829 1813 2859 of
1832 2827 1894 2858 the

294 2878 431 2908 diocese
458 2879 495 2908 of
516 2878 680 2916 Utrecht,
711 2887 758 2907 on
783 2877 903 2907 which
925 2886 944 2906 a
968 2875 1062 2906 fixed
1131 2875 1194 2913 Bp.
1212 2885 1219 2905 :
1247 2875 1288 2905 cf.
1315 2875 1403 2905 Ant.
1433 2874 1649 2912 Matthaeus,
1680 2875 1793 2904 Veteris
1823 2873 1896 2902 aeui

294 2921 420 2961 charge
431 2921 504 2952 had
517 2923 606 2952 been
617 2921 730 2951 made.
750 2920 1062 2959 Cf.1.p.43.29-32.
1130 2921 1281 2948 Analecta
1300 2917 1367 2958 (ed.
1385 2918 1549 2957 Hoynck,
1566 2917 1664 2957 1738)
1684 2918 1706 2957 i,
1724 2926 1759 2956 p.
1779 2925 1840 2955 149
1857 2924 1891 2946 n.

340 2974 389 3003 15.
415 2965 506 2996 alter
521 2964 706 3004 Erasmus]
729 2963 804 2994 The
820 2972 926 2994 name
943 2973 1064 2994 occurs
1131 2961 1206 2992 The
1223 2962 1377 3001 changes
1394 2961 1608 2992 introduced
1632 2962 1709 2992 into
1732 2960 1796 2990 the
1816 2959 1894 2989 text

294 3009 396 3047 quite
407 3009 621 3047 commonly.
653 3008 710 3039 He
723 3006 796 3038 had
807 3006 962 3046 perhaps
973 3016 1062 3046 gone
1131 3005 1170 3035 in
1187 3005 1218 3035 D
1236 3015 1294 3036 are
1319 3005 1530 3036 noticeable.
