2034 3433
329 168 409 206 398
790 164 1042 204 LETTERS
1081 164 1151 203 OF
1189 164 1455 204 ERASMUS
1791 163 1831 217 [1
1840 175 1862 213 5
1871 177 1885 201 1
1895 166 1916 200 8

328 275 414 311 0101
426 272 672 322 praelautus,
697 270 766 309 sed
783 269 888 307 mihi
903 269 1068 307 frustra.
1130 268 1210 307 Vbi
1227 268 1505 307 confouissem
1520 268 1780 307 stomachum
1795 267 1918 306 sorbi-

328 337 528 384 tiuncula,
562 337 731 374 domum
769 347 836 371 me
874 332 1064 372 confero:
1105 332 1362 371 dormiebam
1401 332 1516 371 enim
1544 332 1653 382 apud
1683 332 1914 371 Cantorem.

330 402 553 453 Egredior;
594 400 651 438 ibi
682 412 828 448 corpus
858 398 981 436 inane
1009 397 1115 436 mire
1143 398 1193 436 ad
1224 399 1479 436 nocturnum
1508 399 1668 436 coelum
1696 397 1916 435 inhorruit.

251 483 312 515 140
329 468 420 505 Nox
440 466 579 516 grauis
598 465 691 503 fuit.

382 530 589 570 Postridie
618 542 740 568 mane
768 542 912 568 rursus
940 529 1090 567 hausta
1118 529 1334 567 ceruisiola
1361 528 1500 577 tepida
1519 540 1614 566 cum
1634 526 1776 577 paucis
1803 526 1923 565 micis
1940 537 2034 578 Sept.

327 596 446 645 panis
489 608 643 645 equum
683 594 912 633 conscendo
952 593 1193 632 morbidum
1224 596 1264 632 et
1293 593 1512 640 claudum;
1553 606 1633 642 quo
1662 592 1744 631 fuit
1772 592 1922 631 incom·
1943 592 1982 622 ¹9

328 660 488 699 modior
507 660 715 710 equitatio,
777 659 869 697 Iam
895 659 952 698 sic
979 659 1151 697 affectus
1179 671 1293 697 eram
1318 660 1365 696 vt
1391 657 1524 708 magis
1549 657 1798 696 conueniret
1818 657 1924 697 lecto

326 726 539 764 confoueri
568 738 690 775 quam
719 738 824 775 equo
854 724 1045 763 insidere.
1109 724 1189 763 Sed
1219 723 1329 761 nihil
1358 735 1406 761 ea
1434 723 1602 773 regione
1630 723 1826 762 rusticius
1853 724 1925 762 aut

251 808 309 839 145
344 791 595 829 niucundius
619 792 691 829 aut
719 790 925 829 sterilius:
955 803 1003 828 ea
1021 777 1083 828 est
1108 789 1244 840 gentis
1268 788 1449 838 ignauia.
1509 788 1600 836 Quo
1622 789 1753 838 :magis
1771 787 1926 828 libebat

327 857 516 906 effugere.
575 855 804 894 Latronum
824 855 1208 905 periculum—nam
1238 854 1298 893 ibi
1326 867 1541 893 summum
1572 855 1787 892 erat—aut
1816 855 1926 893 certe

329 924 489 960 metum
510 922 692 960 extrudit
711 920 847 959 morbi
868 920 1070 959 molestia.

383 988 476 1027 Iam
501 989 595 1025 tum
619 1000 713 1025 cum
739 999 871 1024 essem
899 986 1095 1032 Bassseae,
1122 984 1224 1024 dum
1244 998 1293 1023 ex
1313 997 1428 1023 more
1448 984 1585 1034 scalpo
1605 985 1742 1034 partes
1761 983 1928 1034 inguini

329 1053 486 1092 vicinas
514 1053 565 1091 ad
591 1052 895 1102 prouocandam
922 1052 1077 1100 aluum,
1106 1050 1250 1090 acriori
1275 1050 1437 1100 scalptu
1466 1049 1542 1088 sub
1570 1063 1671 1088 coxa
1699 1050 1793 1088 leua
1821 1062 1929 1088 sum-

252 1134 312 1166 150
330 1132 443 1157 mam
463 1125 601 1157 cutem
621 1117 948 1168 perstrinxeram
971 1117 1114 1166 vngui.
1176 1116 1297 1154 Idem
1322 1116 1471 1154 accidit
1499 1116 1543 1153 in
1570 1115 1742 1165 inguine
1768 1115 1924 1164 dextro,

331 1186 399 1223 sed
419 1185 517 1223 hinc
538 1197 669 1234 neque
690 1183 805 1222 dolor
823 1182 934 1221 vllus
954 1195 1088 1232 neque
1109 1181 1368 1220 exulceratio.
1430 1180 1479 1219 Id
1502 1181 1611 1230 quod
1633 1182 1720 1219 erat
1739 1181 1818 1219 sub
1838 1180 1929 1219 leua

332 1264 431 1289 coxa
451 1251 569 1289 bidui
580 1250 844 1300 equitatione,
862 1262 943 1299 qua
964 1250 1245 1298 Argentorato
1267 1248 1431 1298 Spiram
1450 1247 1634 1297 perueni,
1651 1246 1800 1285 leuiter
1819 1246 1929 1285 exul-

331 1319 516 1355 ceratum
536 1316 628 1363 fuit,
650 1316 720 1354 sed
743 1316 801 1353 ita
820 1316 866 1353 vt
890 1328 974 1353 non
995 1314 1217 1353 sentiretur
1241 1312 1324 1351 nisi
1352 1312 1600 1352 insedissem
1624 1311 1926 1351 vehementius.

333 1382 425 1420 Hoc
451 1381 609 1420 malum
631 1381 706 1419 hac
727 1381 953 1430 posteriore
972 1379 1228 1429 equitatione
1249 1378 1306 1417 sic
1327 1378 1617 1416 exacerbatum
1638 1380 1710 1425 est,
1734 1377 1930 1427 quoniam

255 1460 315 1493 155
334 1461 381 1486 00
399 1449 513 1496 parte
533 1446 771 1496 premebam
786 1458 949 1496 equum,
965 1448 1012 1483 vt
1031 1447 1145 1483 totus
1164 1444 1236 1483 ille
1256 1444 1371 1482 100110
1386 1443 1660 1482 incalesceret.
1711 1442 1930 1481 Praeterea

335 1512 443 1563 quod
456 1514 544 1550 erat
564 1512 608 1550 in
628 1512 721 1550 leuo
737 1510 909 1560 inguine
928 1510 1087 1549 modice
1106 1509 1321 1555 intumuit,
1339 1509 1409 1547 sed
1424 1509 1573 1558 glande
1593 1520 1694 1558 quae
1715 1521 1811 1546 cum
1825 1507 1930 1557 pelle

336 1579 695 1626 circumageretur,
725 1576 907 1626 citraque
936 1575 1177 1614 cruciatum.
1247 1575 1315 1613 Ad
1347 1574 1448 1612 haec
1485 1573 1529 1611 in
1558 1573 1730 1612 sinistro
1759 1573 1930 1622 inguine

336 1656 501 1682 summo
530 1642 748 1680 subortum
776 1644 865 1680 erat
893 1640 1097 1691 paulatim
1125 1652 1348 1690 augescens
1372 1640 1495 1677 tuber
1524 1638 1732 1688 quoddam
1761 1638 1925 1686 durum,

337 1709 407 1748 sed
434 1708 585 1757 absque
613 1707 751 1745 dolore
781 1708 820 1745 01
846 1706 936 1744 01110
961 1705 1277 1744 exulceratione.
1340 1703 1590 1754 Equitabam
1611 1706 1751 1742 autem
1770 1703 1824 1741 iis
1843 1716 1934 1753 par-

257 1778 318 1810 160
338 1774 449 1812 tibus
467 1786 615 1823 parum
635 1786 658 1811 a
677 1774 802 1810 vento
823 1771 1013 1810 defensis.

392 1838 599 1878 Confectis
619 1851 665 1876 eo
681 1850 801 1875 cursu
824 1838 1002 1886 quatuor
1021 1848 1218 1885 passuum
1237 1835 1410 1874 milibus
1430 1836 1684 1884 peruentum
1699 1833 1929 1872 Mastricht.

340 1904 432 1942 Illic
458 1903 756 1942 sorbitiuncula
781 1905 988 1952 vtcunque
1009 1901 1172 1939 confoto
1192 1900 1405 1939 stomacho
1426 1913 1568 1939 rursus
1589 1899 1788 1938 inscensis
1815 1898 1932 1949 equis

339 1970 524 2019 Tongros
551 1968 677 2007 adeo:
719 1968 761 2006 id
792 1967 993 2017 oppidum
1021 1966 1136 2005 abest
1165 1966 1299 2005 tribus
1328 1965 1500 2004 milibus
1533 1978 1743 2015 passuum.
1814 1964 1931 2003 Haec

339 2036 547 2084 postrema
561 2032 761 2083 equitatio
776 2032 882 2071 mihi
897 2032 1020 2081 longe
1034 2032 1280 2082 grauissima
1298 2031 1391 2070 fuit.
1435 2030 1732 2070 Incommodus
1745 2030 1932 2069 incessus

262 2103 319 2144 165
340 2100 434 2150 equi
463 2100 566 2138 mire
593 2099 813 2149 torquebat
842 2111 972 2136 renes.
1043 2097 1313 2136 Tolerabilius
1347 2096 1613 2136 ambulabam
1643 2095 1826 2146 pedibus,
1858 2095 1930 2134 sed

342 2166 574 2204 metuebam
590 2165 795 2212 sudorem,
814 2166 853 2202 et
869 2163 1098 2213 periculum
1113 2164 1199 2201 erat
1220 2176 1271 2201 ne
1292 2176 1375 2201 nox
1394 2162 1437 2200 in
1455 2162 1564 2212 agris
1580 2174 1656 2200 nos
1671 2162 1907 2211 occupasset
1923 2174 1933 2208 ;

344 2232 479 2280 itaque
499 2229 731 2269 incredibili
751 2229 879 2268 totius
899 2228 1079 2279 corporis
1100 2228 1295 2275 cruciatu,
1319 2227 1532 2277 praecipue
1552 2240 1701 2265 renum
1720 2228 1762 2264 et
1788 2225 1929 2276 epatis,

340 2297 527 2347 Tongros
557 2295 762 2346 peruenio.
830 2294 922 2332 Iam
963 2294 1015 2332 ob
1054 2293 1236 2333 inediam
1266 2306 1310 2331 ac
1340 2293 1523 2332 laborem
1552 2291 1715 2330 inediae
1743 2291 1930 2330 additum

342 2375 486 2400 omnes
510 2359 692 2411 corporis
712 2359 829 2398 nerui
851 2359 1080 2397 defecerant
1095 2373 1105 2407 3
1134 2359 1236 2397 adeo
1255 2360 1300 2397 vt
1320 2371 1394 2396 nec
1414 2358 1562 2396 firmus
1580 2358 1688 2395 esset
1708 2358 1843 2395 status
1861 2358 1932 2394 aut

263 2437 323 2471 ¹70
342 2427 538 2465 incessus.
612 2425 928 2475 Lingua—nam
957 2437 1004 2462 ea
1032 2423 1572 2463 valebat—dissimulabam
1600 2421 1736 2460 morbi
1773 2415 1930 2471 magni-

344 2492 541 2530 tudinem.
603 2491 685 2528 Hic
705 2489 942 2528 ceruisiaria
961 2488 1261 2528 sorbitiuncula
1281 2489 1366 2527 foto
1383 2487 1596 2526 stomacho
1616 2487 1803 2525 cubitum
1817 2499 1876 2525 00.

395 2557 516 2595 Mane
545 2556 667 2594 iubeo
696 2554 870 2594 conduci
900 2554 1038 2604 bigam
1068 2555 1231 2592 tectam.
1300 2552 1406 2592 Mihi
1434 2553 1574 2591 visum
1603 2553 1668 2590 est
1706 2551 1757 2590 ob
1799 2551 1933 2589 silices
1949 2564 1992 2587 20

387 2675 456 2704 144.
482 2665 576 2696 nihil
601 2690 608 2697 .
626 2689 633 2696 .
654 2689 661 2696 .
691 2674 760 2703 145.
786 2665 931 2704 ignauia
950 2666 999 2694 E:
1030 2673 1071 2694 00
1095 2664 1189 2702 regio
1212 2672 1284 2692 non
1308 2671 1436 2702 parum
1461 2660 1569 2692 habet
1593 2659 1817 2699 rusticitatis,
1839 2668 1932 2690 com-

342 2709 526 2740 moditatis
546 2711 607 2739 aut
628 2708 825 2747 elegantiae
847 2707 1056 2745 minimum,
1073 2708 1108 2737 01
1130 2707 1207 2736 11110
1231 2705 1323 2736 1111111
1349 2715 1395 2735 110
1417 2705 1536 2735 valere
1560 2704 1707 2743 quidem
1731 2704 1816 2733 satis
1840 2704 1932 2733 esset
1982 2721 1985 2723 -

342 2753 577 2792 commodum,
597 2752 730 2782 nedum
748 2753 927 2790 aegrotare
944 2754 979 2782 F.
1096 2751 1168 2788 146.
1192 2750 1253 2780 aut
1269 2750 1362 2779 certe
1380 2750 1517 2779 metum
1533 2750 1608 2778 add.
1626 2750 1661 2778 F.
1775 2756 1845 2786 147.
1872 2754 1930 2776 ex-

342 2796 456 2825 trudit
486 2800 514 2826 F
540 2798 664 2827 ,ωηολε
702 2795 842 2825 extudit
873 2793 957 2825 EN3.
1109 2803 1181 2832 152.
1219 2793 1456 2832 Argentorato
1486 2794 1534 2822 F:
1572 2791 1614 2822 ab
1645 2791 1863 2830 Agentorato
1891 2791 1928 2819 E.

349 2840 414 2869 161.
439 2839 626 2869 Mastricht
643 2842 670 2868 E
686 2849 693 2868 t
717 2841 771 2869 est
787 2837 831 2868 ad
850 2838 968 2868 Mosae
984 2837 1172 2868 traiectum
1190 2838 1226 2867 F.

391 2947 459 2975 ¹57.
484 2937 796 2977 circumageretur]
821 2936 871 2968 Of.
887 2936 924 2967 ll.
937 2945 1011 2975 203,
1025 2944 1099 2973 213.
1170 2935 1276 2964 about
1293 2933 1372 2964 four
1388 2933 1538 2973 English
1557 2932 1670 2963 miles.

389 2984 457 3012 161.
484 2990 652 3019 passuum
670 2980 835 3020 milibus]
859 2981 905 3011 In
919 2979 1099 3010 Erasmus’
1257 2977 1462 3017 Mastricht]
1481 2976 1681 3007 Traiectum
1699 2975 1815 3007 Mosae
1832 2972 1925 3013 quod

340 3023 571 3054 calculations
599 3034 666 3055 one
690 3024 776 3054 mile
800 3032 914 3054 seems
935 3025 972 3054 to
995 3022 1100 3062 equal
1169 3023 1295 3052 vocant
1319 3020 1491 3051 inferius:
1524 3020 1551 3050 E
1578 3022 1610 3049 in
1633 3029 1731 3056 mary.
