2034 3433
171 188 216 212 22
1650 180 1724 216 151

143 187 161 222 ⁷
221 172 238 227 ]
391 229 488 270 722.
548 228 612 268 To
644 227 891 278 HERMANN,
922 227 1080 270 Coum·
1108 240 1163 270 or
1194 228 1473 272 NEUENAHP..

184 313 371 350 Deventer
387 313 465 350 MS.
482 325 537 359 91,
557 314 581 349 f.
603 325 644 359 73
664 318 715 348 v0.
1363 314 1539 349 Louvain.

184 371 256 407 LB.
275 373 373 418 App.
393 383 472 408 210.
1230 384 1275 418 30
1291 372 1504 409 November
1523 372 1678 420 (1517).

363 451 454 494 [The
469 453 651 492 year-date
668 463 733 484 can
750 453 860 493 easily
876 454 917 484 be
933 453 1098 494 supplied
1115 453 1207 485 from
1225 454 1286 485 the
1303 453 1498 495 contents]

188 528 295 577 s.P.,
312 529 574 568 ornatissime
591 530 752 570 Comes.
802 530 942 569 Pridie
954 531 1104 569 natalis
1115 531 1306 569 Andreae
1325 530 1482 569 reddite
1502 533 1600 570 sunt
1619 530 1722 569 mihi

132 595 226 632 tuae
254 594 414 633 litterae
442 595 492 633 ad
522 595 656 633 Lucae
693 595 875 634 natalem
903 596 1103 646 scriptae:
1145 596 1244 635 adeo
1272 595 1430 634 volauit
1460 597 1480 634 ὃ
1507 613 1721 648 γραμματο-

133 658 249 707 φόρος
277 661 297 698 ὁ
325 661 527 708 βέλτιστος
555 662 700 700 ἐκεῖνος.
759 660 827 699 Ad
857 674 925 699 eas
953 663 997 699 vt
1026 661 1166 710 paucis
1194 661 1475 710 respondeam,
1507 661 1639 709 amici,
1672 662 1722 700 de

133 736 213 772 quo
232 724 389 772 scribis,
411 725 600 764 animum
623 725 746 764 laudo
763 739 772 773 ;
802 728 1005 764 caeterum
1029 726 1128 776 quid
1152 740 1225 776 ego
1250 726 1313 764 illi
1332 726 1488 776 possim
1506 740 1594 766 esse
1613 727 1716 774 vsui,

135 788 284 828 neseio.
358 790 453 840 Ipse
489 790 589 828 noui
627 803 764 829 meam
807 790 1085 840 imperitiam;
1127 792 1313 830 studium
1351 793 1390 829 et
1432 790 1599 830 animus
1637 805 1718 830 non
1739 804 1756 833 5

132 853 275 902 deerit,
295 855 537 904 praesertim
564 855 638 893 tali
661 855 804 894 amico.
859 856 1010 894 Versor
1035 856 1080 894 in
1106 855 1364 906 pedag<og>io
1387 856 1574 905 Liliensi,
1603 857 1720 895 cuius

132 919 365 958 moderator
393 921 456 958 est
485 920 551 959 vir
579 920 631 958 ad
665 920 845 970 optimas
883 919 1122 970 disciplinas
1158 934 1203 959 ac
1239 922 1543 960 humanitatem
1579 924 1714 960 natus.

133 983 226 1022 Non
258 984 388 1023 deerit
425 985 490 1023 illi
526 986 683 1035 hospiti
718 985 843 1032 locus,
881 985 916 1023 si
948 986 1071 1024 modo
1102 986 1156 1024 sit
1194 986 1302 1035 quod
1336 986 1410 1024 illo
1445 986 1618 1036 dignum
1651 987 1716 1025 sit.

130 1048 194 1088 Ex
219 1049 354 1100 legato
379 1050 561 1089 Buslidii
585 1064 717 1100 nuper
747 1051 935 1089 defuncti
959 1050 1202 1089 instituetur
1227 1051 1294 1089 hic
1322 1051 1486 1101 publiea
1505 1052 1712 1101 professio.

129 1127 256 1164 eaque
280 1116 469 1165 gratuita,
495 1116 625 1154 trium
653 1116 901 1165 linguarum,
932 1115 1093 1164 Greoae,
1119 1117 1301 1163 Latinae,
1331 1116 1567 1155 Hebraicae.
1626 1116 1715 1155 Iam
1739 1123 1779 1145 10

126 1179 242 1219 adest
275 1181 486 1219 Mattheus
514 1181 587 1219 ille
617 1181 810 1219 Reuclini
841 1182 1000 1220 amicus
1024 1194 1147 1230 quem
1178 1181 1298 1227 nosti,
1331 1181 1534 1219 destinato
1568 1181 1716 1220 salario

124 1245 192 1284 hic
218 1246 488 1296 professurus,
517 1246 593 1295 vir,
619 1250 666 1285 vt
694 1246 801 1284 mjhi
825 1246 1003 1294 videtur,
1023 1247 1069 1285 in
1095 1247 1182 1286 suis
1205 1246 1357 1286 litteris
1379 1246 1537 1296 egregie
1557 1247 1713 1285 doctus.

125 1309 218 1349 Non
238 1311 409 1350 deerant
428 1310 598 1350 interim
618 1311 689 1361 qui
710 1312 838 1350 Grece
857 1312 1160 1362 profiterentur.

177 1375 263 1414 Nos
285 1377 330 1415 in
350 1376 500 1415 studiis
519 1390 663 1415 sumus
682 1377 773 1426 toti,
790 1378 1010 1428 presertim
1030 1377 1075 1415 in
1094 1377 1416 1427 recognoscendo
1438 1376 1556 1415 Nouo
1576 1377 1714 1415 Testa-

122 1442 290 1480 mento:
332 1442 440 1490 quod
473 1442 635 1480 vtinam
671 1455 890 1492 nunquam
927 1442 1184 1493 attigissem!
1241 1442 1286 1480 Si
1319 1442 1393 1480 hec
1431 1443 1493 1480 est
1531 1442 1710 1480 conditio
1735 1451 1771 1482 15

120 1505 366 1553 studiorum,
384 1508 540 1556 prestat
555 1507 745 1546 dormire.
798 1508 955 1546 Tamen
968 1508 1044 1546 hec
1058 1508 1286 1558 peragenda
1299 1509 1361 1545 est
1373 1507 1523 1545 fabula.
1574 1507 1713 1545 Audio
1758 1516 1764 1521 ¹

119 1573 160 1609 te
186 1570 351 1620 publice
380 1571 473 1610 istic
501 1572 685 1621 profiteri
714 1573 840 1611 Grece
868 1576 991 1624 atque
1016 1572 1230 1611 Hebraice.
1290 1572 1324 1610 Ο
1350 1571 1514 1610 foelices
1536 1571 1708 1619 litteras,

119 1635 154 1673 si
172 1648 196 1674 a
215 1635 368 1674 talibus
395 1636 498 1675 viris
527 1639 695 1676 tractari
721 1638 941 1688 coeperint,
964 1652 1043 1688 que
1062 1651 1134 1688 per
1158 1638 1261 1676 istos
1286 1637 1488 1687 quosdam
1507 1637 1591 1677 τοὺς
1609 1641 1646 1675 ἐν
1665 1639 1712 1688 τῇ

119 1700 252 1752 λεοντῇ
269 1701 446 1751 πιθήκους
463 1702 828 1752 impudentissime
848 1703 1153 1742 contaminatae
1174 1705 1283 1741 sunt.

173 1766 401 1816 Episcopus
437 1767 712 1807 Traiectensis
747 1769 910 1818 scripsit
948 1769 1116 1819 quidem
1153 1768 1205 1807 ad
1239 1782 1316 1817 me,
1351 1766 1592 1817 significans
1629 1766 1710 1806 sibi
1730 1777 1770 1799 20

121 1832 164 1870 in
201 1831 341 1870 animo
370 1845 458 1871 esse
490 1834 537 1871 vt
567 1846 634 1871 me
669 1836 859 1882 accersat,
894 1834 1032 1873 nescio
1061 1847 1143 1884 qua
1180 1846 1273 1883 spe:
1317 1835 1425 1871 certe
1454 1832 1530 1871 hac
1559 1832 1708 1882 hyeme

120 1909 205 1935 non
225 1899 343 1935 muto
363 1897 522 1936 nidum.
580 1898 735 1948 Scripsi
761 1912 893 1948 nuper
918 1898 968 1937 ad
991 1901 1033 1938 te
1058 1912 1131 1948 per
1149 1897 1397 1944 Banisium3
1426 1911 1479 1935 an
1503 1897 1705 1947 acceperis

120 1961 266 2000 nescio.
325 1962 440 2000 Bene
464 1963 566 2010 vale,
599 1963 745 2002 Comes
773 1965 1046 2003 ornatissime.
1106 1963 1339 2002 Venanatio
1367 1963 1523 2012 optimo
1552 1962 1707 2012 optime

118 2026 221 2073 volo,
244 2028 366 2076 atque
385 2027 487 2065 item
506 2028 705 2067 Caesario.
765 2029 943 2068 Louanii
962 2028 1101 2067 Natali
1119 2029 1320 2067 Andreae.

171 2090 287 2141 Rogo
307 2094 353 2131 vt
373 2092 596 2140 Cesarium,
621 2106 745 2142 quem
765 2107 890 2142 amas,
911 2094 1078 2132 vberius
1097 2097 1138 2132 et
1158 2093 1400 2144 propensius
1421 2105 1543 2131 ames.
1727 2103 1764 2135 25

525 2219 664 2274 723τ44
721 2219 784 2260 To
817 2219 1034 2259 VVILLIAM
1067 2218 1301 2259 BUDAErs.

161 2307 347 2343 Deventer
365 2307 441 2343 MS.
459 2318 515 2352 91,
534 2308 562 2342 f.
583 2318 640 2353 79.
1376 2305 1551 2342 Louvain.

161 2365 203 2401 E.
221 2378 255 2411 p.
273 2376 340 2411 49:
368 2366 406 2401 F.
425 2378 461 2411 p.
484 2368 571 2411 198:
599 2366 688 2401 HN:
717 2367 832 2402 Lond.
850 2366 904 2401 iii.
925 2368 990 2412 56:
1017 2366 1092 2402 LB.
1111 2367 1190 2401 280.
1266 2376 1310 2410 30
1326 2364 1532 2400 November
1553 2372 1653 2409 1517.

580 2468 785 2498 ERASMVS
813 2468 993 2498 BVDAEO
1023 2468 1104 2498 SVO
1135 2468 1168 2499 S.
1195 2468 1236 2498 D.

169 2544 278 2583 Posr
297 2547 432 2583 tantas
451 2543 720 2594 epistolarum
738 2543 940 2593 procellas
961 2543 1111 2593 quibus
1130 2555 1197 2580 me
1216 2541 1374 2580 solebas
1394 2541 1574 2587 obruere,
1591 2541 1700 2578 vnde

116 2622 265 2658 quaeso
285 2611 453 2648 tantum
475 2611 644 2658 tamque
670 2608 857 2647 subitum
883 2608 1129 2647 silentium?
1186 2607 1354 2645 Gaudeo
1379 2607 1416 2644 si
1443 2608 1555 2644 totus
1583 2618 1626 2643 es
1654 2605 1699 2642 in

114 2674 368 2724 explicandis
396 2674 616 2712 Pandectis
638 2673 1023 2719 iureconsultorum,
1052 2673 1123 2711 sed
1151 2686 1234 2710 non
1259 2673 1358 2710 adeo
1383 2685 1438 2718 es,
1467 2670 1622 2720 opinor,
1653 2674 1697 2709 vt

158 2788 231 2818 722.
250 2797 280 2826 3.
296 2789 368 2818 Post
381 2788 394 2818 1
410 2790 443 2818 in
453 2788 576 2828 paucis
587 2791 704 2819 litteras
714 2791 790 2826 plus
800 2791 909 2818 minus
925 2791 983 2818 tres
995 2789 1176 2818 oblitrerauit
1187 2789 1250 2826 ΕΒ,
1267 2789 1416 2817 incertum
1431 2795 1519 2823 quas.
1609 2794 1640 2824 7.
1659 2794 1698 2815 ac

115 2833 187 2862 LB:
212 2831 257 2862 ad
272 2833 341 2862 MS.
453 2841 503 2862 12.
530 2833 669 2873 egregie
684 2835 753 2863 MS.
877 2841 927 2870 14.
953 2830 1227 2870 recoguiscendo
1242 2833 1311 2861 MS.
1425 2838 1473 2867 17.
1500 2829 1609 2870 (ἐι-θος
1624 2831 1695 2860 MS.

113 2874 287 2914 Hebraice
302 2877 369 2904 MS.
545 2885 598 2914 23.
622 2876 774 2906 Vanatio
789 2875 989 2906 Venanatio
1004 2877 1085 2913 MS„
1099 2876 1200 2911 priore
1215 2878 1318 2904 tamen
1332 2874 1434 2903 deleto.

132 2985 206 3017 722.
231 2995 282 3016 20.
308 2983 559 3025 Traiectensis]
596 2984 666 3016 His
698 2985 806 3015 letter
840 2986 870 3015 is
982 2994 1034 3014 22.
1056 2983 1207 3024 Scripsi]
1220 2981 1435 3022 Ep.703;cf.
1449 2981 1511 3020 Ep.
1521 2990 1594 3020 709.
1605 2989 1646 3020 25
1657 2990 1693 3011 n.

110 3030 200 3066 lost3
223 3029 267 3060 cf.
286 3038 319 3068 p.
340 3038 388 3066 14.
982 3037 1034 3066 23.
1060 3026 1278 3067 Venanatio]
1297 3027 1348 3057 Cf.
1365 3026 1428 3065 Ep.
1447 3025 1524 3064 636.
1548 3025 1600 3063 36.
