2034 3433
146 170 246 224 866]
526 173 677 212 FROM
715 173 1026 213 ADOLPHUS
1067 173 1345 213 EIOHOLTZ
1645 176 1721 214 391

142 276 345 326 discipuli,
376 277 558 325 Ioannis,
582 276 765 327 inquam,
792 276 945 326 Pyrrhi
974 277 1278 327 Anglebermei,
1309 277 1488 316 doctoris
1514 278 1727 316 Aurelian-

141 341 263 389 ensis,
312 341 492 380 triennio
539 355 671 391 nuper
716 343 964 392 preceptoris
1010 342 1092 380 mei
1138 342 1247 381 haud
1295 342 1461 391 indocti,
1510 344 1725 394 negocium
1745 361 1762 391 5

141 407 396 456 expostulat;
426 407 535 457 quod
554 407 692 457 ipsum
707 407 958 446 humanitati
978 409 1046 445 tue
1065 406 1158 445 aliis
1177 407 1221 445 in
1241 407 1373 445 literis
1392 407 1502 446 hisce
1523 408 1727 447 adiunctis

141 471 358 510 latiuscule
377 473 654 522 exposuimus
713 472 806 510 Iam
833 472 907 510 hac
933 473 977 510 in
1001 486 1044 510 re
1067 474 1207 511 ternas
1225 472 1346 521 plane
1366 473 1504 511 literas
1523 473 1723 520 dedimus,

142 537 341 575 hactenus
377 537 481 587 proh
520 537 635 576 dolor
671 537 844 575 frustra:
881 537 1016 586 primo
1054 538 1221 587 quidem
1253 551 1348 576 cum
1386 538 1513 577 Petro
1546 539 1724 588 Aegidii,

140 602 357 641 secretario
375 602 489 641 vrbis
503 602 833 652 Antuerpiensis,
845 602 935 641 viro
956 602 1191 640 doctissimo
1212 603 1309 651 (vna
1329 616 1422 642 cum
1442 603 1573 642 literis
1591 604 1725 642 Budei

139 669 261 718 atque
284 667 458 705 aliorum
484 668 588 716 etc.)‚
617 667 739 718 idque
767 667 954 716 proximo
980 679 1118 705 mense
1145 667 1252 705 Maio
1280 667 1454 715 effluxo3
1483 668 1630 707 deinde
1659 681 1725 708 eas

139 746 242 783 quas
263 745 400 771 coram
420 733 633 772 adiunctas
653 732 798 779 cernis,
822 732 1009 781 proximo
1029 744 1171 770 mense
1197 731 1430 782 Septembri
1450 735 1655 772 transacto
1674 734 1724 773 ad

139 798 346 836 nundinas
383 797 774 844 Francoffirdienses,
804 797 854 835 ad
892 809 992 848 quas
1019 799 1060 834 te
1092 798 1315 836 venturum
1343 811 1558 848 sumopere
1596 812 1725 849 spera-

139 863 286 902 bamus
301 877 312 911 ;
342 863 516 912 denique
545 863 668 901 tercio
696 863 815 901 hasce
846 862 921 901 hoc
949 875 1089 900 mense
1118 862 1289 900 Octobri
1317 863 1579 902 nouissimas.
1637 864 1724 903 Tue

139 929 269 978 igitur
305 928 576 967 humanitatis
623 927 777 977 pariter
813 930 933 978 atque
970 927 1220 976 integritatis
1258 927 1394 976 fuerit,
1435 928 1724 968 colendissime

140 994 320 1041 Erasme,
352 1006 419 1032 eas
447 993 599 1031 nedum
632 1006 704 1043 pro
732 995 803 1031 tua
830 993 1083 1043 ingenuitate
1115 993 1299 1042 excipere
1331 1006 1476 1031 verum
1509 994 1634 1033 etiam
1672 995 1723 1033 ob

138 1059 297 1109 negocii
342 1058 622 1097 conditionem
670 1058 887 1108 perlegere.
942 1058 996 1096 Et
1044 1057 1292 1096 breuissimo
1332 1058 1381 1106 (si
1419 1058 1562 1108 placet,
1595 1059 1723 1098 immo

138 1123 417 1174 maximopere
461 1123 667 1173 rogamus)
711 1123 901 1173 epistolio
938 1123 1212 1172 respondeas;
1250 1136 1334 1161 non
1371 1124 1479 1173 quod
1519 1125 1568 1163 de
1604 1126 1644 1162 te
1681 1124 1722 1162 id

136 1189 359 1227 meruerim
397 1189 521 1239 (quod
559 1188 841 1227 dolentissime
878 1187 1035 1236 refero),
1074 1188 1143 1226 sed
1182 1188 1379 1238 quoniam
1417 1189 1457 1227 id
1496 1189 1721 1238 castigandi

135 1254 322 1304 opusculi
350 1254 568 1293 necessitas
596 1266 791 1303 moraque
819 1253 1091 1303 expostulent.
1151 1253 1266 1301 Quod
1291 1253 1327 1291 si
1351 1253 1428 1291 tibi
1450 1254 1563 1292 cordi
1581 1255 1718 1303 fuerit,

133 1322 180 1358 vt
214 1320 475 1367 confidimus,
502 1319 670 1358 mittam
700 1319 868 1369 quidem
896 1318 1151 1369 opusculum,
1184 1319 1307 1357 modo
1336 1319 1378 1356 id
1405 1318 1615 1368 integrum
1645 1319 1722 1358 tibi

133 1385 272 1432 fuerit,
300 1385 350 1423 ad
379 1385 587 1434 prefatum
616 1384 667 1423 D.
695 1384 868 1422 Petrum
896 1383 1091 1434 Aegidii;
1131 1383 1168 1422 is
1196 1384 1309 1421 enim
1338 1383 1387 1422 ad
1417 1385 1459 1421 te
1487 1384 1721 1422 Louanium

132 1450 243 1488 idem
262 1451 355 1488 tuto
375 1452 642 1500 quantocyus,
657 1451 701 1487 vt
717 1449 822 1487 mihi
840 1448 1073 1498 persuadeo,
1088 1451 1149 1487 est
1164 1448 1493 1487 transmissurus.
1545 1449 1722 1488 Obsecro

131 1518 189 1562 te,
207 1515 268 1554 mi
285 1515 390 1554 bone
415 1515 594 1563 Erasme,
615 1515 719 1553 meis
745 1514 857 1552 hisce
882 1513 1136 1563 totidemque
1160 1512 1376 1551 literarum
1401 1514 1570 1563 ineptiis
1596 1514 1720 1553 breue

131 1580 306 1630 aliquod,
325 1583 371 1619 vt
390 1580 487 1629 dixi,
505 1580 754 1630 epistolium,
770 1579 842 1619 vbi
862 1578 1133 1628 opportunius
1152 1578 1318 1628 poteris,
1337 1579 1386 1616 ad
1407 1592 1484 1617 nos
1504 1579 1719 1618 Coloniam

131 1645 284 1695 mittas,
307 1648 377 1685 aut
406 1645 574 1696 quidem
603 1646 652 1684 ad
684 1644 979 1683 bibliothecam
1007 1643 1053 1682 in
1080 1643 1228 1694 pingui
1253 1643 1407 1693 gallina
1432 1646 1502 1683 aut
1529 1644 1573 1683 in
1601 1645 1720 1695 signo

130 1711 321 1750 cuniculi.
381 1711 523 1750 Facies
542 1725 615 1761 per
637 1713 803 1758 ecastor,
828 1710 907 1749 etsi
932 1711 1069 1759 preter
1091 1711 1233 1748 nostra
1255 1722 1351 1758 erga
1377 1711 1418 1748 te
1445 1710 1604 1758 merita,
1628 1722 1717 1748 rem

130 1777 249 1816 nobis
268 1777 559 1828 gratissimam.

182 1843 321 1882 Audio
349 1845 390 1881 te
419 1843 633 1882 Coloniam
662 1842 934 1892 perlustrasse
956 1855 1006 1880 ex
1034 1841 1219 1891 hospicio
1245 1841 1410 1880 candidi
1436 1842 1529 1892 equi
1556 1842 1601 1880 in
1630 1843 1718 1880 foro

128 1908 226 1948 feni.
284 1908 409 1947 Dolui
427 1908 608 1958 profecto
627 1907 894 1946 vehementer
912 1907 1019 1956 quod
1041 1907 1091 1945 de
1110 1906 1177 1944 his
1202 1906 1325 1945 rebus
1345 1920 1481 1945 coram
1501 1907 1614 1956 loqui
1634 1920 1716 1945 11011

129 1975 325 2022 poteram.

128 2037 447 2088 Agrippinensis
471 2038 635 2087 publice
653 2037 802 2075 vinum
826 2036 1085 2086 propinasset
1105 2050 1179 2086 pro
1199 2037 1261 2075 tui
1283 2038 1416 2075 status
1441 2050 1486 2075 ac
1509 2037 1715 2076 honorum

129 2102 458 2152 magnificentia:
488 2103 595 2148 licet,
619 2103 727 2152 quod
757 2102 897 2148 fateor,
919 2101 1039 2151 longe
1066 2101 1346 2151 prestanciora
1374 2102 1493 2140 xenia
1521 2102 1599 2140 tibi
1627 2115 1713 2140 non

125 2168 336 2206 immerito
357 2167 592 2206 debeantur.

954 2325 1028 2363 819.
1058 2334 1071 2354 1
1091 2335 1139 2362 n.‚
1164 2325 1237 2363 846.
1262 2334 1292 2364 3,
1317 2335 1348 2362 4.
1394 2324 1469 2355 The
1493 2325 1623 2365 budget
1647 2326 1711 2356 did

954 2370 1015 2399 not
1032 2367 1138 2398 reach
1155 2368 1322 2399 Erasmus
1338 2368 1432 2398 until
1453 2378 1467 2398 1
1487 2368 1582 2408 Sept.

996 2420 1048 2450 25.
1071 2410 1341 2451 bibliothecam]
1369 2412 1457 2442 ‘Zur
1478 2412 1593 2442 fetten
1612 2412 1712 2443 Hen-

952 2454 1050 2493 nen',
1064 2454 1126 2484 the
1140 2454 1319 2494 bookshop
1331 2454 1403 2485 and
1420 2455 1710 2495 printing-house

951 2499 989 2528 of
999 2498 1061 2529 the
1077 2498 1318 2528 Birckmanns
1334 2498 1570 2539 (1513-1689),
1589 2499 1709 2530 which

951 2541 1009 2581 lay
1033 2541 1071 2572 in
1094 2541 1156 2572 the
1185 2543 1305 2572 centre
1333 2541 1370 2572 of
1395 2541 1456 2572 the
1483 2542 1708 2573 booksellers’

950 2586 1107 2625 quarter,
1137 2585 1274 2617 ‘Unter
1300 2584 1597 2617 Fettenhennen’
1612 2596 1620 2624 ;
1652 2595 1709 2617 see

169 2336 201 2364 5.
235 2326 411 2367 triennio]
447 2326 483 2356 It
516 2335 664 2365 appears
691 2326 784 2356 from
812 2324 886 2355 this

126 2369 207 2400 that
230 2370 291 2400 the
311 2370 392 2401 date
407 2370 513 2409 given
531 2370 571 2399 in
587 2370 649 2409 Ep.
672 2379 732 2408 140
748 2368 884 2399 introd.

126 2413 179 2444 for
216 2412 524 2453 d’Angleberme's
561 2413 809 2452 appointment
848 2413 884 2442 to

126 2456 238 2487 Milan
256 2459 353 2487 must
370 2457 413 2487 be
431 2457 621 2487 corrected.

212 2500 443 2540 preceptoris]
496 2499 642 2530 Besides
694 2499 751 2529 his
803 2508 883 2529 own

124 2542 261 2574 studies
277 2543 435 2574 Eicholtz
450 2553 523 2573 was
539 2543 577 2573 in
595 2543 720 2583 charge
737 2542 775 2572 of
787 2551 883 2573 some

123 2595 243 2627 young
258 2587 448 2617 noblemen
463 2586 541 2626 (Ep.
555 2587 628 2625 819.
642 2586 774 2626 27-30).
808 2586 882 2616 One

403 1972 494 2011 Iam
539 1973 665 2011 etiam
715 1972 838 2021 longe
887 1973 1007 2010 antea
1057 1972 1337 2021 disposueram
1384 1972 1492 2022 quod
1547 1974 1715 2011 senatus
1734 1983 1751 2012 3

125 2630 163 2660 of
174 2630 232 2661 his
248 2629 550 2661 fellow—students
565 2640 636 2660 was
654 2630 756 2661 Chas.
771 2630 882 2661 Harst

124 2673 244 2711 (Basle
261 2674 333 2705 MS.
351 2674 393 2705 G.
410 2674 461 2704 ΙΙ.
480 2683 531 2712 24.
553 2673 641 2713 127).

211 2716 415 2757 negocium]
469 2716 665 2756 Evidently
712 2717 880 2747 Erasmus

124 2769 195 2791 was
218 2760 326 2791 asked
346 2760 404 2800 (cf.
422 2759 460 2792 ll.
482 2760 568 2801 18‚9)
594 2762 630 2791 to
653 2761 765 2790 revise
784 2769 880 2790 some

123 2804 220 2834 work
247 2804 287 2834 of
313 2802 610 2843 d'Angleberme:
638 2803 791 2843 perhaps
818 2803 879 2833 the

122 2849 254 2878 Militiae
269 2850 463 2878 Francorum
478 2856 592 2886 reglum,
608 2847 728 2877 which
745 2846 880 2877 Badius

123 2890 315 2931 published
331 2900 369 2920 21
389 2890 470 2921 Feb.
492 2891 574 2929 1518
592 2891 624 2929 (ἱ)
637 2890 746 2929 151ξ).

163 2944 194 2974 9.
231 2933 363 2975 Budei]
388 2933 451 2973 Ep.
475 2934 548 2973 810,
574 2933 694 2964 which
718 2932 878 2964 Eicholtz

120 2977 192 3009 had
215 2977 369 3017 brought
391 2977 483 3007 from
505 2977 604 3008 Paris
624 2978 663 3007 in
680 2977 785 3016 April
803 2976 877 3007 and

118 3020 232 3051 Gilles
248 3021 319 3052 had
336 3019 534 3051 forwarded
552 3021 590 3050 in
605 3019 704 3060 May3
729 3020 772 3051 cf.
786 3020 873 3059 Epp.

951 2628 1063 2660 Merlo
1085 2628 1124 2658 in
1148 2628 1294 2659 AHVN.
1317 2638 1387 2659 xxx
1411 2629 1527 2668 (1876)
1545 2639 1602 2669 pp.
1622 2637 1653 2668 3,
1675 2640 1706 2668 4,

950 2682 979 2711 7.
1027 2671 1101 2702 The
1124 2672 1234 2702 house
1255 2673 1353 2702 ‘zum
1378 2671 1519 2703 Hasen’
1539 2673 1597 2712 lay
1618 2672 1710 2703 close

948 2715 1017 2754 by3
1056 2715 1098 2745 cf.
1126 2715 1297 2754 Keussen,
1329 2717 1530 2754 Topoqraphie
1560 2718 1591 2746 d.
1619 2719 1710 2747 stadt

947 2761 1030 2789 Keiln
1044 2760 1088 2788 im
1104 2760 1277 2789 Mittelalter
1290 2759 1313 2789 i.
1330 2767 1404 2796 312.

991 2803 1043 2833 28.
1066 2801 1241 2841 hospicio]
1267 2801 1360 2833 Prof.
1379 2802 1570 2833 Enthoven
1590 2804 1707 2834 trans-

947 2845 1035 2876 lates
1051 2845 1113 2876 the
1129 2845 1209 2875 title
1228 2845 1306 2876 into
1325 2845 1432 2876 ‘Zum
1447 2846 1599 2876 weissen
1617 2846 1705 2878 Ross

947 2898 1004 2919 am
1025 2887 1258 2920 Heumarkt'.
1303 2889 1347 2919 In
1370 2888 1461 2919 later
1480 2889 1586 2921 times
1602 2890 1703 2921 there

945 2941 1018 2962 was
1044 2942 1065 2962 a
1091 2931 1201 2962 house
1224 2931 1315 2962 with
1338 2932 1418 2963 that
1441 2942 1545 2963 name
1572 2943 1618 2964 on
1640 2933 1702 2964 the

945 2975 1178 3014 Altermarkt,
1196 2975 1314 3006 which
1332 2975 1362 3005 is
1378 2985 1464 3015 very
1479 2975 1570 3008 close
1586 2978 1623 3008 to
1638 2976 1703 3008 the

946 3017 1161 3050 Heumarkt.

1745 683 1784 705 10

1741 1331 1781 1353 20

1740 1657 1778 1688 25
