2034 3433
264 119 345 157 334
730 114 986 155 LETTERS
1026 113 1098 152 OF
1136 112 1405 152 ERASMUS
1743 110 1870 166 [1518

265 224 424 273 Quaeso
462 226 503 261 te
541 234 645 260 num
684 217 1012 257 contumeliosus
1050 216 1105 255 sit
1138 217 1184 255 in
1220 216 1399 255 Petrum
1441 215 1511 266 qui
1550 215 1616 254 illi
1655 217 1871 257 Christum

264 289 465 340 praeferat
478 289 498 326 ⁶?
553 288 643 325 Aut
664 297 768 322 num
787 283 986 321 iniuriam
1006 282 1128 321 faciat
1146 281 1471 332 Archiepiscopo
1492 282 1783 321 Cantuariensi
1802 283 1872 333 qui

186 366 246 397 130
262 355 329 393 illi
357 353 563 404 praeferat
595 349 868 388 Rhomanum
899 346 1186 386 Pontificem?
1241 347 1332 386 Aut
1359 359 1464 385 num
1495 346 1686 385 obscuret
1714 349 1874 396 argenti

264 420 438 470 gloriam
465 416 537 467 qui
565 415 632 454 ilh·
660 414 864 465 praeferat
892 426 1041 451 aurum
1056 413 1077 451 ⁶?
1134 413 1267 463 Atqui
1286 412 1397 462 finge
1417 413 1502 451 iam
1522 412 1767 462 ambiguum
1785 425 1874 453 esse

263 489 355 525 vter
394 484 574 522 alterum
612 480 843 531 praecellat.
903 479 949 518 Si
987 492 1068 529 quo
1110 479 1249 518 studio
1296 479 1406 517 mihi
1451 478 1586 529 magis
1634 478 1875 528 probaretur

264 551 565 599 Hieronymus,
589 559 675 584 non
702 545 797 593 sim,
819 544 977 595 opinor,
1001 544 1282 593 insectandus,
1305 557 1400 583 curn
1428 543 1474 581 111
1500 544 1567 582 his
1594 543 1753 582 Paulus
1772 544 1876 583 velit

264 630 338 655 suo
377 626 572 665 quenque
610 612 754 651 animo
787 610 1029 660 indulgere:
1054 610 1178 649 modo
1217 610 1268 648 de
1303 609 1545 660 Augustino
1573 610 1644 658 ita,
1676 612 1723 648 vt
1756 609 1872 657 facio,

186 693 244 724 135
263 681 469 733 praeclare
499 678 689 718 sentiam.
749 676 859 715 Nam
898 676 1008 726 quod
1047 676 1277 715 secundum
1310 676 1528 714 canonicas
1565 676 1793 726 scripturas
1830 689 1876 715 ac

263 747 523 787 sacrosancta
550 742 760 783 Ecclesiae
788 743 959 790 decreta,
981 742 1214 780 secundum
1233 741 1388 792 primas
1415 741 1624 780 Ecclesiae
1645 741 1877 789 columnas,

264 825 476 853 summam
512 809 781 849 autoritatem
810 807 963 846 tribuis
991 807 1243 857 Augustino,
1267 807 1361 858 quis
1390 820 1477 846 non
1505 807 1686 846 fateatur
1713 806 1877 846 fortiter

263 879 337 918 abs
356 881 397 917 te
419 877 580 916 dictum
594 877 614 914 ⁶?
670 874 764 913 Hoc
785 887 860 912 nec
880 873 967 923 ipse
987 872 1069 911 sibi
1088 873 1274 923 postulat
1293 887 1428 924 neque
1454 873 1674 924 quisquam
1691 885 1877 924 vnquam

264 945 331 984 illi
355 943 516 990 tribuit,
542 940 788 991 praesertim
817 952 913 978 cum
940 938 1107 977 Graecis
1132 939 1290 989 primae
1316 939 1544 978 debeantur
1563 939 1609 977 in
1628 939 1708 978 hoc
1730 951 1877 989 genere

187 1022 246 1053 140
264 1010 411 1058 laudis,
437 1006 794 1059 quemadmodum
814 1006 855 1043 et
873 1005 920 1043 in
939 1004 1112 1043 caeteris
1131 1005 1338 1043 omnibus.

320 1076 399 1115 Sed
420 1073 681 1114 excutiamus
703 1071 852 1122 quibus
867 1071 1126 1120 argumentis
1145 1084 1311 1109 mecum
1331 1071 1434 1121 agis.
1491 1070 1708 1120 Philelphi
1727 1070 1877 1109 autori-

265 1145 394 1182 tatem
443 1140 550 1179 mihi
598 1138 785 1189 opponis,
824 1136 896 1187 qui
935 1149 1031 1175 cum
1069 1135 1334 1187 Hieronymo
1376 1137 1574 1175 concedat
1618 1135 1878 1186 eloquentiae

265 1208 446 1255 laudem,
469 1204 761 1255 Augustinum
788 1202 835 1240 in
863 1201 1081 1240 dialectica
1108 1202 1379 1252 praetulerit3
1408 1204 1450 1241 et
1488 1201 1705 1241 admetiris
1728 1201 1778 1240 de
1806 1203 1878 1240 tuo

268 1277 276 1293 ⁶
293 1274 339 1312 in
360 1272 477 1311 omni
497 1269 763 1321 philosophia
782 1268 1038 1318 superiorem
1058 1267 1229 1306 fecerit.'
1285 1268 1384 1318 Ego,
1401 1267 1639 1307 doctissime
1659 1267 1774 1316 Ecki,
1791 1280 1878 1306 non

188 1352 246 1384 145
267 1341 435 1378 tantum
455 1336 595 1375 tribuo
620 1334 858 1384 Philelpho,
880 1332 1126 1383 praesertim
1154 1333 1201 1372 in
1229 1346 1402 1372 censura
1428 1346 1567 1372 rerum
1587 1345 1808 1381 sacrarum,
1831 1335 1879 1371 vt

266 1405 382 1444 illius
403 1402 624 1442 autoritate
644 1414 710 1438 me
730 1399 864 1450 patiar
885 1399 1064 1449 opprimi
1081 1413 1091 1446 ;
1123 1399 1190 1437 cui
1209 1412 1262 1437 ne
1281 1400 1327 1438 in
1347 1399 1477 1449 ipsius
1497 1399 1666 1450 quidem
1685 1411 1821 1444 arena,
1842 1399 1877 1437 si

266 1484 332 1509 res
370 1468 564 1520 postulet,
602 1465 831 1505 admodum
864 1477 1054 1503 cessurus
1087 1464 1194 1504 sim:
1223 1478 1276 1503 ne
1309 1465 1418 1504 nihil
1456 1466 1506 1504 de
1543 1466 1702 1514 meipso
1741 1464 1877 1502 dicam

268 1535 455 1586 gloriose,
486 1546 584 1571 cum
621 1531 694 1570 ille
732 1533 820 1569 tam
851 1530 986 1568 multa
1019 1530 1068 1568 de
1104 1543 1147 1568 se
1180 1531 1436 1579 praedicarit.
1498 1531 1554 1569 Et
1588 1530 1697 1579 quod
1727 1529 1800 1567 ille
1830 1529 1876 1567 in

268 1601 441 1652 epistola
470 1597 667 1637 familiari
696 1596 805 1646 apud
834 1595 1060 1634 amiculum
1086 1598 1268 1646 nugatus
1297 1598 1373 1645 est,
1396 1595 1568 1646 perinde
1594 1595 1702 1633 mihi
1731 1594 1877 1633 obiicis

189 1680 250 1712 150
269 1668 385 1718 quasi
433 1666 483 1704 de
531 1662 696 1713 tripode
743 1661 1080 1711 pronunciatum.
1138 1661 1239 1709 Quis
1276 1663 1414 1700 autem
1455 1661 1587 1699 nescit
1630 1661 1676 1698 in
1722 1659 1876 1699 scholis

269 1733 535 1771 decantatum
563 1727 852 1778 Augustinum
883 1727 992 1764 inter
1018 1728 1179 1765 veteres
1209 1739 1296 1766 esse
1324 1727 1591 1777 praecipuum
1621 1726 1875 1775 theologum,

268 1796 558 1837 admirabilem
574 1794 882 1844 philosophum,
899 1792 1107 1831 inuictum
1120 1792 1382 1831 dialecticum
1395 1795 1414 1831 ⁴?
1435 1793 1554 1843 quasi
1565 1805 1664 1831 vero
1681 1791 1876 1842 quicquid

268 1863 364 1911 illic,
388 1873 636 1913 quocunque
655 1872 753 1897 casu
772 1858 972 1896 iactatum
992 1858 1056 1901 sit,
1080 1858 1235 1896 oraculi
1253 1858 1343 1897 vice
1363 1858 1508 1897 debeat
1527 1858 1683 1896 haberi.
1743 1857 1877 1895 Suum

269 1929 414 1979 cuique
444 1927 584 1966 ordini
612 1925 764 1973 vulgus
792 1926 864 1971 est,
889 1925 929 1961 et
952 1936 1116 1973 semper
1143 1924 1301 1974 optima
1328 1924 1590 1973 paucissimis
1617 1923 1874 1973 placuerunt.

190 2005 248 2037 155
271 1997 411 2047 Neque
441 1994 587 2033 dubito
617 1988 721 2043 quin
749 1992 836 2041 ipse
862 2003 886 2028 a
915 1989 1062 2028 multis
1093 1989 1326 2037 dissentias,
1350 2003 1454 2040 quae
1484 1991 1625 2028 tamen
1653 1989 1699 2026 in
1725 1987 1878 2026 scholis

269 2075 365 2101 cum
403 2060 551 2111 primis
589 2060 691 2097 sunt
738 2057 964 2095 decantata.
1028 2054 1228 2093 ‘Omnes’
1270 2055 1412 2106 inquis
1463 2054 1638 2093 ‘eruditi
1683 2053 1877 2092 tribuunt

268 2127 509 2176 Augustino
529 2126 574 2164 in
594 2123 803 2172 theologia
823 2122 931 2171 quod
952 2121 1201 2171 Philelphus
1216 2121 1261 2159 in
1276 2120 1562 2171 philosophia.’
1618 2120 1712 2158 Imo
1733 2120 1878 2158 contra

270 2192 478 2243 comperio
492 2191 605 2231 viros
621 2188 823 2239 exquisite
838 2187 980 2226 doctos
998 2186 1121 2237 longe
1133 2186 1277 2225 minus
1291 2186 1531 2236 Augustino
1547 2185 1728 2224 tribuere
1749 2195 1876 2234 quam

269 2272 345 2309 ego
364 2258 560 2296 tribuam.
622 2254 751 2293 Porro
772 2255 819 2292 vt
838 2251 1110 2291 scholasticae
1128 2252 1264 2290 tribus
1282 2251 1378 2302 plus
1397 2251 1621 2290 tribuerint
1637 2249 1877 2299 Augustino

191 2325 252 2356 160
271 2338 397 2374 quam
417 2323 682 2371 Hieronymo
701 2320 774 2358 aut
789 2318 1026 2367 Ambrosio,
1040 2318 1193 2367 partim
1208 2318 1253 2356 in
1269 2330 1392 2356 causa
1410 2317 1491 2355 fuit
1507 2316 1618 2367 quod
1639 2317 1675 2355 is
1695 2313 1877 2354 crebrius

270 2389 499 2428 adducatur
526 2387 577 2425 ab
605 2386 658 2424 iis
687 2384 957 2435 scriptoribus
983 2382 1056 2433 qui
1074 2383 1119 2421 in
1138 2382 1290 2422 scholis
1310 2384 1564 2432 occuparunt
1584 2379 1875 2431 tyrannidem:

271 2455 338 2493 vel
358 2454 467 2504 quod
487 2453 599 2491 hunc
619 2451 752 2500 magis
771 2449 1062 2498 intelligebant
1082 2461 1209 2497 quam
1228 2447 1332 2495 illos,
1347 2447 1415 2486 vel
1435 2447 1544 2497 quod
1563 2446 1712 2484 fortius
1731 2443 1877 2483 definit

271 2520 338 2558 hic
359 2532 488 2570 quam
508 2517 583 2556 illi.
641 2517 928 2566 Hieronymus
954 2514 1102 2553 multis
1128 2513 1263 2552 modis
1282 2514 1515 2553 salebrosus
1534 2513 1604 2560 est,
1628 2509 1877 2549 Ambrosius

271 2584 550 2623 allusionibus
580 2585 643 2621 est
675 2581 889 2631 aliquanto
922 2579 1162 2618 obscurior:
1195 2581 1367 2629 vterque
1398 2579 1650 2617 Graecorum
1687 2574 1876 2625 exemplo

194 2651 252 2693 165
273 2664 353 2701 quo
373 2649 532 2689 doctior
551 2650 621 2697 est,
643 2647 721 2686 hoc
740 2647 882 2685 minus
901 2645 1063 2684 fortiter
1083 2644 1275 2684 decernit.

769 2766 841 2795 141.
866 2765 948 2795 agas
963 2757 1000 2786 F.
1138 2754 1209 2792 156.
1236 2754 1311 2783 sint
1328 2755 1370 2783 H.

322 2863 391 2891 133.
417 2852 565 2892 Paulus]
585 2851 635 2883 Cf.
657 2861 671 2881 1
691 2851 768 2882 Cor.
787 2861 816 2889 7.
834 2852 900 2889 6,7.
1110 2846 1354 2886 philosophiae
1365 2845 1592 2885 Augustinus
1603 2844 1700 2874 visus
1709 2844 1763 2874 est
1771 2842 1873 2881 longe

323 2906 392 2934 143·
419 2896 461 2926 de
479 2895 556 2937 tuo]
577 2896 771 2927 Incorrect.
809 2894 885 2924 The
900 2901 1043 2932 passage
1111 2913 1120 2922 .
1139 2914 1146 2921 .
1164 2913 1172 2920 .
1190 2890 1326 2920 acutior
1342 2891 1377 2920 et
1393 2888 1561 2929 peritior’
1576 2899 1585 2927 ;
1608 2888 1671 2918 the
1692 2885 1777 2925 only
1793 2887 1874 2924 part

274 2939 370 2969 from
388 2939 517 2970 Filelfo
533 2939 665 2979 quoted
684 2940 722 2968 111
739 2939 801 2977 Ep.
815 2939 887 2976 769.
902 2937 944 2975 85
957 2945 1042 2974 seq„
1111 2933 1281 2972 excepted
1296 2933 1404 2972 being
1416 2934 1423 2948 ‘
1437 2942 1492 2963 res
1505 2931 1684 2969 diuinae',
1700 2930 1739 2959 in
1751 2927 1872 2960 which

275 2992 365 3014 runs
379 2984 386 2998 ‘
401 2983 469 3013 Sed
481 2992 549 3022 quo
563 2983 607 3013 ad
621 2983 776 3021 reliquos
789 2990 913 3012 omnes
923 2981 1044 3020 partes
1112 2977 1272 3017 equality
1289 2977 1319 3007 is
1335 2975 1488 3008 claimed
1505 2975 1560 3006 for
1575 2975 1597 3006 J
1599 2983 1726 3006 erome.
