2034 3433
143 134 242 188 844]
730 132 801 171 rro
840 131 991 171 JOHN
1030 132 1144 172 nox
1663 136 1742 174 333

143 241 292 281 Graeci
337 241 511 279 veteres.
597 238 717 277 Certe
768 237 966 285 Origenes
1012 240 1053 276 et
1101 238 1247 277 Graeci
1293 239 1542 289 interpretes
1590 241 1744 290 passim

143 307 413 347 offenduntur
449 306 496 344 in
533 302 666 342 Paulo
700 302 902 341 sermonis
935 303 1223 349 incommodis,
1252 304 1406 354 passim
1445 303 1745 355 Hieronymus.

142 372 326 412 Proinde
357 384 444 410 non
468 371 533 409 est
561 381 726 408 necesse
752 370 798 407 vt
829 368 1023 418 quicquid
1053 368 1133 407 fuit
1158 369 1204 407 in
1230 370 1454 420 Apostolis‚
1477 371 1669 419 protinus
1695 370 1746 409 ad
1764 383 1806 415 90

143 437 392 477 miraculum
428 448 634 475 vocemus.
694 433 850 473 Passus
883 435 946 472 est
984 446 1118 472 errare
1148 447 1244 473 suos
1273 436 1474 483 Christus,
1498 436 1624 474 etiam
1652 439 1745 486 post

145 505 358 554 acceptum
395 500 671 548 Paracletum,
711 501 754 538 at
792 512 877 538 non
914 512 1044 549 vsque
1082 499 1131 538 ad
1170 500 1267 538 fidei
1305 501 1561 551 periculum:
1609 515 1748 552 quem-

145 569 372 609 admodum
408 569 450 606 et
488 566 612 605 hodie
649 565 828 604 fatemur
876 564 1102 603 Ecclesiam
1151 565 1304 604 alicubi
1352 566 1437 605 labi
1477 580 1607 616 posse,
1646 568 1749 606 citra

147 635 373 674 discrimen
392 635 535 671 tamen
554 631 719 681 pietatis
739 643 784 669 ac
804 630 913 669 fidei.
973 630 1164 680 Denique
1185 631 1255 681 qui
1275 632 1356 670 scis
1376 645 1430 670 an
1450 633 1558 671 hanc
1582 633 1749 672 laudem

148 700 285 739 modis
304 698 500 738 omnibus
518 697 748 736 absolutam
767 695 843 735 vni
863 695 943 735 sibi
970 709 1134 734 seruare
1152 697 1331 736 voluerit
1359 698 1551 737 Christus
1565 700 1586 738 ἵ)
1614 699 1685 750 qui
1707 713 1750 738 se
1768 711 1808 744 95

149 779 281 806 vnum
309 764 527 804 veritatem
553 762 668 809 dixit,
690 764 737 800 vt
764 774 873 800 vnus
898 761 970 799 ille
997 760 1151 811 absque
1170 762 1256 800 vllo
1277 776 1385 801 neuo
1408 763 1609 803 innocens
1636 765 1752 804 iuxta

148 834 338 870 veterum
376 829 628 880 opinionem,
659 828 718 866 ita
750 827 938 866 fortassis
972 839 1080 865 vnus
1119 827 1221 866 citra
1259 841 1428 867 omnem
1467 830 1751 880 exceptionem

151 909 287 935 verax.

205 962 345 1001 Tertio
367 961 456 1000 loeo
474 962 684 1011 μαστιγοῖς,
708 958 817 1010 quod
845 958 1084 1008 scripserim
1109 958 1307 997 admirari
1337 972 1405 997 me
1435 960 1752 1010 Euangelistam

150 1027 267 1066 abuti
280 1027 461 1065 voluisse
475 1026 601 1064 verbo
617 1025 840 1075 θεραπεύειν,
856 1024 965 1074 quod
981 1025 1101 1062 sonat
1116 1036 1257 1062 curare
1273 1025 1531 1064 medicorum
1544 1026 1752 1065 remediis.
1776 1039 1835 1061 100

151 1092 345 1131 Primum
364 1092 442 1130 hoc
462 1091 596 1142 magis
615 1091 666 1129 ad
686 1091 956 1140 interpretem
976 1089 1127 1127 attinet
1147 1103 1272 1139 quam
1292 1090 1342 1128 ad
1363 1090 1634 1139 Matthaeum,
1659 1105 1754 1130 cum

152 1159 187 1197 is
225 1157 431 1196 Hebraice
470 1156 683 1207 scripsisse
721 1156 889 1194 feratur.
950 1154 1112 1193 Deinde
1147 1154 1265 1193 abuti
1298 1168 1385 1193 non
1418 1158 1481 1194 est
1513 1169 1676 1207 semper
1710 1157 1754 1196 in

123 1223 126 1225 ’
152 1223 308 1263 malam
345 1223 408 1262 vti
436 1224 627 1273 partem:
657 1234 756 1260 nam
784 1220 998 1259 abutimur
1026 1222 1066 1258 et
1095 1220 1148 1258 iis
1174 1220 1324 1270 quibus
1353 1221 1545 1260 alicunde
1574 1223 1755 1272 sumptis

153 1288 323 1335 vtimur,
345 1291 386 1327 et
408 1287 547 1327 verbis
568 1287 649 1326 alio
669 1287 837 1326 deflexis
861 1298 956 1324 cum
982 1285 1111 1335 gratia
1137 1285 1363 1324 abutimur.
1420 1286 1640 1326 Postremo
1669 1301 1754 1326 non

154 1353 345 1404 protinus
392 1352 655 1403 reprehendit
702 1352 891 1402 quisquis
941 1351 1182 1390 admiratur.
1244 1351 1519 1391 Admiramur
1564 1354 1605 1391 et
1653 1366 1755 1403 quae
1779 1367 1837 1399 105

154 1419 416 1469 suspicimus,
445 1417 702 1457 admiramur
731 1417 839 1467 quod
868 1429 1025 1455 nouum
1055 1418 1128 1464 est,
1155 1416 1410 1456 admiramur
1437 1419 1478 1456 et
1503 1431 1550 1456 ea
1579 1431 1757 1468 quorum

156 1497 322 1524 causam
368 1484 577 1522 nescimus
604 1498 612 1522 :
658 1483 774 1521 velut
818 1481 1074 1521 admiramur
1122 1495 1145 1520 a
1192 1483 1385 1532 magnete
1430 1483 1541 1522 trahi
1587 1483 1754 1530 ferrum,

155 1549 410 1589 admiramur
439 1549 586 1587 Nilum
615 1548 751 1586 media
778 1549 932 1586 aestate
958 1547 1178 1592 exundare,
1204 1547 1410 1597 Euripum
1436 1549 1558 1587 toties
1587 1548 1758 1598 recipro-

158 1628 260 1653 care.
319 1614 437 1663 Quod
469 1614 602 1664 igitur
631 1613 738 1652 mihi
768 1626 854 1652 non
884 1612 1077 1664 liquebat,
1101 1612 1194 1651 aliis
1224 1613 1519 1652 excutiendum
1550 1614 1755 1664 proposui.

159 1681 214 1719 Et
244 1681 323 1719 scis
351 1680 535 1719 odiosius
564 1679 691 1718 etiam
720 1678 921 1729 quaedam
950 1678 1124 1728 proponi
1152 1678 1198 1716 in
1226 1678 1392 1717 scholis.
1783 1695 1842 1717 110

213 1745 307 1784 Iam
326 1759 401 1796 per
420 1759 463 1784 se
483 1745 619 1795 palam
649 1747 711 1783 est
737 1758 862 1795 quam
888 1757 974 1782 non
993 1744 1229 1794 pertineant
1249 1744 1298 1782 ad
1318 1758 1406 1782 rem
1427 1758 1531 1795 quae
1553 1746 1598 1783 tu
1619 1745 1760 1786 odiose

159 1811 339 1860 subiicis,
361 1811 480 1861 quasi
506 1824 627 1849 coner
656 1809 938 1859 Euangelistis
964 1811 1134 1858 praeire,
1154 1811 1225 1848 aut
1252 1809 1434 1860 Spiritus
1459 1811 1594 1849 sancti
1614 1813 1762 1851 sarcire

162 1875 493 1927 negligentiam:
541 1888 776 1926 quanquam
815 1875 1052 1913 existimem
1090 1875 1190 1913 haec
1228 1875 1288 1914 ita
1326 1876 1490 1915 recitari
1525 1876 1599 1915 abs
1637 1879 1678 1915 te
1716 1881 1760 1916 vt

161 1940 340 1980 aliorum
369 1941 619 1980 calumniam
644 1953 864 1988 recenseas,
888 1953 974 1978 non
1000 1942 1122 1978 tuum
1148 1940 1307 1979 indices
1332 1942 1533 1980 animum.
1590 1942 1763 1993 Alioqui

163 2006 261 2057 quid
298 2006 364 2044 vel
402 2006 448 2044 in
484 2006 701 2044 inimicum
740 2006 820 2044 dici
848 2006 985 2054 potuit
1013 2005 1261 2045 inimicius?
1316 2006 1411 2045 Iam
1440 2007 1548 2057 quod
1578 2009 1763 2046 extremo
1785 2022 1841 2053 115

164 2071 360 2121 proponis
381 2072 480 2119 loco,
503 2073 640 2109 totum
659 2073 705 2109 vt
724 2073 845 2108 tuum
871 2071 1058 2120 agnoscis
1077 2085 1086 2109 ε
1116 2070 1215 2109 hinc
1241 2071 1373 2121 igitur
1397 2071 1517 2110 Eckii
1543 2073 1763 2111 candorem

166 2138 205 2175 et
226 2136 415 2175 studium
433 2137 478 2174 in
498 2136 719 2175 Erasmum
744 2148 822 2174 nos
845 2136 910 2174 vis
935 2136 1164 2174 aestimare.
1223 2137 1356 2187 Atqui
1381 2138 1469 2186 ipse
1494 2137 1562 2175 vel
1582 2138 1764 2177 maxime

166 2202 327 2251 partem
369 2200 476 2238 hanc
514 2199 607 2238 aliis
645 2199 922 2249 asscripturus
958 2213 1083 2247 eram,
1125 2200 1207 2239 nisi
1253 2202 1342 2239 tute
1389 2202 1467 2240 tibi
1514 2203 1766 2242 nominatim

167 2266 422 2307 asseruisses.
500 2264 703 2315 Displicet
749 2265 828 2303 tibi
874 2277 1018 2303 meum
1062 2265 1278 2314 iudicium,
1321 2267 1392 2316 qui
1439 2268 1484 2305 in
1531 2269 1766 2318 cognitione

169 2345 380 2372 sacrarum
418 2331 633 2369 literarum
671 2331 770 2369 adeo
817 2330 1043 2380 praeferam
1085 2329 1396 2381 Hieronymum
1434 2333 1685 2383 Augustino,
1721 2336 1767 2372 vt
1788 2349 1848 2370 120

170 2398 440 2437 vehementer
476 2397 697 2446 impudens
725 2396 904 2435 arbitrer
931 2395 1111 2434 alterum
1137 2409 1231 2435 cum
1264 2397 1396 2436 altero
1430 2399 1623 2437 conferre.
1684 2399 1766 2438 Hic

170 2463 249 2502 tibi
280 2476 365 2501 non
395 2463 511 2512 prius
541 2475 812 2512 responsurus
842 2475 947 2507 sum,
971 2462 1075 2500 Ecki
1105 2462 1354 2508 doctissime,
1381 2476 1507 2514 quam
1533 2464 1640 2502 mihi
1672 2477 1766 2503 con-

173 2529 343 2567 cesseris
363 2541 447 2566 non
467 2527 572 2566 affici
592 2527 840 2566 contumelia
854 2527 925 2577 qui
944 2528 1094 2578 potiori
1112 2528 1392 2578 posthabetur,
1410 2542 1505 2568 cum
1525 2530 1574 2568 de
1593 2531 1768 2580 vtroque

174 2593 393 2643 magnifice
431 2593 595 2632 sentias.
656 2594 743 2643 Ego
776 2593 827 2632 de
855 2594 1092 2643 Augustino
1123 2593 1182 2632 ita
1210 2595 1346 2633 sentio
1374 2596 1421 2632 vt
1451 2595 1501 2633 de
1529 2595 1620 2634 viro
1654 2608 1769 2634 sacro

174 2658 416 2709 eximiisque
453 2659 619 2697 dotibus
655 2659 840 2709 praedito
867 2672 941 2709 par
968 2662 1041 2698 est.
1101 2659 1185 2698 Nec
1218 2660 1408 2699 tenebras
1446 2660 1615 2698 offundo
1652 2659 1769 2699 illius
1791 2672 1848 2704 125

175 2723 337 2774 gloriae,
360 2726 405 2762 vt
433 2726 482 2762 tu
508 2724 664 2772 scribis,
686 2724 755 2762 sed
783 2738 867 2763 non
891 2725 1027 2775 patior
1052 2725 1259 2764 obscurari
1284 2725 1460 2774 gloriam
1489 2725 1769 2775 Hieronymi:

177 2789 242 2827 cui
272 2788 392 2838 plane
425 2789 542 2827 fieret
574 2788 739 2836 iniuria,
761 2789 797 2827 si
828 2803 953 2840 quem
983 2790 1105 2840 longe
1131 2789 1355 2840 praecellit,
1375 2791 1414 2828 ei
1441 2789 1766 2840 posthaberetur.

223 2918 276 2946 94.
303 2909 427 2938 tamen
442 2905 509 2937 Νι
530 2908 610 2937 tum
626 2905 678 2936 D1.
795 2908 849 2946 96.
872 2907 945 2938 vllo
962 2918 1019 2938 om.
1039 2910 1082 2938 H.
1201 2917 1253 2946 99.
1278 2907 1445 2946 μαστιγεΐς
1459 2910 1495 2939 Ρ.
1615 2918 1687 2947 104.
1711 2909 1770 2939 ab·

181 2951 321 2982 utimur
349 2953 399 2981 D:
433 2951 571 2981 vtimur
596 2952 638 2981 H.
788 2952 859 2982 106.
896 2951 1118 2982 admiramur
1147 2955 1219 2981 ante
1248 2953 1283 2981 et
1315 2960 1355 2982 ea
1386 2953 1430 2983 F:
1471 2951 1700 2983 admirantur
1730 2955 1768 2984 D.

184 3003 255 3035 113.
281 2995 447 3026 existimo
467 2996 507 3025 H.
651 3003 721 3032 117.
747 2994 860 3034 Atqui
877 2997 906 3025 F
920 2997 1032 3033 Coo-riq.
1051 3005 1058 3024 ε
1081 2995 1201 3033 Atque
1217 2997 1254 3025 D.
