2034 3433
128 174 228 229 769]
513 177 668 218 FRoM
705 177 856 216 JOHN
895 177 1081 216 MAIER
1119 176 1189 215 OF
1226 175 1339 214 ECK
1643 171 1721 209 209

168 279 208 312 Ε.
224 279 282 310 W.
302 280 403 312 Lohn
420 280 575 313 selected
589 281 665 311 this
677 281 786 311 letter
801 281 856 312 for
872 280 1096 321 publication
1115 279 1310 320 (Fi-eiberg,
1332 277 1429 317 1832)
1446 276 1538 307 with
1554 277 1669 312 notes,
1684 282 1722 304 as

126 333 146 353 a
163 323 346 363 specimen
362 324 400 356 of
413 324 471 356 his
488 323 669 365 projected
684 325 822 356 edition
840 324 879 355 of
892 324 1070 355 Erasmus'
1089 321 1426 363 correspondence.]

268 410 464 441 IOANNES
495 410 661 442 ECKIVS
692 410 789 441 DES.
816 410 997 440 ERASMO
1027 409 1338 440 ROTERODAMO
1369 408 1451 438 SVO
1482 406 1517 436 S.
1542 406 1585 436 D.

180 490 246 528 EA
271 491 518 540 praedicaris
546 490 822 538 humanitate,
850 489 1024 529 Erasme
1049 489 1298 536 doctissime,
1329 501 1376 526 ea
1402 486 1612 538 praedit-us
1637 498 1722 523 mo-

126 568 220 593 rum
247 555 468 594 clementia
491 557 532 593 et
557 555 736 605 genuina
760 554 967 603 felicitate,
988 557 1035 593 vt
1055 557 1096 593 et
1115 554 1165 593 ab
1186 553 1408 592 ineruditis
1430 552 1573 590 literas
1596 550 1722 589 etiam

126 619 318 659 barbaras
345 634 510 659 summa
536 620 667 658 animi
692 620 900 658 alacritate
927 620 1150 670 suscipias3
1179 619 1238 657 ita
1263 619 1377 657 enim
1402 617 1525 656 amici
1550 616 1614 654 tui
1638 629 1721 654 non

126 684 327 735 vulgares,
350 686 653 735 Vuolphangus
679 685 900 733 Fabritius,
931 685 1112 724 Ioannes
1139 684 1270 731 Fabri,
1301 684 1458 722 Beatus
1482 682 1718 726 Rhenanus,

128 749 304 799 Sapidus
328 753 368 789 et
390 751 462 789 alii
481 751 603 800 pleno
623 764 692 788 ore
721 751 770 788 de
796 752 836 788 te
864 750 1094 788 affirmant:
1124 750 1275 799 quibus
1300 750 1357 787 ita
1384 748 1593 786 animatus
1619 745 1724 784 meis
1743 748 1760 779 5

129 814 298 853 incultis
318 815 451 854 literis
471 817 512 854 te
534 815 650 853 adire
666 816 707 853 et
721 815 878 864 alloqui
893 815 1066 853 decreui.
1118 814 1260 864 Neque
1275 816 1418 853 tamen
1436 812 1542 851 mihi
1560 811 1724 850 animus

128 882 190 918 est
219 893 388 919 omnem
417 880 635 930 epistolam
663 881 707 918 in
738 880 932 918 laudibus
959 879 1055 927 tuis,
1088 881 1135 918 vt
1163 880 1292 917 facere
1320 879 1466 925 solent,
1497 877 1720 915 absumere.

130 946 223 984 Non
243 947 353 996 quod
375 959 460 985 non
485 946 542 985 sis
569 946 692 984 laude
712 945 995 995 dignissimus,
1021 945 1091 983 sed
1112 944 1220 995 quod
1239 943 1526 994 praestabilius
1544 941 1725 980 iudicem

128 1012 236 1061 apud
274 1012 466 1050 absentes
504 1014 546 1049 te
583 1024 659 1060 pro
698 1010 856 1048 meritis
900 1010 1059 1048 laudari
1097 1013 1137 1048 et
1174 1009 1409 1059 posteritati
1447 1008 1580 1046 literis
1620 1020 1725 1047 com·

130 1076 318 1114 mendari
337 1075 398 1124 (vt
417 1076 462 1114 in
488 1075 636 1114 aeditis
656 1075 864 1124 opusculis
890 1088 984 1113 cum
1011 1088 1163 1125 magna
1181 1074 1352 1112 honoris
1371 1072 1621 1123 praefatione
1641 1085 1725 1110 non
1750 1080 1786 1101 ·0

129 1141 257 1180 semel
282 1141 376 1190 feci)
395 1154 520 1191 quam
547 1154 685 1179 coram
710 1143 752 1178 et
778 1140 823 1178 in
850 1139 994 1178 faciem
1020 1139 1211 1189 pluribus
1237 1138 1392 1182 extolli,
1415 1138 1524 1188 quod
1548 1140 1725 1176 assenta-

129 1206 258 1244 tionis
287 1206 467 1256 speciem
495 1205 647 1243 habet:
678 1205 869 1254 quamuis
897 1207 936 1242 et
962 1205 1139 1243 aliorum
1165 1204 1392 1254 praeconiis
1420 1216 1503 1241 11011
1528 1203 1724 1252 indigeas,

130 1272 203 1321 qui
221 1285 272 1309 ex
290 1270 572 1321 promptuario
587 1270 744 1319 ingenii
763 1270 827 1308 tui
846 1269 952 1308 mira
966 1270 1181 1308 fertilitate
1200 1268 1443 1319 politissima
1461 1268 1572 1317 paris
1591 1279 1723 1317 opera,

129 1336 292 1387 saepius
320 1336 445 1374 etiam
473 1348 598 1385 quarn
627 1334 818 1382 cuniculi,
847 1348 949 1384 quae
977 1335 1087 1384 apud
1115 1347 1285 1373 omnem
1313 1333 1597 1383 posteritatem
1625 1345 1727 1369 nun-

130 1415 258 1452 quam
296 1401 381 1439 sint
419 1400 741 1439 intermoritura.
800 1400 933 1448 Quare
966 1399 1128 1438 abunde
1161 1402 1233 1438 tua
1270 1398 1350 1437 tibi
1386 1397 1618 1437 eruditione
1655 1397 1727 1434 im-
1750 1406 1785 1437 15

131 1465 427 1504 mortalitatem
446 1478 577 1515 paras.

184 1531 246 1570 Ne
265 1532 404 1570 autem
430 1530 584 1568 frustra
608 1530 688 1568 tibi
715 1531 842 1577 tanto,
866 1530 1048 1580 inquam,
1071 1530 1162 1568 viro
1181 1529 1393 1579 scripsisse
1412 1528 1569 1575 videar,
1589 1526 1727 1576 aliqua

129 1597 178 1635 de
206 1596 340 1635 literis
367 1595 452 1634 tuis
471 1595 770 1633 literatissimis
789 1595 1010 1634 afferamus
1028 1609 1037 1633 ε
1070 1595 1178 1644 quod
1198 1607 1274 1644 pro
1292 1593 1451 1643 ingenii
1470 1592 1532 1631 tui
1552 1591 1728 1630 candore

130 1664 171 1701 et
196 1662 440 1700 dexteritate
463 1675 511 1699 eo
541 1661 694 1710 animo,
716 1660 897 1711 benigno
921 1661 1079 1700 scilicet
1099 1663 1140 1698 et
1166 1659 1247 1710 pio,
1269 1658 1479 1708 suscipias,
1501 1659 1549 1697 vt
1574 1671 1624 1695 ex
1649 1656 1728 1695 tibi

131 1727 524 1766 beneuolentissimo
544 1727 836 1775 proficiscatur.
884 1726 980 1765 Non
999 1727 1112 1764 enim
1131 1728 1174 1764 te
1193 1726 1306 1773 latet,
1325 1724 1384 1762 mi
1401 1725 1588 1770 Erasme,
1603 1735 1729 1772 quam
1749 1734 1788 1756 20

131 1793 238 1831 bene
268 1793 318 1831 de
351 1794 391 1830 te
423 1792 575 1830 sentiat
604 1791 740 1830 omnis
770 1792 995 1830 Germania
1023 1791 1196 1841 (obticeo
1225 1803 1438 1829 summum
1468 1788 1725 1835 Pontificem,

131 1857 312 1902 Italiam,
344 1857 524 1895 Galliam
560 1859 601 1895 et
629 1857 855 1906 Angliam),
890 1857 1040 1907 quibus
1072 1856 1264 1895 laudibus
1297 1857 1368 1894 tua
1406 1855 1547 1893 efferat
1580 1853 1726 1901 studia,

132 1922 291 1972 ingenii
315 1922 377 1960 tui
404 1921 582 1971 excipiat
602 1921 794 1970 foeturas,
818 1922 1026 1972 praeclara
1052 1921 1311 1960 exosculetur
1339 1933 1485 1970 opera;
1513 1921 1560 1957 vt
1586 1931 1730 1957 omnes

132 1989 262 2026 ferme
300 1987 409 2025 docti
445 2000 613 2037 prorsus
652 1987 739 2025 sint
772 1986 1019 2034 Erasmiani,
1055 1986 1271 2025 cucullatis
1307 1985 1445 2035 paucis
1479 1984 1658 2033 demptis
1688 1986 1730 2021 et

132 2051 436 2101 theologastris.
496 2054 556 2090 At
595 2052 707 2090 nosti
745 2051 917 2100 Momos,
955 2052 1162 2102 quomodo
1201 2050 1444 2089 detrahendi
1480 2049 1600 2088 bonis
1628 2048 1731 2087 viris
1751 2061 1788 2090 25

133 2116 270 2156 studio
290 2116 484 2166 gloriolae
502 2116 726 2165 furnulum,
744 2117 863 2155 velut
882 2117 1031 2166 templi
1046 2116 1251 2166 Ephesini
1270 2115 1470 2162 incensor,
1489 2113 1730 2164 conquirere

134 2182 363 2226 conantur3
391 2181 478 2231 ipse
499 2181 549 2219 ad
568 2194 753 2230 vnguem
773 2181 885 2220 nosti
905 2182 1111 2231 quomodo
1132 2181 1381 2219 doctissimis
1394 2179 1496 2218 viris
1514 2178 1729 2228 mastigiae

135 2260 219 2285 non
248 2246 531 2295 pepercerint:
561 2258 686 2295 quare
715 2249 755 2284 et
784 2248 831 2284 tu
861 2248 954 2284 tuos
983 2246 1109 2284 habes
1139 2245 1285 2293 Zoilos,
1318 2245 1388 2294 qui
1416 2247 1457 2282 te
1485 2257 1656 2293 carpere,
1690 2246 1731 2282 te

134 2314 278 2350 notare
299 2309 484 2360 cupiunt.
545 2311 605 2348 At
626 2324 701 2360 ego
720 2310 986 2359 amicissimo,
1008 2312 1055 2349 vt
1074 2310 1318 2360 praestabat,
1342 2310 1481 2347 animo
1499 2308 1634 2358 aliqua
1651 2309 1730 2348 tibi

135 2376 329 2427 aperiam,
352 2388 439 2414 non
464 2376 650 2426 profecto
677 2375 1008 2425 reprehendendi
1034 2375 1183 2419 studio,
1204 2374 1274 2412 sed
1293 2376 1341 2413 vt
1361 2386 1504 2411 ansam
1530 2376 1571 2412 te
1597 2374 1731 2412 defen·
1751 2386 1792 2417 50

137 2442 257 2480 sandi
276 2441 487 2490 acciperes,
507 2443 547 2479 et
567 2442 602 2479 si
622 2454 726 2491 quae
745 2441 927 2490 planiori
946 2440 1180 2490 indigerent
1195 2439 1493 2489 explanatione,
1513 2439 1733 2489 omnigena

137 2509 209 2545 tua
229 2505 461 2544 eruditione
487 2519 532 2544 ac
556 2505 721 2544 dicendi
748 2505 863 2555 copia
883 2505 1090 2544 vberrima
1115 2504 1306 2551 dilucida,
1329 2505 1480 2553 aperta,
1501 2517 1546 2542 ac
1565 2504 1733 2543 mitiora

136 2572 298 2610 faceres.
360 2571 468 2609 Nam
494 2573 536 2609 et
562 2571 621 2609 sic
648 2570 852 2609 Erasmici
881 2570 944 2608 tui
970 2570 1121 2608 melius
1146 2570 1342 2608 aduersus
1366 2569 1664 2618 theologastros
1692 2572 1732 2609 te

139 2634 425 2683 defensabunt,
447 2638 488 2674 et
508 2636 646 2686 tuipse
670 2648 870 2685 magnum
896 2635 975 2673 tibi
994 2635 1191 2673 adieceris
1210 2634 1362 2684 gloriae
1383 2636 1423 2671 et
1444 2634 1599 2672 decoris
1618 2648 1731 2674 orna-

141 2701 346 2740 mentum.
1748 2710 1788 2742 35

361 2801 391 2829 7.
415 2792 603 2822 absumere
619 2795 668 2822 F:
692 2792 878 2823 absumere
893 2794 929 2822 te
945 2794 982 2822 I).
1135 2800 1187 2829 27.
1212 2792 1264 2820 N:
1288 2790 1458 2828 mastigae
1473 2791 1512 2821 D.

192 2900 222 2927 4.
249 2887 447 2929 Fabritius]
463 2888 599 2928 Capito.
644 2888 675 2919 D
692 2891 728 2919 in
742 2899 842 2927 mar-9.
977 2887 1050 2917 also
1067 2886 1170 2917 Eck's
1193 2888 1440 2925 oommentary
1463 2896 1509 2917 on
1528 2886 1732 2918 Aristotle's

235 2930 357 2972 Fabri]
373 2931 424 2962 10.
451 2931 575 2962 Faber.
606 2932 637 2962 D
662 2934 698 2962 in
722 2942 820 2970 mam.
846 2932 909 2962 See
976 2933 1152 2969 Dialectica,
1191 2930 1390 2969 Augsburg,
1424 2929 1553 2965 Miller.
1582 2939 1674 2969 1517,
1705 2930 1728 2962 f.

146 2976 214 3014 Ep.
233 2975 297 3013 386
313 2974 447 3006 introd.
981 2984 1051 3013 119,
1064 2974 1132 3004 and
1147 2976 1189 3004 De
1200 2975 1331 3004 materia
1342 2975 1520 3011 iuramenti,
1532 2974 1729 3013 Augsburg,

193 3028 242 3050 10.
267 3027 341 3049 non
354 3017 478 3058 semel]
493 3018 547 3049 Cf.
561 3017 655 3056 1.113
667 3018 782 3049 n.and
795 3018 818 3050 1.
830 3027 909 3056 114;
979 3018 1118 3048 Grimm
1133 3016 1207 3047 and
1222 3016 1412 3056 VVyrsung,
1436 3017 1530 3056 1518,
1546 3017 1586 3047 f0.
1602 3016 1643 3047 11²
1657 3019 1708 3048 v⁰.

206 3084 313 3103 Auram
331 3083 373 3102 111
922 3086 946 3110 P
