2034 3433
268 154 319 191 64

739 152 989 192 LETTERS
1028 151 1098 191 OF
1135 151 1399 191 ERASMUS

1742 148 1865 202 [1517

266 257 481 296 Asulanus
504 259 712 306 vtrunque
732 256 1049 294 Testamentum
1079 255 1246 294 excudit
1270 256 1434 304 Graece,
1457 255 1591 304 Opera
1618 254 1867 294 Nazianzeni

267 322 388 361 nobis
433 321 626 361 ostendit.

698 321 887 359 Excusus
932 322 993 358 est
1037 319 1184 359 Strabo
1233 320 1425 369 Graecus,
1470 320 1592 359 Vitae
1635 319 1866 363 Plutarchi,

230 400 247 431 5
267 388 477 426 Pindarus
508 400 604 425 cum
637 385 958 431 commentariis,
990 384 1149 434 aliaque
1179 386 1388 434 permulta
1421 398 1525 436 quae
1555 385 1601 424 in
1634 385 1868 434 praesentia

212 728 250 749 10

267 466 353 492 non
383 453 640 491 succurrunt.

702 451 735 489 O
765 451 802 489 si
832 451 953 489 liceat
993 450 1330 490 reiuuenescere!
1386 451 1580 491 Andreas
1609 450 1867 489 Ammonius

267 520 447 556 mortem
478 516 593 564 obiit,
623 518 801 555 attactus
833 515 1046 565 pestilenti
1078 515 1153 554 illo
1186 516 1347 554 sudore.

1404 516 1548 555 Morus
1576 516 1658 554 huc
1685 515 1864 555 aduolat.

269 583 377 622 Mihi
406 582 507 621 adeo
538 581 731 620 conuenit
764 594 859 619 cum
891 580 1094 630 theologis
1119 582 1166 619 vt
1197 581 1330 620 velint
1357 595 1424 620 me
1454 582 1499 620 in
1528 595 1652 620 suum
1678 581 1868 620 ordinem

269 651 459 697 cooptare
479 662 488 695 ;

270 713 417 762 adepto
445 712 628 752 titulum.

323 778 456 817 Fabro
487 777 690 828 respondi.

270 844 340 882 sed
361 843 602 882 faciundum
629 845 724 881 erat.

527 647 634 697 quod
666 646 836 685 honoris
865 646 937 685 vix
968 645 1163 697 cuiquam
1196 646 1445 697 impertiunt
1473 647 1558 686 nisi
1589 647 1657 685 hic
1692 647 1871 686 doctoris

749 777 887 816 Deum
920 780 1060 825 testor,
1094 777 1204 816 nihil
1228 790 1354 828 aeque
1384 779 1429 816 in
1458 778 1545 817 vita
1572 778 1651 817 feci
1679 778 1870 825 inuitus;

786 844 892 882 Sane
913 843 1093 882 demiror
1112 843 1213 894 quid
1236 843 1399 882 homini
1419 843 1578 882 venerit
1602 844 1648 882 in
1668 845 1866 882 mentem.

270 909 376 948 Cura
397 911 443 947 vt
463 911 571 948 recte
591 909 741 956 valeas,
765 909 992 947 amicorum
1013 908 1317 959 syncerissime.

324 975 502 1014 Louanii
533 988 566 1023 3.
596 974 681 1014 Cal.
712 974 891 1024 Septem.

657 1173 795 1227 643663

317 1266 507 1301 Deventer
524 1263 600 1299 MS.
621 1274 676 1309 91⁷
697 1264 723 1298 f.
745 1272 786 1308 57
804 1266 852 1298 v0.

319 1324 392 1358 LB.
410 1323 508 1368 App.
531 1331 605 1367 173.

1602 1039 1813 1078 Erasmus.

854 1172 918 1213 To
952 1171 1201 1214 CUTHBERT
1233 1172 1487 1214 TUNSTALI..

1543 1264 1721 1301 Louvain.

1442 1333 1484 1368 31
1506 1324 1652 1370 August
1671 1323 1825 1371 (1517).

290 1405 365 1447 [An
383 1404 644 1444 amplification
661 1403 698 1434 of
712 1403 773 1443 Ep.
793 1405 876 1443 642;
896 1402 1069 1443 probably
1086 1406 1166 1434 sent
1184 1406 1220 1434 to
1236 1402 1464 1445 Middelburg
1479 1405 1526 1445 by
1542 1405 1694 1436 anot-her
1711 1405 1845 1446 route]

699 1503 907 1533 ERASMVS
937 1502 1197 1533 TVNSTALLO
1229 1502 1311 1533 SVO
1343 1503 1375 1535 S.
1403 1503 1446 1535 D.

326 1586 649 1624 ACERBISSIMVM
670 1586 733 1622 est
753 1584 861 1633 quod
882 1583 1015 1630 audio,
1034 1583 1248 1622 Andream
1263 1584 1540 1623 Ammonium
1555 1584 1641 1623 fato
1662 1584 1873 1623 functum:

274 1664 354 1701 quo
388 1649 530 1688 nullus
565 1649 699 1688 adhuc
737 1649 871 1688 Italus
903 1651 1086 1687 vestram
1115 1649 1378 1688 Britanniam
1416 1649 1590 1689 incoluit
1618 1651 1686 1689 vel
1723 1650 1875 1689 litteris

273 1715 502 1754 absolutior
520 1714 588 1753 vel
608 1714 796 1753 moribus
815 1714 1025 1764 integrior.
1073 1713 1152 1753 Sed
1172 1716 1325 1753 recreat
1346 1728 1411 1753 me
1432 1715 1541 1766 quod
1561 1716 1684 1755 audio
1704 1716 1871 1755 Morum

276 1781 395 1820 breui
439 1781 547 1830 apud
592 1793 668 1819 nos
712 1780 926 1818 futurum:
972 1780 1080 1830 quod
1119 1780 1154 1819 si
1192 1780 1250 1827 fit,
1292 1780 1463 1819 videbor
1504 1781 1610 1819 mihi
1653 1781 1866 1820 reuixisse.

237 1864 255 1895 5
274 1847 419 1886 Seruet
453 1845 570 1885 Iesus
602 1848 621 1884 ὁ
651 1846 775 1894 σωτὴρ
801 1847 994 1884 nostrum
1023 1845 1393 1893 Cantuariensem3
1422 1845 1494 1884 illo
1531 1846 1733 1885 incolumi
1767 1846 1873 1885 mihi

275 1912 418 1950 saluus
445 1911 598 1950 videor.
656 1911 785 1949 Totus
810 1910 1081 1961 commigraui
1109 1910 1354 1949 Louanium.
1420 1911 1526 1950 Cum
1551 1911 1756 1961 theologis
1785 1925 1870 1950 non

275 1977 414 2016 solum
436 1989 515 2026 pax
541 1975 744 2014 altissima
770 1988 919 2014 verum
946 1975 1073 2014 etiam
1099 1975 1328 2014 arctissima
1358 1976 1625 2024 necessitudo,
1655 1976 1872 2027 presertim

275 2056 370 2081 cum
396 2042 558 2090 Atensi,
583 2042 654 2091 qui
682 2043 744 2080 est
771 2042 897 2079 huius
923 2041 1086 2080 scholae
1113 2044 1236 2091 caput
1265 2043 1306 2080 et
1327 2041 1615 2090 cancellarius,
1637 2044 1678 2080 et
1704 2042 1872 2092 Dorpio‚

275 2108 348 2158 qui
375 2107 482 2146 mihi
508 2120 557 2145 ex
583 2106 724 2146 animo
750 2106 918 2145 videtur
944 2106 1110 2145 amicus.
1172 2108 1319 2156 Agunt
1347 2106 1457 2144 inter
1477 2119 1520 2144 se
1545 2107 1684 2146 nescio
1704 2108 1803 2157 quid
1824 2107 1875 2146 de

218 2191 257 2212 10
275 2172 500 2223 adlegendo
538 2185 605 2211 me
638 2173 683 2210 in
717 2185 852 2220 suum,
888 2172 963 2210 hoc
998 2174 1060 2210 est
1092 2172 1138 2210 in
1177 2172 1359 2219 deorum,
1396 2185 1630 2218 numerum,
1667 2175 1708 2211 et
1746 2175 1875 2223 agunt

275 2251 429 2288 magno
443 2238 673 2276 molimine.
720 2238 871 2276 Adhuc
890 2238 999 2287 apud
1015 2237 1278 2276 Paludanum
1294 2238 1428 2286 hereo,
1446 2240 1628 2277 veterem
1649 2238 1875 2289 hospitem3

275 2304 347 2343 sed
380 2304 635 2354 migraturus
667 2303 818 2353 aliquo,
856 2303 927 2342 vbi
959 2303 1054 2354 plus
1088 2303 1210 2354 spatii
1243 2304 1299 2342 sit
1330 2303 1452 2341 libris
1484 2304 1749 2354 explicandis.
1821 2304 1873 2342 Id

277 2369 466 2408 nondum
499 2368 617 2406 licuit
647 2369 698 2407 ob
728 2368 991 2408 dissidiolum
1020 2369 1229 2418 quoddam
1262 2369 1371 2406 inter
1397 2368 1519 2418 ipsos,
1551 2382 1603 2407 ne
1631 2368 1875 2407 alterutram

277 2436 439 2484 partem
459 2434 677 2482 offendam,
702 2433 803 2472 dum
823 2436 997 2484 vtraque
1017 2447 1083 2472 me
1104 2434 1155 2473 ad
1175 2447 1262 2473 sese
1280 2433 1421 2472 trahit.

278 2566 484 2598 Provincial
493 2566 596 2597 ofthe
605 2565 801 2596 Observant
810 2565 1043 2596 Franciscans

278 2612 317 2641 in
326 2611 463 2650 Englan
470 2610 504 2641 d.
531 2610 587 2640 He
599 2620 671 2640 was
683 2609 873 2648 returning
881 2609 971 2639 from
981 2609 1043 2639 the

278 2654 433 2685 General
451 2653 609 2693 Chapter
627 2653 664 2684 of
683 2653 745 2684 the
768 2652 880 2683 Order
900 2652 986 2683 held
1006 2654 1043 2683 at

279 2698 389 2728 Rome
406 2699 445 2728 in
461 2697 544 2736 May
559 2706 654 2735 1517,
671 2697 744 2727 and
760 2697 826 2727 left
837 2696 946 2727 Rome
960 2706 987 2726 c.
1006 2706 1042 2734 17

276 2741 370 2771 June
389 2741 549 2782 (Brewer
566 2741 603 2771 ii.
620 2750 716 2781 3370,
735 2740 849 2779 3374).
898 2739 954 2770 He
971 2749 1044 2770 was

279 2787 316 2814 at
345 2794 411 2815 one
439 2785 530 2815 time
558 2785 698 2816 Lenten
732 2783 903 2823 preacher
925 2783 1043 2813 before

281 2827 411 2867 Henry
440 2837 510 2858 VIII
528 2839 534 2857 :
574 2837 631 2858 see
658 2827 690 2858 J.
726 2826 942 2867 Longlond's
974 2829 1043 2857 Tres

281 2874 443 2911 conciones,
471 2871 629 2909 London,
655 2871 694 2901 R.
717 2871 874 2910 Pynson,
895 2881 919 2901 s.
934 2880 976 2909 a.‚
996 2870 1036 2900 1⁰.

281 2914 316 2945 M
335 2914 385 2954 (=
403 2915 490 2955 54²²),
511 2915 606 2945 cited
620 2916 660 2945 in
672 2914 827 2953 Lupton,
840 2915 905 2951 Life
916 2915 1038 2951 0jColet,

278 2967 336 2998 pp.
353 2968 392 2997 91
411 2968 460 2997 n.,
481 2968 543 2997 224
560 2969 595 2989 n.

328 3001 404 3032 642.
430 3012 461 3040 3.
487 3000 691 3041 Asulanus]
710 3000 761 3032 Cf.
781 3001 844 3041 Ep.
865 3002 938 3041 629.
959 3002 1006 3031 16.

1155 2575 1185 2603 5.
1215 2563 1407 2603 Pindarus]
1431 2563 1553 2604 Rome,
1584 2563 1687 2595 Zach.
1722 2563 1875 2604 Calergi‚

1114 2617 1151 2647 13
1168 2609 1257 2648 Aug.
1277 2617 1369 2646 1515,
1389 2607 1480 2637 with
1496 2607 1559 2637 the
1576 2606 1721 2638 scholia.

1153 2652 1229 2682 643.
1250 2652 1279 2682 8.
1300 2650 1560 2691 Cancellarius]
1574 2651 1632 2681 An
1650 2651 1874 2690 inaccuracy.

1111 2695 1240 2725 Briard
1281 2694 1329 2735 (p.
1363 2695 1423 2733 93)
1457 2703 1527 2724 was
1557 2694 1875 2725 Vice-Chancellor

1112 2739 1171 2779 (cf.
1197 2739 1259 2778 Ep.
1285 2739 1359 2777 496.
1384 2748 1424 2776 24
1449 2738 1523 2777 n.);
1554 2738 1695 2769 Conrad
1719 2738 1874 2777 Renner,

1111 2781 1150 2811 of
1157 2781 1335 2821 Ghingen,
1346 2781 1426 2811 who
1438 2781 1730 2812 wasChancellor
1739 2791 1823 2820 1509
1833 2799 1876 2804 —

1110 2826 1230 2864 †1532,
1262 2826 1367 2864 being
1397 2834 1443 2855 an
1468 2825 1643 2856 absentee.
1701 2825 1764 2856 See
1796 2825 1874 2856 Val.

1110 2869 1285 2907 Andreas,
1299 2871 1388 2899 Fasti
1404 2871 1501 2899 Acacl.
1515 2871 1649 2909 Louan.‚
1664 2879 1696 2908 p.
1714 2878 1777 2908 59;
1803 2868 1875 2899 and

1109 2914 1152 2943 cf.
1170 2913 1258 2952 Epp.
1275 2913 1393 2950 650-1‚
1413 2913 1487 2951 675.

1158 2965 1206 2987 12.
1232 2955 1367 2996 aliquo]
1384 2955 1432 2986 To
1454 2956 1516 2987 the
1540 2955 1679 2996 college
1703 2955 1751 2987 du
1768 2955 1827 2986 Lis
1845 2965 1874 2986 c.

1115 3009 1149 3029 11
1169 2999 1288 3039 Sept.;
1314 2999 1358 3031 cf.
1379 2999 1442 3039 Ep.
1459 3000 1534 3039 651.
1555 3009 1605 3030 11.
