2034 3433
251 1253 286 1273 10

252 1906 289 1927 20

309 144 388 182 294
773 144 1023 183 LETTERS
1062 144 1131 181 OF
1170 144 1435 184 ERASMUS
1777 142 1903 197 [1518

308 248 429 287 Greio
476 247 635 286 reddidi
674 250 795 285 tuum
838 246 1115 285 Theocritum.
1191 247 1304 285 Bene
1342 247 1444 294 vale,
1490 248 1549 285 mi
1594 247 1718 286 Oroce
1761 248 1909 288 charis‘

307 312 420 351 sime.
481 312 666 351 Louanii.
701 325 734 359 9.
769 312 906 350 Galen.
932 312 1071 350 Maias.

811 417 908 457 8:28.
970 415 1034 456 To
1065 416 1192 457 JOHN
1225 417 1402 458 SIXTIN.
1443 462 1447 465 ,

355 506 541 541 Deventer
560 505 634 540 MS.
655 515 710 549 91.
732 505 756 539 f.
780 515 830 549 13.
1596 506 1775 542 Louvain.

354 564 426 598 LB.
445 564 541 609 App.
562 565 639 598 281.
1513 575 1556 610 23
1575 564 1682 610 April
1704 563 1855 611 (1518).

362 645 400 683 S.
424 645 484 689 P..
519 644 754 683 doctissime
786 644 959 683 Sixtiue.
1012 644 1228 683 Francisco
1262 645 1345 683 iam
1386 645 1480 683 dedi
1527 646 1811 696 syngrapham
1859 645 1912 683 de

306 711 502 760 pensione
530 711 630 749 anni
659 710 808 748 decimi
837 710 982 759 octaui,
1017 710 1123 760 quod
1152 710 1187 748 is
1215 710 1321 748 mihi
1347 724 1438 749 eam
1465 711 1687 761 pecuniam
1713 724 1913 750 annume·

306 779 471 815 raturus
510 776 644 815 fuerit.
688 775 731 813 ni
769 789 843 825 ego
883 775 934 814 ob
971 775 1133 814 itineris
1179 775 1423 814 discrimina
1469 776 1752 827 syngrapham
1795 776 1908 815 illius

306 842 559 880 maluissem.
624 841 668 879 Si
708 841 881 891 pecunia
929 854 1052 891 quam
1093 855 1116 879 a
1159 842 1280 880 sociis
1320 841 1483 881 Maruffi
1521 843 1655 893 recepi
1697 842 1914 892 pensionis

306 908 474 946 nomine
503 907 598 945 data
624 909 696 946 est.
727 920 813 956 age,
846 906 970 945 mitto
998 907 1279 956 syngrapham
1303 907 1404 945 anni
1427 908 1578 946 decimi
1607 907 1800 958 septimi:
1828 920 1908 957 qua

305 974 361 1012 ita
390 973 560 1011 demum
590 973 728 1019 vteris,
761 972 796 1010 si
834 972 1067 1010 constiterit
1107 985 1198 1010 eam
1239 973 1457 1022 pecuniam
1497 973 1574 1011 hoc
1604 973 1728 1012 titulo
1768 972 1908 1012 datam

305 1052 403 1078 esse.
463 1037 570 1075 Nam
610 1037 742 1076 Italus
781 1037 851 1088 qui
894 1037 999 1075 mihi
1035 1051 1126 1076 eam
1165 1037 1367 1086 exhibuit,
1410 1051 1483 1077 nec
1522 1038 1739 1088 epistolam
1778 1038 1909 1077 vllam

304 1104 486 1143 ostendit
515 1117 588 1141 nec
617 1103 911 1153 syngrapham,
946 1116 1019 1140 nec
1049 1116 1129 1152 quo
1160 1103 1328 1142 nomine
1357 1104 1523 1143 daretur
1555 1104 1784 1154 explicuit;
1821 1106 1910 1143 tan-

305 1173 396 1209 tum
425 1182 448 1208 a
476 1169 650 1207 Mai-uffo
681 1169 792 1207 mitti
818 1168 961 1207 fassus.
1023 1168 1168 1219 Itaque
1199 1182 1281 1207 11011
1313 1170 1458 1219 putaui
1486 1183 1629 1209 meum
1659 1183 1747 1209 esse
1777 1171 1910 1209 facere

303 1235 518 1287 pensionis
538 1236 697 1273 solutae
719 1234 985 1281 mentionem,
1009 1248 1103 1273 cum
1123 1235 1196 1273 illa
1217 1235 1334 1273 nullo
1349 1238 1461 1274 certo
1481 1236 1652 1274 nomine
1672 1238 1779 1275 esset
1799 1236 1905 1275 data.

304 1302 488 1340 Tantum
522 1300 633 1339 sensi
667 1302 855 1339 vestrum
889 1313 1082 1347 errorem,
1115 1301 1187 1349 qui
1216 1301 1465 1349 putaueritis
1495 1301 1778 1350 syngrapham
1805 1314 1907 1351 quae

305 1367 483 1406 habebat
499 1366 709 1405 decimum
723 1368 917 1404 octauum
932 1378 1103 1414 annum,
1118 1378 1193 1415 pro
1209 1365 1373 1404 Maruffi
1388 1365 1563 1416 pecunia
1578 1366 1705 1405 fuisse
1721 1366 1907 1413 missam,

306 1432 422 1471 velut
452 1432 669 1470 additurus
699 1444 833 1470 essem
863 1444 936 1481 pro
972 1431 1179 1469 Francisci
1215 1432 1387 1481 pecunia
1419 1432 1591 1470 alteram
1626 1432 1727 1470 anni
1760 1431 1909 1470 decimi

307 1499 419 1537 noni.

361 1564 472 1613 Quae
492 1563 625 1602 bestia
644 1565 780 1613 potest
798 1576 887 1601 esse
911 1562 1144 1601 sceleratior
1169 1563 1295 1602 Petro
1320 1563 1581 1601 Ammonio?
1639 1564 1671 1601 O
1692 1562 1908 1612 ingenium

306 1642 402 1668 vere
421 1629 615 1668 Italicum
633 1630 641 1667 Ξ
671 1628 801 1667 Mittit
820 1642 946 1667 vnam
966 1631 1037 1667 aut
1057 1629 1229 1667 alteram
1250 1628 1469 1679 epistolam
1489 1641 1539 1666 ex
1555 1630 1641 1666 tam
1657 1627 1814 1677 multis,
1833 1642 1908 1667 nec

305 1694 439 1732 mittit
458 1695 676 1744 epistolam
697 1707 720 1732 a
747 1694 966 1733 cardinale
995 1695 1045 1733 ad
1076 1707 1142 1732 me
1171 1695 1383 1745 scriptam.
1444 1694 1499 1732 Et
1526 1707 1575 1732 ex
1601 1694 1909 1744 exemplaribus

306 1760 627 1809 dispensationis
642 1760 813 1798 vnicum
829 1759 1045 1798 dumtaxat
1065 1759 1192 1808 misit,
1212 1760 1278 1798 cui
1294 1759 1517 1810 subscripti
1532 1762 1649 1798 erant
1668 1772 1763 1798 mea
1781 1772 1908 1798 manu

306 1825 463 1875 aliquot
492 1826 684 1871 articuli;
714 1825 838 1875 idque
866 1828 1058 1875 apertum
1086 1826 1243 1864 famulo
1273 1825 1454 1872 tradidit,
1489 1838 1590 1876 cum-
1613 1838 1709 1863 suas
1738 1825 1914 1864 naenias

306 1890 529 1941 diligenter
544 1890 809 1940 obsignasset.
848 1890 1023 1929 Vtinam
1039 1890 1159 1929 detur
1174 1891 1329 1929 occasio
1343 1904 1424 1940 qua
1438 1892 1629 1940 portento
1648 1889 1720 1929 isti
1734 1890 1909 1929 referam

306 1955 528 2006 aliquando
548 1957 750 2006 gratiam!
782 1956 1062 1995 dissimillimo
1090 1956 1243 1995 veteris
1271 1956 1502 2004 Ammonii,
1535 1956 1616 1994 nisi
1644 1969 1812 2005 prorsus
1837 1955 1909 1994 ille

309 2021 428 2059 nobis
448 2022 659 2071 imposuit.
718 2022 836 2060 Bene
856 2022 958 2069 vale,
982 2021 1219 2061 doctissime
1239 2022 1413 2070 Sixtine,
1443 2023 1483 2059 et
1504 2021 1634 2068 nobis,
1664 2021 1773 2071 quod
1793 2021 1911 2061 facis.

308 2087 444 2125 fauere
467 2100 598 2137 perge.
660 2086 837 2125 Louanii
857 2100 879 2135 9
901 2086 984 2126 Cal.
1009 2086 1149 2126 Maias.

801 2196 899 2238 829.
959 2195 1022 2235 To
1053 2194 1246 2235 THonAs
1278 2194 1425 2236 MORE.

357 2273 542 2309 Deventer
560 2273 636 2309 MS.
655 2284 711 2318 91,
732 2274 756 2309 f.
779 2284 831 2319 13.
1547 2272 1776 2320 <L0uvain.)

357 2330 428 2365 LB.
447 2331 543 2376 App.
564 2342 641 2375 311.
1460 2330 1515 2377 (c.
1537 2342 1580 2375 23
1600 2331 1706 2377 April
1729 2331 1852 2378 1518.)

806 2414 1009 2444 ERASMVS
1041 2413 1165 2444 MORO
1197 2413 1279 2443 SVO
1312 2413 1345 2442 S.
1368 2413 1412 2443 D.

365 2481 562 2530 QvoRsvm
602 2496 705 2532 opus
743 2486 840 2530 erat,
875 2483 934 2521 mi
965 2482 1088 2530 More,
1121 2485 1168 2521 vt
1207 2482 1368 2520 nudum
1405 2481 1603 2531 spoliares
1636 2483 1678 2520 et
1707 2484 1909 2522 onustum

311 2546 441 2597 magis
459 2547 587 2585 etiam
607 2560 797 2586 onerares
812 2549 832 2586 Ῥ
888 2548 1067 2586 Ioannes
1086 2561 1242 2597 equum
1268 2547 1452 2594 adduxit,
1475 2547 1546 2585 sed
1566 2560 1663 2585 eum
1690 2547 1735 2585 in
1758 2547 1913 2587 itinere-

354 2655 429 2686 827.
456 2665 485 2693 7.
511 2656 634 2696 Greio]
655 2655 704 2686 Cf.
725 2655 787 2695 Ep.
809 2657 881 2695 768.
906 2665 944 2695 15
961 2665 996 2686 n.
1144 2655 1208 2686 the
1237 2654 1394 2694 subjects
1418 2655 1503 2685 here
1528 2655 1711 2686 discussed
1736 2665 1793 2687 see
1814 2656 1903 2697 Epp.
1958 2685 1961 2687 .

397 2698 644 2739 Theocritum]
682 2699 839 2739 Perhaps
872 2708 892 2729 a
924 2709 1014 2739 copy
1041 2700 1080 2729 of
1145 2699 1219 2737 823,
1237 2699 1312 2728 822.

311 2741 373 2771 the
414 2741 555 2772 edition
596 2743 642 2781 by
683 2742 719 2773 C.
756 2743 861 2782 Hugo
896 2743 1075 2781 Dissutus‚
1187 2753 1217 2780 4.
1242 2742 1410 2783 pecunia]
1429 2742 1481 2773 Cf.
1502 2741 1565 2782 Ep.
1585 2750 1657 2782 775.
1679 2751 1728 2774 12.

314 2783 421 2824 Paris,
453 2786 493 2817 G.
524 2786 732 2825 Gourmont,
764 2794 847 2825 1513
869 2786 1075 2823 (dedicated
1187 2785 1263 2816 829.
1292 2795 1318 2816 1.
1343 2784 1499 2827 nudum]
1524 2796 1565 2818 sc.
1590 2789 1644 2816 te:
1679 2787 1718 2816 in
1742 2795 1905 2826 response

313 2829 348 2857 to
378 2828 568 2865 Aleander,
600 2829 719 2859 whose
750 2830 870 2870 pupils
909 2830 1077 2861 Dissutus
1144 2831 1182 2859 to
1205 2829 1268 2859 the
1288 2829 1413 2869 appeal
1440 2830 1479 2860 in
1500 2829 1564 2869 Ep.
1589 2830 1660 2868 785.
1690 2830 1721 2859 6.
1767 2829 1819 2860 Cf.
1838 2828 1902 2868 Ep.

312 2871 385 2901 and
416 2871 527 2902 Croke
566 2872 636 2903 had
670 2873 757 2903 been
790 2874 829 2904 in
862 2873 994 2914 Paris):
1028 2883 1076 2903 no
1144 2873 1219 2911 832.
1243 2873 1318 2913 6-7‚
1344 2873 1465 2903 which
1493 2876 1652 2913 suggests
1675 2872 1756 2904 that
1779 2873 1819 2903 in
1843 2872 1905 2903 the

313 2913 435 2952 longer
452 2925 635 2955 necessary
652 2916 689 2946 in
707 2917 799 2947 view
823 2917 861 2947 of
880 2917 942 2947 the
966 2917 1075 2947 Rome
1145 2916 1298 2946 interval
1315 2916 1377 2946 the
1393 2916 1499 2947 horse
1512 2916 1584 2947 had
1596 2916 1686 2947 been
1698 2915 1883 2947 recovered
1897 2927 1910 2953 Τ

312 2957 452 2988 edition
471 2958 551 2998 ng.
569 2960 643 2997 832.
661 2962 731 2999 30).
1145 2959 1216 2989 and
1233 2959 1296 2998 Ep.
1317 2960 1392 2999 867.
1409 2961 1462 2990 28.

357 3000 430 3031 828.
462 3011 491 3032 1.
514 3002 714 3043 Francisco]
749 3004 958 3034 Berckman.
1006 3003 1074 3033 For
1232 3003 1418 3043 onustum]
1440 3013 1481 3034 sc.
1500 3012 1563 3033 me.
