2034 3433
308 149 388 188 442
769 150 1018 189 LETTERS
1057 151 1127 188 OF
1170 149 1447 189 ERASMUS‘
1773 150 1898 204 [1518

271 266 288 298 5
307 254 567 304 arrogantius
595 253 803 302 scripserit
831 252 969 291 miror.
1029 252 1277 303 Suspicabar
1304 252 1383 291 hoc
1421 252 1558 302 ipsum
1589 265 1676 292 0550
1708 253 1760 292 ob
1793 257 1900 305 quod

283 333 286 336 ⁴
308 318 438 358 nollet
456 319 559 358 1111111
581 318 885 357 communicare
902 317 1057 356 librum
1077 331 1211 357 suum.
1271 318 1354 356 Pro
1377 317 1542 356 xeniolo
1564 317 1694 356 habeo
1713 319 1900 368 gratiam.

361 385 493 422 Locus
531 397 653 432 quem
693 383 855 432 quaeris
891 382 1000 432 apud
1039 382 1327 432 Augustinum
1366 385 1438 430 est,
1468 384 1582 420 tomo
1618 394 1674 421 XI.
1707 382 1814 423 libro
1852 385 1901 423 de

306 449 520 487 heresibus
557 449 608 486 ad
647 447 995 495 Quoduultdeum,
1027 447 1177 497 pagina
1212 447 1326 486 illius
1364 447 1463 485 libri
1499 448 1692 487 secunda.
1748 449 1903 498 Capitis

307 514 479 552 initium
498 517 583 553 est:
611 513 865 563 ‘Apostolici
884 513 956 563 qui
976 526 1019 551 se
1033 513 1042 528 '
1063 514 1103 551 et
1124 517 1198 551 cet.
1242 513 1349 562 Lege
1370 513 1586 563 epistolam
1601 514 1902 563 Augustini‘ad

252 593 289 614 10
307 579 541 626 Aurelium,
575 592 680 629 quae
707 581 769 617 est
798 591 971 617 numero
1006 580 1065 626 76.
1123 578 1187 616 Ex
1215 592 1262 617 ea
1291 579 1392 617 satis
1419 581 1585 628 apparet
1617 579 1902 628 Augustinum

307 657 392 682 non
421 644 549 683 fuisse
576 644 841 700 monachum.
902 644 955 682 In
984 643 1144 682 duabus
1171 644 1452 692 concionibus,
1484 657 1587 694 quas
1619 644 1669 682 ad
1703 645 1903 694 populum

306 710 452 748 habuit
490 710 538 748 de
576 709 732 748 clericis
767 709 854 747 suis
881 709 964 758 (eae
995 708 1204 747 habentur
1235 710 1345 747 inter
1382 709 1577 748 confictos
1609 722 1821 747 sermones
1853 710 1903 748 ad

306 776 453 813 fratres
481 776 687 824 eremitas,
711 788 886 813 numero
910 787 956 823 52
979 776 1023 812 et
1045 775 1121 824 53),
1145 774 1341 812 meminit
1367 774 1631 824 professionis
1651 777 1692 813 et
1712 774 1810 823 voti,
1833 775 1903 814 sed

306 842 452 878 votum
471 840 654 890 appellat
672 841 943 890 propositum.
1002 840 1272 878 Monachatus
1299 842 1439 878 tamen
1461 839 1579 878 nulla
1598 841 1660 878 est
1678 840 1851 878 mentio.

251 917 286 948 15
362 906 444 944 Oro
481 908 528 943 vt
567 906 702 944 denuo
741 906 888 944 mittas
924 906 1030 943 1111111
1067 905 1197 944 finem
1235 905 1518 944 annotationis
1559 905 1736 944 Leeicae.
1797 905 1904 944 Nam

307 970 501 1009 schedam
530 973 647 1009 tuam
677 971 806 1010 semel
835 973 955 1021 atque
983 971 1134 1009 iterum
1161 971 1311 1009 lectam
1335 972 1379 1009 in
1402 971 1542 1021 ignem
1563 970 1727 1018 conieci,
1750 984 1803 1009 ne
1821 971 1907 1009 fors

307 1036 351 1074 in
376 1036 560 1075 ministri
586 1050 735 1075 manus
761 1036 991 1084 incideret3
1020 1050 1106 1075 non
1128 1036 1240 1075 enim
1266 1038 1405 1074 tutum
1428 1038 1492 1074 est
1515 1036 1737 1075 iuuenibus
1765 1036 1811 1075 in
1840 1037 1906 1075 his

306 1101 440 1140 fidere.
500 1102 632 1140 Porro
669 1103 850 1152 gemitus
878 1104 971 1140 tuos
1005 1115 1090 1140 non
1118 1102 1257 1152 probo,
1293 1102 1363 1151 qui
1391 1102 1492 1140 adeo
1526 1115 1610 1140 non
1648 1104 1827 1152 prosunt
1859 1105 1906 1139 vt

304 1166 493 1206 fortunae
524 1167 758 1206 molestiam
786 1167 1091 1217 conduplicent.
1147 1168 1205 1206 Vt
1233 1181 1317 1205 non
1346 1180 1486 1206 verear
1515 1167 1747 1206 dissuadere
1774 1167 1905 1205 bonae

251 1243 289 1265 20
307 1232 393 1281 spei
413 1233 559 1271 iuueni
572 1246 624 1271 ne
643 1246 685 1271 se
705 1233 863 1282 laqueis
877 1233 968 1271 istis
987 1232 1182 1283 implicet,
1202 1234 1261 1271 ita
1276 1246 1359 1271 non
1379 1233 1514 1271 ausim
1530 1233 1700 1271 suadere
1714 1233 1905 1282 cuiquam

307 1300 354 1335 vt
374 1298 500 1336 semel
520 1298 704 1337 irretitus
725 1300 925 1347 erumpat,
941 1298 1023 1336 nisi
1043 1311 1161 1336 casus
1179 1298 1328 1349 aliquis
1347 1311 1444 1336 eum
1463 1297 1622 1346 liberet,
1637 1300 1681 1336 vt
1702 1297 1907 1336 diuinitus

307 1365 523 1412 exemptus
542 1363 743 1402 videatur.
804 1364 882 1402 Tot
904 1363 1074 1414 laqueis,
1095 1366 1159 1402 tot
1180 1363 1336 1402 catenis
1354 1363 1426 1401 isti
1446 1363 1634 1402 Pharisei
1655 1376 1777 1402 suam
1802 1376 1907 1402 com·

308 1428 551 1467 munierunt
597 1429 875 1478 tyrannidem.
954 1429 1132 1468 Interim
1180 1429 1340 1467 oblecta
1387 1431 1429 1467 te
1475 1428 1651 1467 lectione
1697 1441 1905 1468 sacrorum

306 1493 581 1533 voluminum.
666 1493 790 1532 Mitto
846 1494 1007 1533 libellos
1053 1495 1167 1543 duos,
1217 1494 1396 1533 alterum
1443 1494 1493 1532 de
1541 1493 1712 1532 Ratione
1768 1493 1905 1532 Studii

251 1571 287 1601 25
308 1558 553 1608 Theologici,
595 1559 772 1597 alterum
818 1560 867 1597 de
915 1560 1188 1609 Argumentis
1234 1559 1515 1609 Epistolarum
1554 1559 1900 1609 Apostolicarum.

307 1623 421 1662 Bene
440 1624 540 1671 vale,
562 1624 740 1663 Μαι-11110
760 1625 1012 1663 charissime.
1070 1625 1133 1662 Ex
1154 1624 1272 1663 Lilio.

501 1744 596 1786 902.

356 1832 525 1869 Brussels
542 1833 621 1869 MS.
638 1835 792 1879 4850—7‚
812 1834 839 1870 f.
863 1843 938 1879 152.

663 1743 792 1784 FROM
825 1742 952 1784 JOHN
984 1743 1168 1784 Hovws
1199 1755 1254 1785 To
1286 1743 1474 1784 MARTIN
1506 1742 1700 1784 LIPSIUS.

1346 1832 1503 1879 college
1521 1834 1571 1868 du
1588 1833 1660 1876 Lis,
1680 1832 1856 1868 Louvain.

1516 1890 1633 1938 <1518
1646 1890 1689 1938 5»

352 1968 456 2008 [This
476 1968 585 1998 letter
606 1977 689 2007 may
705 1967 747 1997 be
770 1967 939 1998 included
962 1967 1058 2004 here,
1078 1976 1115 1997 as
1137 1967 1322 2006 occurring
1343 1967 1381 1997 in
1404 1967 1566 2007 Lypsius'
1582 1967 1816 2007 manuscript,
1834 1966 1906 1997 and

310 2011 363 2041 sor
379 2012 440 2042 the
457 2013 596 2051 picture
613 2011 694 2041 that
711 2011 740 2041 it
756 2012 855 2050 gives
876 2010 915 2042 of
933 2011 1113 2042 Erasmus'
1133 2011 1305 2041 relations
1320 2010 1411 2041 with
1434 2011 1492 2041 his
1517 2012 1689 2041 servants.
1736 2010 1755 2041 1
1775 2013 1906 2041 cannot

308 2054 384 2084 find
401 2065 471 2095 any
488 2054 583 2085 clear
598 2055 798 2086 indication
816 2054 854 2085 of
867 2055 972 2093 date3
997 2056 1060 2085 but
1078 2055 1116 2084 in
1134 2053 1222 2094 Epp.
1240 2054 1316 2094 899.
1333 2055 1385 2094 48,
1404 2064 1481 2094 901.
1504 2055 1586 2093 15-8
1604 2054 1775 2085 Erasmus
1789 2054 1906 2085 shows

309 2098 447 2129 similar
462 2098 658 2139 mistrust.]

362 2171 400 2208 S.
420 2172 467 2209 P.
518 2171 639 2210 Mitto
677 2170 729 2209 ad
767 2173 807 2209 te
844 2170 1054 2220 praeculas
1093 2171 1268 2209 Graecas
1306 2169 1495 2208 nondum
1533 2170 1810 2218 concinnatas,
1845 2170 1906 2207 vti

307 2237 484 2275 volebas.
542 2237 604 2275 De
637 2235 886 2274 munusculo
923 2236 974 2274 ad
1013 2249 1079 2274 me
1115 2235 1243 2274 misso
1281 2235 1413 2274 habeo
1450 2235 1636 2286 gratiam,
1669 2248 1905 2286 quanquam

351 2319 426 2351 901.
451 2330 481 2359 5.
509 2320 620 2350 miror
643 2321 768 2354 (αἰώβ.

309 2374 349 2402 42
369 2366 405 2394 et
421 2373 462 2402 43
478 2364 580 2401 B,per
593 2366 728 2402 lapsum,
746 2367 774 2394 vt
789 2366 918 2394 ridetur.

311 2417 359 2446 15.
387 2407 531 2438 Leeicae
549 2410 620 2438 add.
642 2409 675 2441 β.
814 2417 861 2445 17.
887 2407 1137 2437 ministrorum
1156 2407 1188 2439 β.

307 2451 399 2481 Lilio
415 2453 490 2481 add.
509 2451 541 2483 Β.

949 2329 978 2358 7.
1005 2328 1113 2358 quem
1137 2319 1281 2358 quaeris
1304 2320 1377 2349 add.
1394 2319 1428 2353 β.
1602 2328 1650 2358 13.
1675 2328 1717 2358 52
1741 2320 1777 2350 et
1799 2329 1842 2358 53
1865 2331 1905 2349 a:

1087 2372 1137 2401 14.
1163 2365 1285 2393 tamen
1311 2361 1413 2393 nulla
1436 2364 1490 2393 est
1506 2373 1548 2393 a:
1571 2362 1672 2393 nulla
1695 2372 1845 2403 vsquam
1869 2364 1903 2396 Β.

1320 2406 1371 2437 18.
1396 2405 1505 2436 Porro
1522 2409 1596 2437 add.
1613 2407 1647 2440 β.
1772 2407 1826 2437 26.
1852 2406 1905 2438 Ex

352 2526 428 2557 901.
442 2535 473 2564 7.
489 2527 585 2556 tomo
595 2525 662 2565 XL]
675 2526 719 2555 In
733 2524 830 2554 John
841 2523 1075 2554 Amorbach’s

310 2569 445 2599 edition
464 2569 502 2599 of
518 2570 612 2609 1506,
626 2569 669 2599 f0.
685 2568 735 2598 m5
750 2571 812 2606 v⁰.,
826 2567 947 2597 which
965 2567 996 2597 15
1012 2567 1074 2597 1110

310 2610 1074 2650 secondleafofthattreatise:Migneviii.32.

353 2655 385 2686 8.
411 2654 563 2696 Capitis]
583 2659 598 2694 ξ
617 2666 670 2694 40.

355 2709 406 2729 10.
432 2709 581 2729 numero
610 2698 665 2739 76]
704 2699 750 2729 In
782 2698 845 2729 the
872 2696 1072 2728 Amorbach

310 2741 448 2773 edition
466 2743 504 2773 of
519 2752 602 2781 1493
618 2753 625 2772 ι
649 2742 769 2781 Migne
785 2743 839 2772 60.

356 2794 403 2824 13.
431 2795 473 2825 52
488 2788 524 2817 et
541 2787 601 2826 53]
625 2786 672 2816 In
687 2783 919 2816 Amorbach’s
935 2784 1073 2814 edition

311 2828 348 2857 of
376 2829 438 2859 the
469 2831 633 2859 Sermones
661 2832 703 2859 ad
733 2831 860 2859 Fratres
889 2831 924 2858 ‘in
951 2830 1071 2866 Eremo,

314 2881 415 2911 1494:
432 2872 552 2912 Migne
565 2882 597 2904 v.
611 2882 686 2903 nos.
699 2874 809 2912 355,6.
853 2872 944 2902 Most
959 2870 998 2901 of
1010 2871 1073 2901 the

311 2918 468 2945 Sermones
491 2916 659 2946 Erasmus
685 2916 736 2955 (as
764 2915 910 2945 modern
937 2913 1072 2953 eritius)

311 2958 482 2997 regarded
498 2970 535 2989 as
551 2959 715 2998 spurious
729 2969 737 2997 3
761 2959 803 2989 cf.
822 2959 932 2989 Lond.
947 2957 1070 2988 xxviii.

313 3011 340 3039 1,
360 3001 430 3032 LB.
453 3002 545 3039 1084.
569 3011 645 3041 1251
661 3012 695 3033 A.

1189 2532 1239 2561 17.
1268 2521 1444 2562 ministri]
1469 2522 1522 2553 cf.
1543 2523 1608 2562 Ep.
1627 2523 1702 2562 899.
1722 2522 1765 2562 48
1781 2533 1815 2553 11.

1189 2567 1236 2597 18.
1263 2565 1432 2607 gemitus]
1450 2566 1523 2596 The
1542 2568 1731 2606 argument
1747 2570 1905 2606 suggests

1142 2610 1222 2640 that
1238 2610 1339 2640 these
1355 2609 1426 2640 had
1442 2609 1581 2641 formed
1595 2612 1675 2649 part
1692 2609 1731 2640 of
1744 2609 1808 2649 Ep.
1827 2620 1904 2649 900.

1144 2652 1182 2683 If
1195 2663 1243 2693 so,
1257 2654 1344 2692 they
1360 2654 1458 2683 must
1474 2653 1567 2684 have
1582 2653 1672 2684 been
1689 2653 1841 2684 omitted
1858 2654 1904 2692 by

1143 2696 1284 2735 Lipsius
1323 2697 1363 2726 in
1397 2696 1549 2737 copying
1565 2707 1572 2727 :
1608 2696 1783 2737 probably
1814 2697 1903 2727 with

1143 2740 1336 2770 intention.

1186 2793 1238 2821 24.
1265 2782 1422 2823 libellos]
1447 2783 1512 2814 See
1529 2782 1615 2824 Epp.
1635 2793 1697 2822 745
1715 2783 1787 2814 and
1803 2784 1880 2824 894.

1185 2826 1260 2857 902.
1291 2836 1316 2856 1.
1349 2826 1548 2866 praeculas]
1581 2827 1742 2866 Possibly
1768 2828 1808 2857 in
1836 2836 1901 2858 ms.

1141 2869 1295 2909 Callergi
1323 2873 1359 2900 at
1384 2870 1515 2901 Venice
1541 2870 1721 2911 produced
1745 2881 1765 2901 a
1789 2869 1903 2902 Greek

1143 2916 1256 2953 Horae,
1276 2923 1317 2952 23
1333 2914 1422 2953 Aug.
1444 2923 1537 2954 1509,
1556 2914 1677 2944 which
1697 2914 1759 2944 the
1775 2913 1902 2944 Juntas

1142 2957 1305 2987 imitated
1323 2960 1360 2987 at
1373 2956 1554 2996 Florence,
1568 2967 1609 2996 23
1624 2957 1705 2988 Jan.
1724 2966 1824 2995 1520;
1844 2965 1901 2986 see

1141 3000 1302 3039 Legrand
1319 3001 1342 3031 i.
1360 3001 1413 3040 96,
1437 3010 1506 3039 172.
