2034 3433
234 137 310 176 134
696 130 946 171 LETTERS
985 128 1053 167 OF
1091 126 1359 166 ERASMUS
1702 120 1827 175 [1517

621 299 779 340 618707.
842 297 906 338 ΤΟ
937 295 1105 336 HENRY
1138 294 1432 335 GLAREANUS.

279 427 461 462 Deventer
478 423 556 457 MS.
576 433 631 467 91.
656 421 680 455 f.
700 431 776 456 102.
1415 414 1642 461 (Louvain.>

280 485 351 520 LB.
370 484 465 529 App.
484 493 562 527 234.
1282 474 1515 521 (November
1531 474 1630 510 med.
1654 471 1780 518 1517.)

431 586 521 627 [The
538 584 620 615 date
637 583 667 613 is
683 581 790 621 given
807 581 854 619 by
870 579 934 610 the
950 578 1114 618 printing
1131 578 1170 609 of
1181 577 1244 609 the
1260 580 1475 616 Paraphrasis
1491 578 1546 619 (11.
1569 576 1692 618 14,5}.]

670 700 879 732 ERASMVS
909 698 1141 730 GLARIANO
1173 698 1257 729 SVO
1288 699 1320 729 S.
1348 699 1395 732 D.

287 805 350 843 VT
379 803 521 854 paucis
549 802 599 840 ad
629 802 722 839 tuas
750 798 1023 848 respondeam
1052 796 1224 845 litteras,
1249 811 1351 847 quas
1375 797 1518 837 vnicas
1545 797 1681 847 recepi
1709 796 1834 836 nonis

233 869 414 920 Augusti
452 867 626 917 scriptas
660 879 682 904 e
715 863 913 912 Lutecia;
958 863 1003 901 in
1039 862 1218 901 Galliam
1251 864 1292 901 te
1330 863 1624 913 commigrasse
1662 862 1829 912 gaudeo,

231 947 453 986 precorque
479 935 525 972 vt
550 933 655 971 bene
680 932 826 970 vertat.
884 928 1016 979 Magis
1043 928 1239 967 arridebit
1259 928 1430 967 Lutecia
1447 928 1520 967 vbi
1545 928 1680 978 magis
1699 940 1833 966 assue-

234 1001 355 1039 ueris.
414 999 495 1037 Hic
514 998 629 1037 locus
655 999 718 1036 est
743 996 921 1046 elegans,
944 994 1017 1033 sed
1044 996 1215 1044 questus
1242 1007 1339 1033 sane
1359 995 1495 1045 friget.
1557 994 1675 1043 Quod
1694 994 1730 1032 si
1751 989 1830 1046 [te]

197 1088 214 1120 5
234 1067 394 1116 regium
415 1065 610 1104 salarium
629 1063 844 1111 hucusque
862 1062 902 1098 te
927 1062 1066 1110 posset
1086 1060 1285 1109 comitari,
1307 1073 1556 1111 magnopere
1582 1072 1775 1110 cuperem
1793 1060 1836 1097 te

232 1132 313 1170 huc
336 1130 618 1180 commigrare.
677 1128 964 1176 Hieronymus
989 1125 1207 1164 Buslidius
1232 1125 1370 1176 <cuius
1396 1123 1569 1176 nomen>
1594 1125 1698 1175 legis
1725 1124 1834 1162 inter

233 1197 407 1236 Luciani
425 1211 449 1235 a
467 1210 535 1234 me
553 1208 696 1235 versos
715 1193 910 1243 dialogos,
927 1191 1103 1230 Louanii
1123 1191 1346 1242 collegium
1373 1191 1558 1230 instituit
1585 1190 1835 1229 testamento

232 1265 346 1311 (nam
376 1263 420 1301 in
447 1262 596 1300 itinere
622 1260 850 1310 Hispanico
875 1257 1028 1308 periit),
1052 1258 1098 1295 in
1124 1271 1205 1307 quo
1230 1259 1315 1295 tres
1337 1257 1488 1307 lingue,
1512 1257 1651 1305 Greca,
1673 1255 1834 1302 Latina,

234 1328 440 1367 Hebraica
471 1327 698 1373 tradantur,
729 1325 903 1363 honesto
933 1323 1138 1373 stipendio
1167 1336 1295 1373 eoque
1323 1325 1535 1372 perpetuo.
1596 1322 1689 1360 Iam
1723 1333 1835 1359 nunc

177 1415 216 1437 10
233 1395 347 1433 adest
377 1393 599 1440 Mattheus,
629 1390 857 1440 Wolgangi
889 1388 1020 1427 nostri
1055 1390 1305 1438 praeceptor,
1337 1388 1568 1427 Hebraicae
1602 1387 1835 1426 litterature

234 1461 355 1509 longe
390 1457 670 1497 doctissimus.
743 1455 980 1494 Asciscetur
1018 1455 1060 1491 et
1099 1453 1300 1492 Greculus
1338 1453 1499 1504 aliquis.
1572 1453 1617 1501 Si
1658 1452 1832 1498 adesses,

236 1525 391 1563 rideres
409 1524 635 1562 Erasmum
659 1521 806 1560 cotidie
825 1521 937 1558 inter
960 1517 1217 1569 magistr0<s>
1236 1520 1402 1558 nostros
1431 1519 1569 1557 sedere
1595 1517 1829 1556 sublimem.

235 1590 323 1638 Fac,
366 1589 426 1627 mi
463 1588 657 1628 Glariane
695 1586 940 1632 doctissime,
981 1587 1028 1623 vt
1066 1584 1216 1623 saltem
1253 1584 1408 1622 crebris
1445 1583 1598 1622 litteris
1635 1583 1720 1621 tuis
1758 1594 1836 1620 nos

234 1655 466 1693 interuisas.
527 1654 662 1692 Multa
702 1652 895 1691 misimus
932 1650 1141 1689 Basileam
1179 1649 1426 1688 excudenda.
1497 1649 1580 1688 Hic
1618 1647 1836 1686 excuditur

179 1739 216 1771 15
236 1720 507 1770 Paraphrasis
536 1732 628 1758 mea
658 1719 702 1756 in
734 1718 966 1768 Epistolam
997 1716 1047 1755 ad
1081 1716 1303 1764 Romanos,
1336 1728 1440 1765 opus
1470 1714 1642 1753 maioris
1671 1712 1836 1751 sudoris

235 1799 360 1836 quam
379 1788 537 1835 praese
559 1786 673 1823 ferat.
735 1784 843 1822 Noui
864 1782 1121 1821 Testamenti
1140 1782 1293 1819 bonam
1319 1781 1482 1830 partem
1502 1778 1832 1828 recognouimus,

234 1853 275 1889 et
308 1851 367 1889 ita
400 1850 716 1901 recognouimus
748 1852 794 1887 vt
826 1849 940 1887 aliud
979 1848 1033 1887 sit
1067 1860 1170 1898 opus
1201 1847 1404 1885 futurum.
1464 1846 1552 1884 Tue
1584 1845 1702 1883 Muse
1736 1843 1835 1894 quid

235 1916 462 1955 moliantur
493 1915 678 1954 vicissim
711 1915 935 1965 significari
966 1913 1139 1965 (velim).
1210 1912 1380 1950 Budeus
1419 1924 1505 1949 non
1538 1910 1710 1960 agnouit
1743 1907 1837 1959 quis

235 1995 354 2029 esses,
395 1984 441 2019 vt
479 1995 530 2020 ex
568 1981 681 2019 illius
718 1980 910 2031 intelligo
948 1980 1111 2018 litteris,
1183 1977 1388 2017 schedula
1426 1989 1507 2027 qua
1544 1978 1710 2014 notaras
1747 1974 1837 2012 loca

178 2062 218 2083 20
234 2047 393 2097 aliquot
417 2047 462 2085 in
493 2047 611 2085 Nouo
637 2047 913 2093 Testamento,
936 2045 1042 2083 mihi
1069 2044 1205 2094 periit.
1266 2042 1311 2081 Si
1338 2044 1436 2081 note
1456 2042 1681 2092 supersunt
1700 2039 1745 2077 in
1764 2040 1836 2077 tuo

235 2113 380 2161 codice,
411 2113 474 2151 fac
503 2113 654 2150 iterum
684 2114 814 2150 notes.
879 2112 993 2149 Bene
1023 2111 1126 2155 vale⁷
1159 2108 1386 2147 amicorum
1416 2107 1709 2153 mellitissime,
1740 2117 1836 2143 cum

234 2191 356 2228 grege
375 2180 458 2216 tuo.

290 2244 352 2282 De
372 2244 505 2282 Fabro
526 2243 626 2293 quid
648 2255 804 2292 querar,
825 2242 885 2279 mi
906 2241 1134 2280 Glari-ane?
1182 2240 1276 2278 Non
1296 2239 1441 2277 dubito
1461 2238 1565 2288 quin
1584 2235 1835 2287 Apologiam

236 2322 372 2347 meam
387 2309 472 2347 iam
487 2308 651 2347 videris.
699 2308 940 2358 Dispeream
956 2308 993 2346 si
1008 2308 1229 2357 quicquam
1243 2318 1428 2356 vnquam
1448 2317 1551 2353 eque
1566 2303 1646 2341 feci
1659 2302 1833 2340 inuitus.

181 2388 218 2420 25
238 2374 468 2413 Hominem
502 2387 554 2412 ex
584 2374 724 2412 animo
758 2373 899 2424 diligo.
959 2373 1061 2421 Quis
1092 2372 1228 2411 malus
1258 2370 1405 2421 genius
1437 2370 1514 2407 hoc
1548 2368 1612 2407 illi
1643 2366 1762 2406 misit
1790 2366 1834 2404 in

237 2442 454 2478 mentem?
511 2440 695 2479 Rursum
715 2439 818 2478 vale.

286 2570 311 2590 1.
340 2559 570 2599 respondiam
586 2562 655 2590 MS.
769 2560 800 2588 6.
825 2559 926 2589 cuius
941 2566 1076 2587 nomen
1092 2559 1166 2587 adel.
1185 2558 1261 2593 LB,·
1286 2555 1578 2591 omissumfortasse
1594 2555 1630 2583 in
1639 2555 1706 2589 fine
1721 2554 1832 2582 lineae.

241 2613 268 2641 7.
305 2613 404 2634 verso
431 2605 522 2633 MS.:
555 2613 630 2634 corr.
662 2606 725 2633 LE.
907 2601 959 2632 18.
992 2600 1103 2630 velim
1131 2602 1243 2629 addidi
1269 2600 1304 2629 in
1327 2601 1392 2635 fine
1419 2599 1540 2628 lineae:
1578 2596 1741 2636 significa
1767 2596 1828 2625 LB.

239 2657 290 2678 20.
331 2647 612 2678 Testestamento
644 2649 710 2676 MS.
889 2654 942 2683 24.
984 2645 1054 2674 iam
1085 2646 1158 2674 LB:
1197 2643 1288 2673 iram
1319 2644 1385 2671 MS.
1530 2639 1734 2679 Disperiam
1763 2641 1831 2670 MS.

242 2701 294 2729 25.
328 2691 492 2721 Hominu
515 2692 585 2720 MS.

286 2824 313 2852 7.
336 2814 504 2855 Luciani]
521 2815 585 2845 See
602 2812 666 2852 Ep.
684 2821 758 2851 205.
1121 2817 1171 2845 14.
1198 2805 1328 2846 Multa]
1354 2805 1529 2845 Probably
1555 2804 1606 2843 02,
1631 2804 1703 2836 and
1733 2802 1836 2834 addi-

288 2867 336 2887 10.
365 2857 562 2897 Mattheus]
587 2856 727 2888 Adrian
741 2866 749 2894 ;
773 2864 830 2885 see
846 2853 908 2894 Ep.
928 2853 1003 2884 686.
1074 2851 1170 2881 tions
1186 2852 1222 2881 to
1238 2849 1300 2880 the
1317 2852 1446 2888 Aczaqia
1462 2849 1500 2879 of
1516 2849 1643 2888 1517-8
1658 2859 1666 2888 3
1689 2857 1746 2879 see
1761 2846 1837 2876 also

241 2911 260 2940 5
278 2911 312 2932 n.
1075 2894 1164 2934 Epp.
1180 2895 1297 2933 603—4,
1319 2902 1390 2932 710,
1411 2903 1484 2932 771.

362 2943 567 2984 Wolgangi]
600 2942 745 2983 Capit03
772 2951 828 2973 see
851 2941 914 2980 Ep.
942 2949 1006 2979 459
1121 2946 1169 2976 15.
1197 2936 1445 2977 Paraphrasis]
1463 2936 1527 2967 See
1543 2936 1608 2975 Ep.
1627 2945 1699 2974 710.

243 2988 375 3019 introtl.
1122 2991 1170 3019 17.
1195 2981 1312 3021 aliud]
1330 2981 1394 3012 See
1410 2980 1475 3019 Ep.
1490 2980 1554 3018 384
1572 2979 1706 3009 introd.
