2034 3433
306 141 360 181 20
773 143 1021 183 LETTERS
1058 142 1128 181 OF
1163 140 1430 182 ERASMUs
1768 138 1891 193 [1517

304 244 349 283 in
369 245 548 284 Paulum
567 259 710 284 rursus
729 246 870 292 edidit,
894 246 1042 285 multis
1060 244 1160 283 locis
1182 244 1413 283 emendatis
1431 257 1481 283 ex
1500 244 1641 282 nostro
1659 242 1894 290 admonitu,

266 332 284 364 5
304 322 378 348 nec
407 323 583 360 vsquam
607 311 693 349 vlla
721 312 853 349 nostri
873 311 1039 357 mentio,
1062 309 1143 348 nisi
1168 322 1251 349 vno
1273 309 1319 348 in
1341 309 1441 357 loco,
1465 322 1616 358 nempe
1639 307 1684 346 in
1712 308 1893 346 secundo

303 374 434 424 capite
450 376 658 424 Epistolae
676 376 727 414 ad
747 376 946 424 Hebreos,
964 376 1036 414 vbi
1055 388 1140 413 non
1160 376 1223 412 sat
1238 374 1362 413 habet
1374 387 1492 413 suam
1506 372 1892 423 interpretationem

301 440 422 488 tueri,
438 440 506 478 sed
522 443 706 479 nostram
720 454 881 491 quoque
893 441 1110 479 subodiose
1122 439 1362 488 insectatur,
1370 440 1565 478 arrodens
1577 440 1702 477 etiam
1715 438 1891 488 quedam

302 517 403 554 quae
426 505 475 542 ad
503 505 618 544 illius
641 519 730 544 rem
759 506 865 544 nihil
894 505 1138 544 attinebant.
1193 503 1386 542 Breuiter
1407 518 1501 543 cum
1525 504 1667 551 amico,
1688 503 1775 541 imo
1794 516 1891 541 cum

300 570 504 618 peramieo
524 572 570 608 vt
597 570 685 620 ipse
713 570 867 617 scribit,
889 570 1058 608 homine
1086 583 1171 608 non
1200 569 1426 607 admodum
1452 570 1582 608 amice
1607 569 1703 619 egit,
1725 570 1767 607 et
1787 581 1888 615 sese,

244 660 282 681 10
300 636 346 672 vt
377 634 484 672 nihil
515 635 628 673 aliud
667 634 813 682 dicam,
850 635 1064 673 hominem
1100 647 1188 673 esse
1225 633 1460 673 declarauit.
1517 633 1887 684 Respondebimus,

299 699 369 737 sed
396 699 499 737 eitra
525 699 810 748 stomachum3
839 713 924 738 non
951 714 1033 750 quo
1060 700 1177 739 illius
1204 699 1445 738 refellamus
1472 699 1731 746 sententiam,
1763 712 1888 749 quam

298 764 343 802 in
373 764 542 802 scholiis
571 764 724 803 nostris
750 766 1034 804 recensuimus
1061 766 1274 811 duntaxat,
1295 777 1381 802 non
1409 763 1635 812 reiecimus,
1667 777 1815 803 verum
1843 766 1889 802 vt

298 830 564 868 ostendamus
588 843 665 868 nos
687 843 771 869 non
795 844 924 882 vsque
949 832 1048 870 adeo
1075 831 1263 880 stupidos
1286 842 1374 868 esse
1397 842 1521 879 quam
1542 828 1613 867 ille
1633 828 1742 875 facit,
1761 829 1888 868 homo

296 894 615 933 mathematicus
634 895 705 933 sed
725 895 784 934 ita
802 898 848 935 vt
866 896 1050 935 multum
1073 896 1221 934 habeat
1239 897 1304 933 τοῦ
1324 895 1493 945 ματαίου.

241 986 276 1017 ,5
349 959 598 1009 Polgrauius
625 960 824 1010 Angliam
857 961 1035 1012 repetiit.
1093 961 1202 1000 Lens
1230 960 1427 999 acerrime
1464 959 1686 1009 graecatur.
1745 958 1886 997 Audio

295 1023 399 1062 duos
428 1025 665 1064 Cardinales
694 1027 1097 1075 regradatos‚—nam
1125 1026 1203 1064 hoc
1230 1025 1357 1065 verbo
1385 1037 1486 1064 vsus
1515 1025 1578 1063 est
1604 1023 1887 1073 Hieronymus

294 1090 781 1140 noster,—Georgianum
798 1092 939 1130 eterno
960 1092 1109 1131 carceri
1127 1091 1350 1130 addictum.
1403 1090 1648 1139 Quanquam
1668 1102 1715 1128 ea
1732 1102 1886 1139 poenae

294 1153 399 1193 ratio
427 1155 535 1193 mihi
561 1156 811 1194 nonnullam
839 1157 984 1195 veniae
1013 1170 1131 1207 spem
1159 1157 1268 1195 facit.
1327 1155 1501 1194 Vtinam
1527 1154 1592 1192 illi
1617 1167 1728 1192 nunc
1753 1155 1885 1204 prosit

292 1220 338 1257 in
374 1220 450 1258 hac
483 1234 621 1259 rerum
658 1223 903 1270 tempestate
941 1223 1050 1272 quod
1086 1223 1247 1260 vestrae
1284 1220 1525 1259 Britanniae
1564 1232 1727 1269 semper
1763 1220 1885 1259 vnice

235 1313 274 1334 20
292 1284 421 1324 fauit!
477 1286 593 1324 Bene
611 1285 713 1334 vale,
735 1286 801 1324 vir
819 1288 986 1337 optime.
1046 1286 1223 1326 Louanii
1248 1288 1294 1323 16
1315 1286 1398 1326 Cal.
1422 1284 1618 1336 Augusti.

716 1433 848 1489 608621
908 1433 973 1475 To
1004 1433 1153 1474 PETER
1183 1433 1453 1474 BARBIRIUS.

338 1522 522 1559 Deventer
539 1523 616 1559 MS.
636 1533 694 1570 91,
713 1524 738 1560 f.
761 1527 837 1562 182.
1583 1520 1757 1559 Loilvain.

337 1581 409 1616 LB.
428 1582 523 1628 App.
546 1592 621 1628 151.
1513 1592 1554 1628 17
1571 1582 1658 1628 Jlfly
1678 1581 1831 1629 (1517).

419 1662 529 1705 [1517‚
549 1664 696 1695 because
712 1664 751 1696 of
763 1665 901 1697 Adrian
917 1666 955 1697 of
971 1666 1153 1699 Utrecht’s
1168 1666 1370 1708 promotion
1387 1666 1423 1696 to
1439 1664 1501 1696 the
1517 1663 1763 1705 cardinalate]

730 1763 938 1795 ERASMVS
968 1765 1187 1796 BARBIRIO
1218 1764 1299 1795 SVO
1331 1765 1364 1794 S.
1389 1764 1430 1796 D.

342 1841 427 1879 Nos
447 1841 514 1880 hic
541 1841 777 1891 triumphos
796 1845 890 1882 tuos
909 1844 1051 1894 procul
1071 1858 1116 1883 ae
1143 1846 1342 1894 tanquam
1361 1855 1435 1893 per
1453 1840 1648 1880 nebulam
1668 1841 1872 1882 audimus.

286 1905 487 1944 Destituti
502 1907 623 1945 nobis
637 1907 841 1957 videmur,
858 1911 1125 1959 posteaquam
1145 1923 1220 1947 nos
1235 1908 1400 1959 reliquit
1414 1907 1560 1946 vnicus
1575 1907 1647 1945 ille
1663 1907 1875 1946 Moecenas

285 1973 427 2009 noster
463 1973 591 2021 tuque
632 1972 952 2023 subMoecenas3
996 1975 1112 2013 cuius
1149 1974 1337 2012 animum
1379 1973 1415 2012 si
1456 1974 1649 2022 aequaret
1693 1973 1869 2021 fortuna,

283 2036 444 2085 primus
473 2049 582 2075 esses
611 2037 811 2076 omnium.
869 2038 961 2077 Iam
984 2039 1113 2078 ferme
1142 2038 1298 2077 mensis
1317 2040 1379 2077 est
1401 2038 1509 2088 quod
1530 2037 1727 2076 Nicolaus
1745 2039 1875 2077 frater

247 2124 264 2155 5
283 2102 381 2138 tuus
414 2114 481 2139 me
515 2101 668 2152 Brugis
702 2104 907 2152 conuenit,
941 2104 1209 2154 exhibuitque
1238 2104 1399 2142 litteras
1429 2103 1480 2141 ad
1511 2116 1553 2141 se
1586 2105 1688 2149 tuas,
1723 2104 1872 2153 quibus

282 2165 508 2204 mandabas
540 2168 587 2205 vt
620 2179 670 2205 ex
700 2168 883 2218 pecunia,
922 2170 1174 2219 simulatque
1205 2183 1296 2208 eam
1328 2169 1379 2208 ab
1417 2168 1607 2218 Hispano
1638 2169 1868 2219 recepisset,

766 2275 841 2307 607.
867 2285 895 2315 7.
922 2278 1083 2307 nostram
1098 2279 1161 2308 LB.
1180 2288 1186 2307 z
1212 2278 1278 2307 nra
1294 2278 1363 2308 MS.

325 2382 400 2411 607.
424 2391 473 2420 15.
493 2382 714 2423 Polgrauius]
729 2383 782 2414 Cf.
795 2384 858 2424 Ep.
872 2395 947 2425 499.
961 2386 1042 2424 8n.,
1109 2389 1222 2417 [ohan.
1242 2389 1363 2417 Hieros.
1386 2395 1435 2424 19.

281 2425 364 2465 and,
383 2425 437 2455 for
453 2426 514 2455 the
532 2426 635 2464 form,
650 2427 712 2466 Ep.
732 2428 804 2466 623.
826 2439 854 2460 1.
1157 2440 1206 2468 19.
1232 2427 1871 2469 Britanniae]Appealwaspromptly

368 2467 474 2507 Leus]
494 2469 557 2498 See
574 2479 606 2508 p.
627 2479 701 2507 203.
1110 2473 1214 2503 made
1230 2475 1266 2504 to
1284 2474 1487 2511 Henryvm
1502 2481 1548 2502 on
1567 2471 1714 2502 Riario's
1726 2471 1871 2511 behalf3

327 2513 375 2542 16.
403 2511 629 2552 cardinales]
657 2513 694 2543 P«
705 2514 819 2545 trucci
842 2515 913 2545 and
931 2514 1039 2547 Sauli.
1109 2515 1253 2546 Brewer
1268 2516 1306 2546 ii.
1326 2525 1425 2554 3319,
1441 2524 1535 2554 3341.

279 2555 379 2594 They
395 2554 467 2585 had
486 2556 572 2585 been
589 2559 745 2587 arrested
766 2568 811 2588 on
835 2569 874 2598 19
892 2559 972 2598 May
988 2559 1042 2590 for
1153 2560 1230 2590 608.
1252 2569 1282 2590 2.
1310 2558 1507 2598 Moeceuas]
1526 2558 1573 2589 Le
1590 2558 1758 2598 Sauvage,
1773 2558 1865 2598 who,

279 2599 488 2638 conspiracy
498 2599 635 2638 against
648 2600 710 2630 the
723 2601 814 2640 Pope
829 2603 989 2641 (Brewer
1001 2602 1037 2634 ii.
1108 2612 1271 2642 accompa
1278 2603 1360 2632 nied
1372 2603 1418 2641 by
1429 2601 1622 2632 Busleiden
1632 2601 1711 2641 (Ep.
1721 2602 1794 2631 628.
1807 2599 1865 2641 52)

279 2651 373 2681 3277,
388 2642 508 2671 where
521 2644 573 2672 for
589 2645 750 2680 Thursclay
766 2646 849 2675 read
864 2647 1014 2682 Tuesday)
1032 2657 1040 2683 ;
1108 2647 1178 2676 and
1202 2646 1397 2683 Barbirius,
1427 2645 1498 2675 had
1523 2655 1613 2684 gone
1638 2645 1807 2676 overland
1831 2648 1867 2676 to

278 2686 349 2715 and
366 2695 410 2715 on
427 2695 469 2723 29
486 2685 565 2724 May
577 2686 697 2716 Riario
710 2688 782 2717 also
796 2699 867 2719 was
883 2689 1040 2719 arrested
1108 2690 1227 2728 Spain,
1243 2690 1332 2719 with
1349 2689 1595 2719 commissions
1611 2690 1649 2719 to
1665 2690 1809 2719 execute
1826 2690 1866 2720 in

278 2729 332 2759 for
362 2728 575 2768 complicity.
622 2730 682 2760 All
714 2732 813 2762 three
841 2742 932 2762 were
960 2742 1039 2763 con·
1107 2732 1208 2763 Paris
1231 2742 1277 2763 on
1304 2733 1361 2762 his
1386 2741 1465 2771 way
1490 2732 1650 2769 (Brewer
1681 2733 1721 2763 ii.
1751 2733 1863 2771 3375).

282 2772 407 2810 victed,
447 2772 519 2802 and
557 2782 602 2803 on
642 2783 682 2802 22
721 2774 814 2805 June
855 2775 1036 2815 deprived.
1106 2776 1205 2814 They
1227 2778 1279 2806 set
1304 2777 1365 2806 out
1385 2776 1475 2805 from
1493 2776 1615 2806 Ghent
1640 2785 1686 2805 on
1711 2785 1751 2815 19
1771 2775 1865 2806 June

279 2815 440 2845 Petrucci
465 2825 535 2845 was
558 2816 724 2847 executed
751 2828 778 2848 c.
801 2829 821 2856 4
842 2819 950 2858 July3
975 2820 1038 2850 but
1105 2819 1161 2849 for
1183 2819 1284 2858 Lille,
1310 2819 1462 2849 reached
1487 2819 1602 2849 Calais
1624 2829 1640 2857 7
1657 2818 1744 2858 July
1761 2819 1862 2856 (ibid.

278 2859 341 2889 the
366 2859 484 2889 others
509 2869 600 2889 were
624 2860 805 2899 pardoned
825 2863 897 2892 and
921 2863 1038 2893 subse·
1105 2864 1237 2901 3378.9,
1289 2863 1400 2901 3468),
1455 2862 1525 2892 and
1575 2872 1668 2892 were
1714 2863 1865 2902 nearing

277 2902 429 2940 Quently
468 2903 633 2933 restored.
695 2903 757 2934 See
800 2905 923 2935 Pastor
962 2906 1036 2944 vii;
1063 2921 1067 2924 ⁴
1106 2906 1289 2937 Bordeaux
1320 2916 1357 2935 12
1381 2906 1470 2944 Aug.
1498 2906 1574 2945 (Ep.
1600 2906 1691 2945 621).

277 2945 437 2982 Brewer;
463 2946 533 2975 and
559 2947 766 2977 Giustinian
790 2949 829 2979 ii.
855 2958 970 2988 107—9.
1148 2960 1178 2986 4.
1206 2947 1389 2987 Nicolaus]
1407 2949 1469 2979 See
1488 2949 1549 2988 Ep.
1568 2950 1632 2988 613
1649 2947 1781 2979 introd.

365 2988 634 3031 Hieronymus„
652 2993 688 3021 in
712 2993 816 3023 louin.
836 3002 865 3022 2.
886 2993 937 3031 28,
957 2995 1033 3024 adu.
1147 3002 1178 3031 5.
1205 2992 1349 3033 Brugis]
1367 2992 1417 3023 Cf.
1437 3002 1470 3032 p.
1489 3002 1520 3031 3.
