2034 3433
273 146 353 186 304
737 144 990 184 LETTERS
1030 144 1100 183 OF
1138 143 1406 183 ERASMUS
1746 142 1876 197 [1518

274 251 331 289 ita
370 252 518 289 natum
557 248 707 288 litteris
744 249 791 285 vt
827 260 900 296 per
943 259 1011 284 eas
1050 246 1180 296 possit
1219 245 1353 293 0110111,
1394 248 1436 284 et
1474 246 1699 285 matercula
1735 246 1872 285 filium

274 329 358 354 non
385 316 514 354 credit
537 313 791 352 incolumem
817 312 862 350 ni
891 312 947 350 sit
971 313 1017 350 in
1043 311 1212 361 Anglia.
1271 311 1356 349 Nec
1376 314 1519 350 tamen
1538 324 1562 350 a
1581 324 1648 349 me
1675 311 1880 351 dimissus

273 381 449 428 videtur,
482 380 748 429 posteaquam
788 377 833 415 in
873 376 980 415 Mori
1020 376 1104 414 mei
1143 376 1407 415 famulitium
1449 376 1758 426 demigraturus
1798 379 1871 415 est.

237 459 252 488 5
274 446 393 485 Nihil
435 445 523 483 eius
564 443 732 493 ingenio
772 442 1010 492 syncerius:
1058 455 1184 492 quare
1226 441 1356 480 velim
1392 439 1446 481 ¹vt
1490 441 1568 480 tibi
1612 455 1774 492 quoque
1816 442 1872 480 sit

250 510 595 557 -commendatus,
629 508 766 559 siquid
801 521 904 558 opus
942 520 1029 546 esse
1066 507 1306 557 conspicias,
1339 521 1390 546 ne
1426 507 1633 546 malorum
1666 507 1878 546 consortio

272 579 568 625 corrumpatur.
625 575 742 613 Bene
762 573 863 612 vale.

324 641 511 680 Louanii.
538 642 572 679 8.
597 640 680 680 Cal.
701 639 840 678 Maias.
902 640 1028 677 Anno
1049 638 1221 678 Domini
1243 650 1461 677 M.D.XV111.

1518 703 1719 743 Erasmus
1737 705 1816 743 etc.

688 838 785 878 833.
847 835 909 875 To
942 835 1097 876 RoGEr.
1130 834 1445 890 <WENTFORD>.

315 930 506 965 Deventer
524 927 600 962 MS.
620 938 675 973 91,
698 928 722 963 f.
744 937 797 962 10.
1560 926 1740 962 Louvain.

314 988 387 1024 LB.
407 987 504 1034 App.
529 996 604 1032 135.
1481 995 1526 1027 24
1544 984 1651 1030 April
1672 981 1822 1031 (1518).

792 1055 854 1097 [In
871 1064 1046 1094 sequence
1063 1055 1154 1085 with
1172 1055 1236 1095 Ep.
1255 1054 1344 1095 772]

731 1154 936 1184 ERASMVS
967 1154 1165 1185 ROGERIO
1199 1154 1279 1184 SVO
1313 1154 1344 1186 S.
1367 1154 1409 1184 D.

321 1240 439 1288 QVOD
468 1237 663 1277 nonnihil
688 1250 737 1275 ex
767 1235 852 1274 tuis
881 1235 1047 1273 schedis
1075 1234 1310 1285 asperseris,
1337 1235 1467 1273 habeo
1496 1235 1688 1285 gratiam.
1749 1234 1870 1283 Quod

266 1304 532 1355 praecipuum
557 1302 768 1352 dialogum
794 1300 1082 1351 suppresseris⁹
1105 1301 1193 1350 ipse
1211 1303 1305 1339 tuae
1325 1300 1454 1350 glorie
1474 1301 1630 1340 videris
1650 1300 1840 1339 inuidere
1859 1315 1872 1338 :-

267 1384 362 1409 nam
390 1373 463 1409 tuo
492 1369 663 1407 nomine
692 1367 885 1418 parabam
915 1367 990 1404 hoc
1018 1366 1215 1417 quicquid
1243 1368 1305 1404 est
1334 1366 1468 1405 libelli
1491 1367 1619 1405 edere.
1680 1365 1869 1416 Epistola

265 1440 351 1483 tua,
370 1435 469 1474 licet
488 1433 711 1485 perbreuis,
732 1433 959 1471 admodum
979 1431 1144 1481 placuit.
1204 1431 1337 1482 Perge
1355 1445 1401 1470 ac
1421 1431 1522 1471 vale.

318 1501 496 1540 Louanii
517 1502 540 1537 8
561 1499 645 1539 Gal.
669 1499 807 1538 Maias.

770 1638 867 1676 834.
929 1635 993 1675 To
1027 1634 1193 1675 HENRY
1225 1633 1354 1676 VIII.

309 1729 496 1765 Deventer
514 1728 590 1762 MS.
610 1738 666 1772 91,
686 1726 710 1761 f.
733 1737 786 1762 12.
1594 1724 1769 1760 Louvain.

311 1787 355 1821 D.
374 1799 410 1832 p.
434 1792 495 1832 155
514 1799 522 1821 ;
551 1786 588 1820 F.
608 1798 643 1831 p.
667 1786 755 1827 148:
784 1783 876 1818 HN:
904 1783 1020 1818 Lond.
1040 1782 1094 1818 iii.
1115 1785 1178 1819 16:
1207 1783 1280 1818 LB.
1300 1792 1379 1828 313.
1522 1791 1563 1828 25
1583 1782 1693 1828 April
1715 1783 1815 1828 1518.

343 1889 640 1919 SERENISSIMO
672 1887 917 1917 ANGLORVM
949 1887 1056 1916 REGI
1089 1886 1293 1917 HENRICO
1324 1885 1425 1915 EIVS
1456 1885 1650 1915 NOMINIS
1681 1886 1781 1916 VIII.

715 1956 919 1985 ERASMVS
950 1955 1282 1986 ROTERODAMvs
1314 1954 1348 1985 S.
1369 1954 1413 1987 D.

315 2039 513 2077 SALVTEM
544 2041 585 2076 et
612 2037 985 2084 immortalitatem,
1014 2037 1279 2075 serenissime
1309 2036 1409 2074 Rex.
1469 2035 1743 2075 Celsitudinis
1767 2038 1867 2075 tuae

262 2118 415 2143 munus
444 2103 589 2142 multis
619 2102 787 2153 quidem
814 2103 951 2141 modis
979 2102 1085 2140 mihi
1115 2101 1400 2152 gratissimum
1427 2101 1519 2146 fuit.
1544 2102 1632 2140 siue
1656 2100 1766 2151 quod
1789 2114 1864 2151 per

260 2184 301 2208 se
332 2170 491 2220 ingens,
513 2169 603 2208 siue
631 2168 740 2219 quod
769 2182 793 2207 a
822 2169 934 2218 Rege
962 2168 1222 2218 profectum;
1251 2167 1468 2217 presertim
1497 2167 1549 2205 ab
1579 2180 1625 2205 eo
1656 2166 1765 2216 Rege
1789 2167 1860 2216 qui

262 2249 344 2274 non
373 2235 515 2274 minus
543 2234 931 2273 honestissimarum
961 2247 1100 2272 rerum
1129 2233 1268 2272 studio
1297 2245 1420 2283 quam
1449 2232 1621 2271 ditionis
1649 2231 1863 2282 opulentia

223 2310 238 2339 5
259 2301 314 2339 sit
334 2300 522 2349 eximius,
540 2300 737 2350 cuiusque
757 2298 922 2348 probari
936 2298 1088 2337 iudicio
1108 2298 1444 2348 magnificentius
1459 2297 1515 2336 sit
1529 2310 1658 2348 quam
1674 2297 1859 2336 inaurari

204 2641 238 2662 10

260 2366 555 2406 munificentia.
616 2366 772 2404 Tamen
792 2364 870 2402 1100
894 2365 1062 2403 1101111110
1085 2364 1192 2402 1111111
1212 2363 1427 2413 praecipue
1446 2363 1527 2402 fuit
1546 2365 1729 2412 gratum,
1748 2363 1858 2413 quod

258 2432 386 2469 veteri
406 2434 478 2470 tuo
498 2431 547 2470 de
568 2430 690 2469 nobis
713 2429 921 2479 suffragio,
946 2442 1027 2479 quo
1047 2442 1343 2479 saepenumero
1367 2429 1591 2467 Erasmum
1611 2442 1697 2467 non
1717 2428 1863 2467 minus

258 2499 444 2536 amanter
478 2509 603 2546 quam
642 2495 867 2534 honorifice
902 2495 1071 2542 ornasti,
1106 2508 1179 2533 0011
1208 2494 1363 2544 pignus
1404 2494 1611 2545 quoddam
1640 2493 1861 2532 accessisse

257 2562 474 2601 videretur.
534 2563 599 2599 Ac
626 2561 742 2599 velut
770 2561 848 2598 hoc
878 2573 1025 2610 parum
1059 2560 1115 2597 sit
1138 2560 1277 2598 visum
1306 2563 1401 2598 tuae
1432 2572 1528 2609 erga
1556 2559 1686 2598 bonas
1714 2559 1861 2597 literas

258 2627 518 2677 benignitati,
536 2627 644 2665 vltro
664 2627 875 2665 fortunam
894 2626 1018 2663 offers
1036 2627 1276 2675 perpetuam
1296 2638 1468 2674 eamque
1483 2638 1569 2663 non
1588 2624 1852 2663 mediocrem.

258 2693 390 2741 Quam
424 2691 618 2742 equidem
657 2692 758 2730 adeo
793 2704 877 2729 non
911 2704 1053 2729 recuso
1087 2693 1132 2729 vt
1166 2690 1232 2728 vel
1266 2690 1396 2739 gratis
1432 2690 1509 2729 sub
1548 2690 1623 2728 tali
1661 2689 1856 2741 Principe

258 2771 411 2798 merere
438 2759 614 2809 cupiam,
639 2759 746 2808 apud
773 2771 894 2807 quem
922 2759 969 2796 vt
989 2756 1160 2807 quisque
1180 2756 1302 2794 bonis
1328 2756 1462 2795 literis
1480 2755 1671 2805 vitaeque
1691 2756 1857 2807 integri-

301 2866 377 2898 833.
407 2876 434 2898 1.
461 2866 631 2897 nonnihil
656 2869 779 2905 scripsi,
805 2868 841 2903 (gf.
866 2868 925 2903 Ep.
951 2876 1027 2905 914.
1051 2867 1164 2895 6222.:
1196 2865 1291 2896 nihil
1315 2868 1383 2896 MS.
1524 2866 1598 2896 834.
1625 2874 1689 2896 TIT.
1716 2867 1789 2896 add.
1813 2867 1850 2895 D.

257 2919 287 2947 5.
314 2919 396 2948 -que
414 2921 471 2941 om.
490 2914 524 2941 D.
639 2911 671 2942 8.
698 2910 833 2941 ornasti
851 2912 920 2941 MS.
937 2921 944 2940 ε
967 2912 1029 2940 tua
1046 2909 1213 2939 maiestas
1230 2910 1374 2940 ornauit
1390 2911 1427 2940 D.

736 3010 809 3040 834.
838 3020 866 3039 2.
893 3007 1040 3047 munus]
1060 3008 1110 3039 Cf.
1131 3008 1193 3047 Ep.
1210 3009 1285 3040 816.
1302 3009 1379 3042 6-8‚
