2034 3433
198 149 215 165 ο
1641 144 1664 167 0

142 134 236 189 ω’]
398 191 493 231 792.
554 189 617 231 To
647 190 757 244 <THE
787 190 1053 234 SECRETARY
1084 203 1139 233 or
1170 192 1460 249 DUNKIRK2).
1641 145 1719 182 ..45

185 279 372 316 Deventer
387 279 463 316 MS.
480 290 537 326 91,
554 279 579 314 f.
599 290 643 326 39
660 283 711 316 v0.
1416 284 1591 321 Louvain.

187 339 260 374 LB.
281 339 376 384 App.
396 340 474 375 268.
1332 351 1348 387 5
1369 341 1500 377 March
1520 341 1674 389 (1518).

185 418 347 459 [Similar
361 422 398 450 to
414 419 476 459 Ep.
497 427 555 458 791
573 430 581 449 z
604 417 754 458 perhaps
767 417 956 450 addressed
970 420 1007 450 to
1020 429 1040 450 a
1052 420 1189 451 similar
1205 420 1329 452 official
1344 423 1381 452 at
1398 422 1575 463 Dunkirk,
1590 425 1630 454 in
1644 432 1722 454 case

139 462 236 493 John
253 462 372 494 Smith
389 462 517 493 should
527 461 643 492 travel
659 461 739 492 that
755 471 833 501 way
849 462 989 493 instead
1006 462 1045 494 of
1056 463 1100 503 by
1120 463 1236 495 Calais
1254 464 1310 505 (cf.
1329 465 1392 505 Ep.
1413 466 1485 505 789.
1507 466 1552 507 7).
1601 467 1619 497 1
1632 466 1722 498 have

142 507 205 537 not
226 506 314 537 been
336 505 415 537 able
430 508 466 536 to
482 505 638 544 identify
653 504 790 537 Gerard
809 505 847 545 (l.
866 507 901 545 6)
919 517 927 544 ;
959 507 1023 538 but
1039 507 1067 537 it
1089 516 1172 547 may
1188 508 1229 538 be
1248 508 1357 540 noted
1379 509 1459 541 that
1476 510 1608 542 Nevius
1627 510 1667 551 (l.
1687 510 1720 550 7)

141 559 240 580 came
256 550 348 580 from
365 549 427 580 the
443 548 737 589 neighbourhood
754 549 793 580 of
806 549 1001 591 Dunkirk.]

196 627 235 665 S.
255 627 320 673 D.‚
349 625 587 665 honorande
617 625 797 663 domine.
866 625 911 663 Si
943 628 1052 665 recte
1080 626 1204 675 vales,
1236 630 1299 667 est
1325 630 1433 679 quod
1462 643 1725 682 summopere

141 691 355 741 gaudeam.
411 690 474 729 Ob
501 692 632 728 certas
654 703 699 728 ac
722 690 969 746 necessarias
988 704 1054 730 res
1073 691 1185 730 hunc
1203 693 1409 732 famulum
1428 695 1536 734 mihi
1555 696 1725 735 charum

141 755 299 807 (mitto)
328 756 373 794 in
402 755 613 805 Angliam,
646 768 742 794 mox
775 755 855 794 huc
888 755 1129 795 rediturum.
1200 757 1331 797 Credo
1364 759 1472 798 nihil
1505 760 1590 799 fore
1624 774 1726 812 opus

146 821 276 860 officio
309 824 408 869 tuo;
445 822 585 859 tamen
615 820 650 859 si
679 820 776 870 quid
805 820 894 868 erit,
928 834 1026 871 rogo
1054 824 1101 860 vt
1129 822 1194 860 illi
1226 824 1359 862 modis
1392 825 1586 865 omnibus
1621 839 1727 865 com-

144 887 296 935 modes,
330 899 410 936 quo
444 888 536 924 tuto
569 888 610 924 et
641 885 832 935 expedito
864 886 1052 926 traiiciat.
1123 887 1238 935 Quod
1271 888 1316 927 in
1350 889 1472 928 illum
1503 890 1726 930 contuleris
1746 904 1764 935 5

148 951 277 999 officii,
307 951 353 989 in
382 964 449 989 me
479 950 677 990 collatum
706 951 868 1000 putabo.
930 951 1071 991 Saluta
1102 952 1453 992 humanissimum
1481 955 1723 1004 Gerardum,

144 1019 329 1056 veterem
355 1029 400 1054 ac
431 1016 684 1066 singularem
709 1016 890 1054 amicum
915 1029 1067 1055 meum.
1127 1017 1294 1065 Neuius,
1322 1018 1546 1068 imperator
1572 1023 1723 1069 noster,

143 1084 184 1120 te
204 1082 356 1120 salutat
376 1081 674 1119 amantissime.
732 1080 846 1119 Bene
865 1081 957 1119 vale
976 1081 1148 1120 Louanii
1170 1095 1191 1131 3
1213 1083 1321 1122 Non.
1344 1083 1523 1124 Martias.

1195 1158 1393 1198 Erasmus
1413 1160 1724 1201 Roterodamus.

576 1276 673 1316 793.
733 1274 798 1316 To
828 1273 955 1316 JOHN
986 1286 1042 1316 LE
1072 1275 1297 1319 SAUVAGE.

192 1357 377 1393 Deventer
395 1354 473 1391 MS.
492 1365 550 1400 91,
568 1355 593 1390 f.
611 1364 668 1397 41.
1418 1358 1595 1395 Louvain.

191 1414 264 1450 LB.
281 1415 376 1459 App.
395 1423 474 1456 270.
1338 1416 1360 1450 6
1377 1415 1509 1451 March
1530 1416 1682 1464 (1518).

187 1485 303 1526 [1518‚
320 1485 470 1515 because
485 1483 649 1514 between
672 1482 720 1513 Le
736 1480 922 1522 Sauvage’s
937 1481 1128 1522 departure
1149 1482 1202 1513 for
1221 1484 1331 1523 Spain
1350 1485 1423 1516 and
1441 1486 1499 1517 his
1516 1485 1635 1518 death.
1684 1487 1728 1518 In

144 1529 205 1568 Ep.
225 1538 298 1568 794.
322 1537 361 1567 73
367 1538 397 1567 ‚4
413 1526 487 1557 this
502 1526 612 1557 letter
627 1526 658 1557 is
673 1525 750 1557 said
766 1527 803 1556 to
818 1525 859 1556 be
875 1525 1021 1565 already
1036 1527 1195 1558 written.

184 1572 259 1603 The
278 1571 358 1602 first
372 1573 444 1601 two
459 1570 678 1610 paragraphs
695 1579 754 1600 are
770 1569 1029 1609 incorporated,
1047 1569 1176 1601 almost
1191 1570 1417 1613 unchanged,
1437 1573 1476 1604 in
1494 1573 1556 1614 Ep.
1575 1573 1670 1614 853.]

609 1667 923 1698 CANCELLARIO
954 1667 1258 1700 BVRGVNDIAE.

199 1740 239 1779 S.
256 1739 303 1778 P.
315 1769 324 1787 ‚
339 1738 554 1777 Moecenas
571 1738 702 1777 vnice.
753 1737 799 1777 Si
818 1737 945 1776 sciam
964 1737 1254 1777 celsitudinem
1273 1741 1389 1778 tuam
1407 1740 1474 1779 vel
1490 1741 1730 1791 desyderare

146 1805 381 1843 litterarum
401 1804 581 1842 officium
594 1803 662 1841 vel
677 1803 915 1841 huiusmodi
929 1803 1167 1852 vulgaribus
1183 1804 1324 1843 officiis
1337 1805 1552 1844 aestimare
1567 1806 1735 1844 clientis

147 1870 192 1909 in
210 1873 252 1908 te
271 1870 472 1916 animum,
494 1868 687 1918 equidem
706 1867 839 1906 nolim
861 1867 967 1905 mihi
995 1867 1072 1906 hac
1098 1867 1144 1905 in
1170 1882 1291 1908 causa
1311 1870 1441 1909 vllam
1462 1871 1734 1920 quantumuis

148 1935 305 1973 iustam
331 1935 635 1972 excusationem
662 1946 750 1972 esse
774 1932 1002 1983 praesidio;
1031 1932 1126 1972 licet
1150 1933 1254 1972 illud
1283 1933 1377 1973 vere
1404 1935 1558 1985 possim
1585 1935 1728 1983 dicere,

148 2013 215 2039 me
233 2000 430 2038 hactenus
450 2012 534 2038 non
553 1999 688 2037 leuius
715 1998 953 2037 districtum
976 1997 1102 2036 fuisse
1127 1999 1359 2038 studiorum
1378 2000 1589 2040 laboribus
1608 2013 1731 2050 quam
1750 2015 1768 2046 5

148 2069 195 2104 tu
229 2079 314 2104 non
345 2065 470 2103 vnius
508 2064 626 2113 regni
657 2063 839 2114 negociis
872 2063 1158 2113 distringaris:
1196 2064 1361 2103 etiamsi
1393 2078 1478 2103 non
1513 2078 1659 2115 negem
1692 2068 1732 2103 te

153 2131 311 2170 sarcina
347 2129 623 2179 splendidiore
651 2129 796 2178 premi,
829 2128 1016 2178 grauiore
1049 2141 1133 2166 non
1165 2128 1349 2177 arbitror,
1385 2132 1431 2168 vt
1465 2130 1634 2168 interim
1667 2143 1733 2168 me

147 2197 319 2235 culicem
333 2208 428 2232 cum
440 2194 659 2243 elephanto
674 2206 928 2242 componam.
962 2193 1082 2231 Nunc
1096 2206 1192 2231 vero
1205 2206 1299 2231 cum
1314 2207 1398 2232 non
1412 2194 1601 2244 ignorem
1613 2197 1733 2233 tuum

150 2262 262 2301 istud
294 2261 447 2310 pectus,
468 2259 682 2297 heroicum
711 2258 878 2308 quidem
906 2259 947 2296 et
969 2257 1140 2296 homine
1167 2258 1300 2297 maius
1327 2259 1398 2297 sed
1423 2262 1564 2297 tamen
1587 2272 1730 2305 vnum,

151 2327 278 2366 tantis
308 2325 571 2374 negociorum
600 2323 782 2362 molibus
815 2323 995 2372 vndique
1023 2322 1188 2372 pulsari,
1220 2335 1303 2361 non
1332 2323 1412 2361 alia
1440 2323 1600 2362 ratione
1628 2323 1733 2362 mihi
1755 2340 1792 2362 10

150 2392 293 2430 videor
308 2390 352 2428 in
372 2391 413 2428 te
432 2401 552 2439 posse
573 2388 787 2427 officiosior
809 2400 897 2426 esse
917 2400 1041 2437 quam
1061 2386 1096 2425 si
1115 2386 1375 2426 salutationis
1402 2387 1532 2426 officio
1550 2401 1733 2438 superse-

149 2458 280 2496 deam.
349 2455 443 2493 Imo
480 2453 617 2492 modis
649 2453 842 2492 omnibus
871 2452 1051 2491 iniurius
1083 2451 1191 2490 mihi
1227 2452 1462 2491 videar—et
1498 2453 1543 2490 in
1577 2453 1734 2502 Regem

150 2521 422 2566 Catholimm,
443 2520 509 2558 cui
534 2519 649 2557 velut
667 2518 835 2557 Atlanti
854 2521 901 2557 tu
922 2517 1118 2555 Herculis
1142 2529 1184 2554 es
1208 2516 1307 2565 vice,
1330 2517 1416 2555 imo
1434 2517 1479 2556 in
1497 2517 1733 2556 vniuemam

149 2585 461 2636 rempublicam,
497 2583 613 2622 cuius
648 2583 842 2622 iuuandis
878 2582 999 2621 rebus
1035 2594 1230 2631 superum
1268 2581 1523 2631 benignitate
1560 2582 1735 2621 donatus

151 2650 409 2698 videris‚——si
429 2651 472 2687 te
497 2649 731 2699 frequenter
757 2648 862 2686 meis
884 2647 1034 2686 litteris
1062 2645 1334 2696 interpellem,
1361 2646 1601 2696 praesertim
1628 2647 1734 2686 nihil
1756 2666 1792 2699 ¹5

150 2715 261 2756 aliud
295 2727 421 2764 quam
449 2713 636 2752 animum
664 2726 759 2763 erga
785 2716 826 2752 te
855 2725 997 2751 meum
1024 2711 1257 2750 testaturis:
1300 2725 1422 2761 quem
1453 2725 1527 2761 ego
1559 2724 1668 2760 sane,
1699 2713 1735 2751 si

196 2813 269 2843 792.
286 2822 316 2851 3.
340 2812 447 2842 mitto
462 2813 535 2842 aad.
552 2813 616 2841 LB.
716 2811 747 2840 6.
770 2809 1060 2840 humanissinum
1076 2810 1144 2838 MS.
1286 2808 1359 2839 793.
1387 2818 1416 2847 7.
1439 2808 1595 2840 arbitror
1610 2813 1731 2847 scripsi,

150 2859 319 2888 secundum
339 2857 398 2891 Ep.
416 2854 491 2893 853.
512 2863 547 2883 11
565 2865 571 2883 ε
596 2853 747 2884 arbitrer
767 2855 835 2885 MS.
991 2851 1139 2883 interim
1155 2853 1218 2890 LB,
1235 2853 1273 2889 cf.
1292 2853 1350 2889 Ep.
1369 2852 1443 2891 853.
1464 2861 1499 2882 11
1520 2863 1527 2883 ε
1551 2853 1648 2884 inter
1665 2856 1731 2884 MS.

155 2909 204 2940 13.
228 2902 301 2930 LB:
325 2897 497 2929 Antlanti
513 2900 582 2928 MS.

592 2984 666 3015 792.
691 2994 720 3023 7.
748 2983 901 3025 Neuius]
918 2984 980 3015 See
997 2983 1059 3023 Ep.
1079 2983 1142 3022 298
1158 2982 1293 3014 introd.
