2034 3433
113 158 210 212 731]
1624 171 1701 208 159

542 215 638 256 731.
702 215 765 256 To
795 214 1056 259 WOLFGANG
1087 215 1270 262 CAPITO.

159 303 346 339 Deventer
364 303 439 339 MS.
461 313 518 350 91,
537 304 562 339 f.
584 314 629 349 79
646 309 695 339 v0.
1355 309 1538 346 Louvain.

159 361 230 396 LB.
251 361 345 407 App.
366 371 443 407 215.
1234 366 1256 401 6
1274 367 1478 404 December
1498 368 1654 416 (1517).

411 457 613 487 ERASMVS
643 458 914 490 GVLPHANGO
944 461 1154 492 CAPITONI
1186 462 1268 493 SVO
1299 464 1332 496 S.
1359 465 1401 497 D.

163 540 250 578 V1x
276 542 362 578 erat
386 539 520 578 ocium
548 539 623 578 hec
650 540 869 588 scribendi,
892 543 1058 580 tantum
1082 542 1198 582 abest
1220 546 1267 582 vt
1287 548 1395 584 esset
1420 544 1703 600 Ap[p]ologiae

109 605 324 655 relegendo
355 604 502 652 ocium,
534 605 634 644 adeo
661 606 823 644 subitus
851 609 938 645 erat
963 607 1101 646 abitus
1129 612 1448 661 γραμματοφόρου
1477 626 1501 650 a
1530 612 1702 652 redditis

106 669 269 709 litteris.
329 669 391 707 Ex
413 683 493 719 quo
512 670 694 720 legeram
719 670 842 709 Fabri
865 671 1235 721 reprehensionem,
1258 674 1367 714 intra
1390 678 1701 726 quatuordecim

107 734 195 772 dies
231 734 490 773 absolueram
521 748 656 773 meam
697 735 971 785 Apologiam:
1010 737 1053 775 in
1093 751 1173 787 qua
1209 741 1374 779 tantum
1413 741 1490 780 hoc
1528 756 1620 792 ago,
1653 746 1701 782 vt

107 799 336 849 impietatis
374 802 415 838 et
453 800 708 849 blasphemie
739 802 907 849 crimen,
945 803 1054 851 quod
1088 802 1124 840 is
1165 804 1302 843 nescio
1341 806 1457 845 cuius
1495 807 1699 848 instinctu
1719 825 1736 854 5

109 865 349 916 impegerat,
371 866 585 916 depellam.
645 866 761 914 Quod
785 869 923 905 autem
948 868 1009 905 ais
1032 867 1144 907 illius
1171 870 1408 919 opinionem
1432 886 1455 911 a
1478 886 1546 912 me
1564 875 1700 923 priore

106 931 196 969 loco
225 931 419 980 positam,
447 932 564 981 quasi
592 931 654 970 illi
683 933 854 978 faueam,
881 933 981 971 satis
1010 937 1098 971 erat
1126 934 1175 973 ad
1204 935 1466 984 probandum
1493 939 1598 987 quod
1627 939 1700 979 ille

106 996 300 1045 intendit,
324 1010 391 1035 me
419 997 600 1046 priorem
630 997 831 1035 reiecisse.
889 998 1032 1046 Neque
1056 1011 1196 1037 meum
1222 1002 1309 1038 erat
1330 1001 1397 1040 hic
1425 1002 1595 1044 definire
1614 1007 1699 1044 vtri

108 1063 240 1112 magis
278 1062 450 1100 faueam.
524 1062 615 1100 Hoc
655 1062 761 1111 quod
802 1064 889 1099 erat
928 1062 972 1099 in
1012 1063 1206 1102 manibus
1244 1078 1330 1115 ago.
1402 1067 1519 1115 Quod
1550 1070 1699 1110 scribis

108 1127 321 1165 Christum
353 1141 376 1165 a
403 1141 469 1166 me
501 1127 582 1165 dici
611 1127 898 1176 compositum,
931 1127 1027 1165 licet
1056 1127 1179 1166 homo
1207 1129 1289 1167 sim
1318 1134 1360 1169 et
1387 1131 1562 1171 humani
1590 1135 1697 1174 nihil
1720 1152 1758 1173 10

105 1206 130 1229 a
163 1205 230 1230 me
258 1193 400 1242 putem
430 1193 626 1239 alienum,
654 1194 794 1230 tamen
823 1191 1004 1230 demiror
1033 1192 1069 1230 si
1097 1193 1195 1242 quid
1224 1194 1328 1233 insit
1356 1196 1569 1246 eiusmodi,
1603 1213 1696 1240 cum

107 1259 212 1295 istuc
241 1259 348 1296 certe
382 1257 570 1296 nouerim
600 1259 696 1296 ante
725 1269 856 1295 annos
890 1267 950 1305 25,
983 1257 1028 1295 in
1060 1271 1106 1296 ea
1133 1258 1349 1309 hypostasi
1378 1262 1437 1300 sic
1465 1263 1697 1304 humanam

106 1325 299 1361 naturam
326 1323 488 1361 vnitam
522 1322 666 1361 diuine
695 1325 741 1361 vt
773 1322 890 1361 nulla
918 1323 973 1361 sit
1001 1325 1254 1373 compositio,
1285 1339 1460 1376 cumque
1498 1331 1582 1368 tota
1620 1331 1697 1370 dis-

105 1388 319 1437 putatione
350 1390 467 1426 tuear
498 1387 812 1438 simplicitatem
845 1388 1121 1438 hypostaseos.
1182 1391 1272 1428 Aut
1301 1404 1374 1441 ego
1404 1392 1526 1441 plane
1563 1395 1694 1443 fallor,

105 1455 176 1491 aut
205 1452 336 1491 Berus
363 1466 449 1491 non
475 1452 575 1503 legit
602 1453 851 1503 Apologiam
877 1455 964 1503 aut,
982 1454 1018 1492 si
1038 1453 1148 1504 legit,
1171 1455 1270 1504 legit
1289 1457 1469 1496 oscitans
1487 1461 1559 1497 aut
1582 1461 1696 1500 aliud
1720 1479 1755 1509 15

104 1531 239 1567 agens.
312 1518 465 1556 Scribit
499 1531 523 1556 a
554 1532 621 1556 me
656 1519 857 1568 scriptum
895 1519 1109 1557 Christum
1148 1520 1275 1570 accipi
1310 1535 1430 1571 posse
1461 1537 1536 1573 pro
1569 1525 1697 1565 altera

106 1584 262 1632 natura,
301 1597 450 1633 nempe
489 1584 694 1622 humana:
736 1584 821 1622 imo
855 1587 995 1622 contra
1024 1584 1216 1633 Fabrum,
1253 1587 1324 1636 qui
1360 1588 1454 1626 vult
1481 1589 1696 1630 Christum

98 1648 233 1699 accipi
264 1662 338 1699 pro
378 1649 563 1698 vtraque,
602 1649 691 1687 dico
729 1649 868 1699 potius
905 1649 1033 1699 accipi
1070 1664 1143 1700 pro
1181 1652 1317 1699 altera,
1353 1666 1502 1703 nempe
1540 1655 1692 1702 diuina,

103 1714 174 1752 sed
204 1714 270 1752 cui
295 1714 415 1753 vnita
443 1715 499 1752 sit
532 1714 725 1752 humana.
800 1714 864 1753 Ex
898 1715 1104 1764 superfluo
1139 1716 1395 1756 demonstrat
1426 1719 1695 1769 hypostaseos

103 1779 315 1818 vocabulis
337 1781 496 1817 veteres
520 1779 670 1818 abusos
688 1793 763 1829 pro
788 1783 1032 1819 naturarum
1056 1782 1279 1831 vocabulis,
1301 1796 1395 1821 cum
1415 1797 1562 1834 negem
1582 1787 1693 1825 idem
1715 1802 1753 1823 20

101 1857 126 1882 a
145 1857 211 1883 me
230 1846 398 1883 factum.

157 1909 278 1948 Mitto
292 1909 483 1949 libellum
503 1911 597 1948 ante
613 1909 872 1960 recognitum
888 1911 1053 1961 qualem
1071 1912 1261 1951 miseram
1283 1914 1509 1964 Schurerio.
1529 1919 1692 1966 quando

102 1974 235 2012 Berus
271 1975 416 2013 scribit
452 1974 656 2026 in<i>tium
692 1976 841 2014 deesse.
910 1978 972 2015 De
1010 1977 1185 2027 argutiis
1217 1977 1524 2020 Parisiensibus
1559 1983 1691 2022 nolim

102 2039 331 2077 admodum
373 2040 522 2079 anxius
563 2054 661 2078 esse.
728 2040 898 2080 Videbis
933 2042 1050 2080 breui
1089 2056 1285 2093 magnam
1324 2044 1492 2083 illarum
1534 2050 1692 2096 partem

101 2103 275 2154 explodi.
335 2104 419 2143 Hic
438 2106 522 2143 iam
543 2106 804 2152 damnantur,
827 2107 1088 2157 Cantabrigie
1108 2108 1288 2148 exulant.
1344 2110 1566 2161 Mattheus,
1581 2127 1692 2163 prae·
1713 2129 1750 2160 25

104 2171 244 2219 ceptor
261 2171 369 2217 tuus,
393 2170 461 2208 hic
482 2172 668 2219 receptus
688 2174 749 2210 est
769 2175 816 2210 vt
834 2172 1076 2220 profiteatur
1097 2173 1310 2213 Hebraice.
1371 2175 1548 2215 Lexicon
1568 2180 1690 2217 tuum

105 2235 252 2286 vellem
272 2235 483 2285 prodiisse.
542 2236 602 2273 De
630 2236 835 2286 Apologia
862 2237 1032 2287 fungere
1055 2239 1179 2276 amici
1206 2239 1346 2288 officio,
1373 2243 1418 2279 vt
1444 2241 1559 2286 soles,
1580 2243 1690 2281 habi-

101 2302 220 2338 turus
250 2313 316 2337 me
345 2300 409 2338 tui
435 2300 618 2338 vicissim
652 2301 1013 2341 studiosissimum.
1069 2303 1165 2341 Misi
1197 2304 1407 2353 exemplar
1444 2305 1582 2345 simile
1618 2307 1690 2347 isti

100 2365 150 2404 ad
177 2365 468 2404 Schurerium:
504 2367 619 2415 potes
649 2365 710 2403 illi
739 2366 903 2404 mittere
926 2369 1018 2406 tuas
1043 2368 1340 2416 annotationes,
1369 2369 1405 2407 si
1430 2370 1690 2412 Frobennius

101 2444 186 2469 non
210 2431 385 2478 excudit,
408 2433 455 2470 vt
481 2431 605 2469 addat
631 2431 856 2481 exemplari
880 2446 903 2471 a
925 2447 992 2471 me
1018 2433 1157 2473 misso.
1214 2433 1405 2486 (Rerum)
1427 2436 1572 2475 olfacio
1599 2451 1687 2477 esse
1708 2454 1748 2485 30

100 2496 406 2545 propensiorem
444 2496 488 2534 in
527 2496 717 2543 Fabrum,
756 2499 801 2534 vt
836 2499 906 2546 qui
945 2501 1059 2536 notet
1093 2499 1200 2549 quod
1239 2499 1284 2538 in
1316 2500 1439 2539 illum
1476 2502 1687 2541 stomacho

145 2616 175 2644 6.
202 2615 253 2645 ais
268 2617 390 2656 scripsi,
409 2617 447 2652 cs.
465 2619 523 2653 Ep.
542 2625 614 2653 730.
636 2625 697 2646 10:
720 2618 776 2647 aio
792 2620 861 2648 MS.
963 2628 990 2656 7.
1017 2619 1135 2658 positi]
1151 2623 1243 2651 MS.:
1265 2631 1340 2652 corr.
1353 2623 1415 2652 LB.
1509 2632 1558 2661 19.
1585 2624 1688 2654 vnita

103 2660 166 2696 LB,
184 2658 221 2694 cs.
237 2661 297 2695 Ep.
317 2669 389 2698 730.
410 2670 449 2698 9:
472 2669 543 2690 vna
558 2661 626 2689 MS.
719 2660 939 2691 demonstrat
954 2665 1083 2699 scripsi:
1107 2663 1312 2696 demonstro
1327 2667 1396 2695 MS.
1540 2676 1592 2697 22.
1618 2668 1686 2698 mi-

102 2711 217 2731 seram
230 2703 303 2733 LB:
327 2703 456 2734 misero
471 2706 540 2734 MS.
631 2712 683 2742 24.
708 2703 855 2734 illarum
870 2707 933 2741 LB,
953 2707 991 2743 cs.
1004 2707 1062 2742 Ep.
1079 2716 1148 2745 730.
1171 2715 1208 2746 17
1224 2719 1230 2737 :
1254 2707 1356 2739 illam
1372 2711 1440 2739 MS.
1532 2720 1584 2748 27.
1607 2719 1686 2749 pro-

102 2744 210 2775 diisse
225 2747 280 2775 LB
296 2756 303 2775 ε
326 2746 526 2785 prodidisse
540 2748 608 2777 MS.
766 2757 818 2785 30.
844 2747 947 2778 addit
963 2751 1031 2779 MS.
1046 2762 1052 2779 :
1077 2759 1152 2781 corr.
1171 2753 1232 2781 LB.
1359 2752 1491 2782 Berum
1508 2755 1630 2794 addidi,
1651 2757 1686 2784 in

101 2790 190 2818 mitio
204 2797 328 2825 versus;
351 2791 386 2824 cf.
405 2792 485 2827 ΕΜ).
506 2800 577 2829 730.
596 2801 648 2831 29,
669 2800 741 2829 732.
759 2801 854 2830 41-3.

145 2886 176 2915 3.
201 2877 489 2919 quatuordecim]
515 2878 564 2910 Cf.
592 2880 655 2920 Ep.
681 2881 757 2919 906.
786 2879 857 2918 187.
973 2890 1024 2919 25.
1053 2880 1247 2921 Mattheus]
1266 2881 1329 2912 See
1347 2882 1411 2921 Ep.
1427 2882 1500 2913 686.
1517 2892 1536 2921 5
1553 2893 1589 2914 11.

100 2920 145 2949 111
168 2920 232 2960 Ep.
259 2930 332 2959 755.
361 2922 410 2961 16,
436 2921 506 2952 and
532 2931 556 2953 1.
576 2932 609 2962 p.
634 2933 686 2954 22.
715 2932 788 2963 14,5
814 2923 857 2953 he
972 2926 1023 2954 26.
1049 2923 1217 2964 Lexicon]
1234 2924 1283 2955 cf.
1302 2924 1364 2965 Ep.
1383 2934 1446 2964 459
1462 2926 1593 2959 introd.

88 2972 179 3002 :says
201 2963 340 2996 twelve.
971 2977 1022 3006 29.
1052 2967 1319 3008 annotationes]
1360 2968 1483 3009 Capito
1521 2970 1583 3001 did
1622 2973 1683 3002 not

146 3016 195 3037 10.
222 3006 345 3048 homo]
364 3007 414 3038 cf.
432 3007 509 3039 Ter.
527 3011 639 3040 Heaut.
660 3019 711 3048 77.
926 3011 1018 3041 avail
1036 3010 1184 3042 himself
1194 3011 1234 3042 of
1245 3012 1321 3043 this
1335 3013 1557 3052 permission.
