2034 3433
281 129 358 167 198
740 129 990 168 LETTERS
1030 128 1100 166 OF
1139 127 1403 166 ERASMUS
1746 125 1872 180 [1518

695 260 788 299 761.
851 257 914 298 To
947 257 1136 296 ANTONY
1168 267 1222 296 OF
1255 255 1455 297 BERGEN.

326 353 512 390 Deventer
529 352 605 388 ΜΞ.
624 363 678 397 91,
698 352 724 388 f.
744 352 799 396 36.
1321 350 1474 396 College
1491 350 1541 385 du
1559 349 1633 394 Lis,
1652 349 1827 385 Louvain.

324 412 413 457 D.p.
433 413 495 446 162
515 424 521 445 ε
541 410 578 445 F.
594 422 628 454 p.
647 419 705 454 151
723 421 730 444 ;
750 408 841 443 HN:
861 407 1046 444 Lond.iii.
1066 409 1125 443 18:
1148 408 1219 444 LB.
1236 417 1316 454 353.
1401 418 1442 452 14
1461 408 1630 452 January
1650 409 1750 453 1518.

555 495 643 536 [The
661 494 744 526 date
758 495 788 526 is
804 493 1032 533 abundantly
1048 493 1246 524 confirmed
1262 494 1310 533 by
1326 493 1388 524 the
1405 492 1598 534 contenta]

305 594 399 624 DES.
425 592 630 623 ERASMVS
660 591 992 622 ROTERODAMVS
1022 591 1297 623 REVERENDO
1327 592 1378 622 IN
1408 592 1602 623 CHRISTO
1630 591 1766 622 PATRI
1798 591 1856 622 AC

374 661 551 692 DOMINO
581 661 624 691 D.
651 660 851 690 ANTONIO
883 660 912 688 A
943 659 1103 691 BERGIS
1135 660 1302 690 ABBATI
1334 660 1434 690 DIVI
1467 660 1652 690 BERTINI
1684 660 1717 689 S.
1744 660 1786 689 D.

333 742 372 781 S.
390 741 451 790 P.,
474 740 699 780 reuerende
720 742 836 790 pater
855 753 901 779 ac
921 742 1092 790 patrone
1111 740 1347 791 singularis.
1407 741 1513 781 Cum
1533 741 1680 779 multis
1700 740 1880 779 nomini—

278 809 355 847 bus
374 808 458 846 iam
478 807 579 846 olim
600 809 696 845 tuae
715 806 965 856 benignitati
986 806 1123 854 debeo,
1148 808 1240 845 tum
1262 806 1340 845 hoc
1367 806 1493 845 etiam
1514 820 1609 845 sum
1628 806 1875 852 obstrictior,

280 873 387 923 quod
425 872 590 911 Morum
628 871 790 910 animae
824 884 939 910 meae
972 873 1132 921 partem
1169 884 1275 921 pene
1310 871 1540 910 chariorem
1573 873 1660 910 tam
1693 872 1881 909 amanter

278 938 512 988 acceperis:
560 937 660 976 adeo
698 937 743 975 in
779 936 913 975 literis
949 937 999 975 ad
1038 950 1105 975 me
1142 937 1230 975 suis
1275 936 1356 975 sibi
1402 936 1575 986 plaudit,
1616 936 1725 986 quod
1762 938 1880 975 tuam

243 1020 260 1049 5
279 1003 430 1043 viderit
449 1002 783 1053 amplitudinem.
844 1002 962 1051 Quod
991 1002 1161 1053 quidem
1187 1015 1273 1041 non
1297 1001 1389 1040 ideo
1417 1002 1523 1040 mihi
1550 1001 1690 1040 minus
1714 1003 1880 1052 gratum

280 1071 352 1117 est,
377 1069 485 1120 quod
504 1069 550 1107 in
576 1070 618 1107 te
641 1081 800 1107 nouum
828 1081 913 1106 non
940 1068 1021 1107 sit:
1050 1070 1092 1106 et
1117 1070 1260 1106 tamen
1288 1067 1365 1116 illi,
1389 1067 1487 1106 licet
1512 1067 1773 1116 amicissimo,
1797 1080 1879 1105 non

281 1135 389 1174 nihil
418 1134 564 1183 inuidi,
597 1135 663 1173 cui
691 1147 776 1173 non
810 1134 922 1172 idem
953 1133 1127 1172 licuerit.
1200 1133 1394 1171 Emoriar
1423 1133 1459 1171 si
1491 1146 1576 1172 non
1606 1133 1706 1171 haec
1734 1132 1883 1183 hyems

280 1200 385 1239 mihi
414 1200 536 1250 longo
567 1199 729 1238 saeculo
757 1199 847 1238 visa
876 1201 939 1238 est
975 1198 1139 1250 longior
1163 1214 1171 1246 ;
1218 1198 1379 1237 tamdiu
1409 1200 1591 1249 coccycis
1618 1198 1700 1236 fuit
1727 1198 1882 1248 agenda

280 1265 375 1304 vita.
437 1265 685 1316 Quanquam
705 1278 788 1303 non
808 1266 898 1303 tam
917 1265 962 1303 in
982 1264 1080 1302 nido
1101 1277 1319 1303 versamur
1338 1277 1464 1315 quam
1487 1264 1531 1302 in
1556 1263 1733 1314 pistrino
1759 1263 1881 1313 longe

226 1346 264 1367 10
280 1330 470 1369 omnium
499 1330 770 1368 odiosissimo.
842 1329 1011 1368 Nouum
1039 1330 1358 1368 Testamentum
1387 1342 1531 1367 rursus
1558 1328 1882 1376 innouauimus3

281 1409 336 1443 ac,
367 1395 404 1433 si
438 1395 628 1434 Christus
662 1394 914 1444 aspirauerit,
948 1394 1030 1434 tale
1063 1394 1285 1433 reddemus
1318 1396 1364 1432 vt
1398 1396 1438 1432 et
1471 1394 1609 1432 Leone
1647 1393 1808 1432 decimo
1841 1395 1880 1431 et

281 1460 521 1510 posteritate
541 1473 625 1498 non
646 1460 867 1509 indignum
885 1459 1017 1498 videri
1036 1460 1177 1510 possit.

337 1525 582 1575 Quanquam
601 1524 773 1563 interim
791 1525 854 1563 tui
875 1526 990 1575 copia
1010 1538 1094 1563 non
1114 1527 1188 1573 est,
1208 1538 1293 1564 non
1312 1525 1427 1563 deest
1447 1525 1587 1562 tamen
1607 1522 1679 1573 qui
1697 1525 1740 1561 te
1760 1523 1882 1561 nobis

282 1592 489 1640 vtcunque
514 1592 799 1640 repraesentet.
860 1589 994 1629 Adest
1020 1591 1132 1629 enim
1158 1590 1374 1629 Antonius
1400 1589 1543 1627 fratris
1570 1589 1634 1628 tui
1661 1589 1785 1637 filius,
1810 1589 1881 1639 qui

227 1664 263 1696 Ι5
283 1657 323 1694 te
348 1668 434 1693 non
454 1655 593 1693 minus
612 1654 770 1705 ingenii
789 1655 1109 1694 mansuetudine
1125 1668 1249 1706 quam
1270 1654 1441 1693 nomine
1461 1654 1585 1692 refert
1604 1656 1645 1692 et
1665 1654 1878 1704 exprimit.

282 1721 422 1759 Musas
459 1720 619 1758 omneis
656 1720 783 1759 iratas
818 1720 1002 1769 habeam,
1037 1721 1073 1758 si
1111 1720 1211 1771 quid
1245 1720 1312 1759 vel
1349 1719 1530 1758 mentiar
1567 1719 1634 1758 vel
1672 1719 1876 1758 blandiar.

282 1786 535 1824 Adolescens
571 1785 677 1824 mira
714 1785 852 1824 indole
889 1799 1098 1825 summam
1131 1798 1248 1836 spem
1288 1786 1337 1824 de
1377 1798 1419 1824 se
1453 1785 1648 1835 praebet,
1690 1785 1881 1836 quodque

282 1863 423 1889 rarum
443 1852 506 1888 est
524 1850 633 1889 inter
651 1850 802 1898 felices,
827 1851 957 1889 bonas
977 1851 1117 1890 literas
1138 1853 1301 1890 deamat
1325 1850 1462 1898 etiam,
1487 1863 1643 1901 nosque
1663 1850 1882 1889 literarum

282 1917 393 1954 amat
430 1914 573 1965 gratia.
643 1915 753 1954 Visit
790 1928 866 1954 nos
902 1915 1090 1965 subinde,
1131 1916 1428 1955 bibliothecam
1467 1918 1654 1954 nostram
1692 1915 1878 1966 suspicit.

227 1992 266 2013 20
284 1979 388 2018 Heri
427 1980 528 2019 duas
571 1981 773 2019 artocreas
810 1980 968 2019 ferinae
1011 1981 1140 2029 misit,
1181 1994 1277 2019 cum
1314 1980 1505 2030 epistolio
1551 1982 1639 2019 tam
1686 1980 1879 2031 eleganti,

282 2047 448 2084 tantum
480 2045 755 2084 humanitatis
787 2058 882 2095 prae
915 2059 959 2084 se
990 2046 1161 2093 ferente,
1198 2048 1244 2085 vt
1279 2046 1386 2084 mihi
1423 2045 1548 2096 longe
1585 2045 1718 2084 ferina
1754 2046 1882 2085 fuerit

283 2111 449 2161 gratius.
509 2111 543 2149 O
564 2111 702 2150 felices
722 2111 873 2159 literas,
895 2112 930 2150 si
957 2111 1112 2151 talibus
1139 2111 1336 2150 heroibus
1355 2111 1514 2161 placere
1534 2111 1767 2161 coeperint!
1795 2111 1881 2150 imo

284 2176 423 2215 felices
443 2175 649 2214 nobilium
668 2177 880 2226 imagines,
906 2176 942 2215 si
961 2177 1011 2215 ad
1032 2177 1192 2227 generis
1217 2176 1481 2227 splendorem
1500 2176 1739 2215 literaturae
1758 2177 1882 2216 decus

284 2242 561 2280 adiunxerint.

229 2326 264 2357 25
338 2307 405 2360 Ab
439 2306 516 2345 hoc
554 2307 719 2345 cardine
750 2306 964 2357 praecipue
997 2307 1149 2357 pendet
1183 2307 1297 2346 orbis
1331 2306 1521 2355 felicitas,
1555 2307 1591 2345 si
1624 2307 1880 2357 principibus

283 2372 464 2410 maxime
485 2372 596 2410 cordi
611 2372 770 2410 fuerint
790 2385 893 2422 quae
911 2374 1011 2411 sunt
1032 2373 1201 2423 optima.
1248 2373 1448 2411 Summus
1467 2371 1662 2410 Pontifex
1683 2372 1880 2422 quicquid

283 2436 422 2475 vbiuis
450 2439 512 2474 est
541 2436 772 2487 insignium
800 2438 1064 2487 ingeniorum
1093 2438 1232 2486 allicit,
1265 2439 1400 2484 ornat,
1430 2436 1582 2475 euehit.
1642 2436 1697 2474 Et
1725 2437 1812 2479 scio
1841 2440 1881 2476 et

284 2501 413 2539 fateor
441 2514 508 2538 me
538 2501 647 2539 nihil
670 2514 769 2547 esse,
790 2502 825 2539 si
854 2515 949 2540 cum
977 2502 1153 2541 eruditis
1181 2502 1283 2540 viris
1313 2514 1563 2551 componar;
1592 2502 1634 2538 et
1662 2502 1802 2540 tamen
1829 2503 1880 2541 ob

284 2566 422 2604 nescio
459 2579 584 2616 quam
621 2567 778 2605 famam
817 2567 1073 2614 eruditionis,
1114 2579 1240 2617 quam
1278 2566 1384 2604 mihi
1420 2565 1729 2605 lucubrationes
1764 2580 1879 2607 meae

228 2651 266 2680 30
284 2633 543 2680 pepererunt,
566 2643 661 2669 cum
685 2631 871 2681 proxime
898 2644 1031 2670 essem
1050 2632 1096 2669 in
1124 2630 1289 2681 Anglia.
1306 2643 1471 2669 summa
1498 2644 1594 2669 cum
1619 2631 1881 2671 humanitate

327 2746 390 2767 TIT.
409 2739 481 2768 add.
498 2740 536 2767 D.
660 2748 686 2768 1.
710 2748 736 2769 s.
756 2749 787 2770 P.
806 2749 863 2770 om.
883 2741 922 2770 D.
1012 2735 1072 2768 Rde
1089 2741 1158 2769 MS.
1177 2749 1184 2768 :
1209 2738 1522 2769 Reuerendissime
1538 2741 1576 2770 D.
1670 2738 1880 2771 Reuerende

286 2802 294 2810 .
315 2801 324 2810 .
343 2804 350 2811 .
368 2780 561 2820 singularis
577 2792 635 2812 om.
654 2784 695 2812 H.
800 2792 830 2812 2.
855 2785 1004 2822 patrone
1023 2782 1313 2822 incomparabilis
1325 2787 1393 2819 post
1409 2782 1519 2813 debeo
1536 2784 1610 2812 add.
1629 2783 1673 2812 H.
1767 2792 1794 2822 7.
1819 2785 1878 2813 cui

286 2826 354 2853 MS.
370 2834 376 2853 ε
402 2823 495 2862 quod
513 2825 606 2855 mihi
622 2827 663 2857 H.
789 2835 837 2857 [ο.
865 2827 1085 2857 innouamus
1101 2828 1137 2857 D.
1259 2835 1310 2856 20.
1337 2825 1425 2856 duas
1441 2827 1619 2856 artocreas
1635 2825 1770 2856 ferinae
1786 2828 1854 2858 MS.
1872 2838 1879 2856 :

288 2867 470 2897 ceruinam
487 2870 525 2898 D.
659 2878 709 2907 29.
733 2868 865 2900 famam
883 2872 952 2901 MS.
966 2881 972 2899 :
998 2878 1139 2900 causam
1156 2868 1196 2899 Ζ)2
1211 2879 1218 2899 :
1243 2870 1450 2909 opinionem
1465 2871 1509 2900 H.

329 2984 359 3012 3.
387 2975 542 3015 Morum]
559 2976 611 3006 Cf.
630 2976 693 3015 Ep.
710 2976 784 3014 683.
811 2985 906 3015 54—7.
1165 2986 1213 3013 14.
1240 2975 1434 3017 Antonius]
1452 2977 1516 3007 See
1534 2977 1597 3017 Ep.
1615 2977 1688 3016 760.
