2034 3433
125 184 221 239 733]
553 187 623 226 ΤΟ
660 186 988 228 WOLFGANG
1025 187 1300 228 LACHNER
1637 190 1714 228 163

120 292 277 332 librum
296 306 320 332 a
339 305 406 332 me
421 305 589 332 versum
609 294 649 332 et
668 293 920 344 Apologiam
937 307 946 341 ;
976 293 1122 344 opinor
1136 293 1215 332 tibi
1234 293 1404 332 reddita.
1457 293 1716 332 Admonebis
1739 300 1775 332 Ι5

122 361 245 397 tuum
273 358 561 407 castigatorem
589 360 636 397 vt
664 359 798 409 magis
828 359 956 398 discat
988 359 1116 398 Grece
1142 361 1185 397 et
1212 358 1510 398 eruditioribus
1537 358 1717 397 libenter

121 423 369 476 a<u)scultet.
429 424 523 462 Non
553 424 693 462 credas
723 426 876 474 quanta
909 425 1037 475 pestis
1067 424 1122 463 sit
1150 424 1355 463 librorum
1384 423 1466 462 sibi
1494 423 1588 473 plus
1616 422 1718 463 satis

123 489 289 539 placens
326 489 576 528 emendator.
637 489 728 528 Iam
763 503 909 528 omnes
941 490 1120 539 probant
1158 490 1365 529 officinam
1402 490 1598 530 vestram.
1658 488 1718 526 Ea

123 555 235 594 fama
251 555 405 594 tuenda
423 557 495 594 est.
556 555 764 605 Opuscula
790 555 897 593 Mori
918 555 1050 594 nolim
1071 569 1094 595 a
1114 555 1219 594 meis
1237 555 1411 605 dialogis
1431 554 1620 604 separari,
1647 553 1715 592 sed

124 632 291 659 manere
310 620 539 666 coniuncta,
563 620 668 658 sicut
687 620 887 659 hactenus
907 621 1086 659 fuerunt.
1738 624 1775 646 ²0

555 783 652 823 734.
715 781 779 823 To
810 781 1072 824 WOLFGANG
1103 780 1286 825 CAPrro.

173 887 358 924 Deventer
375 887 452 925 MS.
473 899 529 934 91,
547 889 573 923 f.
593 891 648 925 81.
1372 888 1551 924 Louvain.

173 952 245 988 LB.
264 953 358 998 App.
378 955 457 988 218.
1256 964 1277 998 9
1294 951 1499 988 December
1517 950 1670 998 (1517).

689 1026 854 1068 [Shortly
870 1027 962 1058 after
979 1027 1040 1067 Ep.
1062 1026 1154 1067 731.]

467 1135 669 1167 ERASMVS
699 1136 1000 1167 GVOLPHANGO
1030 1136 1241 1167 CAPITONI
1274 1136 1306 1165 S.
1334 1136 1375 1165 D.

181 1229 342 1268 OPINOR
368 1242 436 1268 me
470 1228 788 1279 deprehendisse
821 1227 922 1278 quid
956 1230 997 1266 te
1030 1241 1076 1267 ac
1114 1228 1270 1266 Berum
1305 1226 1532 1275 offenderit,
1569 1238 1717 1275 nempe

127 1295 249 1345 quod,
269 1294 369 1332 dum
383 1294 608 1343 respondeo
623 1293 757 1332 Fabro
774 1293 980 1332 deridenti
996 1306 1077 1341 me⁷
1093 1293 1201 1343 quod
1216 1293 1378 1332 viderer
1392 1292 1550 1331 Christi
1565 1303 1716 1330 nomen

126 1373 200 1411 pro
219 1359 346 1398 altera
366 1359 568 1409 accepisse
594 1359 907 1409 natura-quod
932 1361 1073 1397 tamen
1101 1371 1125 1397 a
1145 1371 1212 1397 me
1239 1358 1396 1397 factum
1421 1357 1654 1407 nega—sic
1673 1357 1720 1394 vt

126 1425 197 1464 ille
216 1427 348 1475 putat,
370 1424 433 1463 aio
450 1438 459 1462 :
498 1426 507 1443 ‘
520 1425 575 1463 Et
594 1424 703 1463 haud
723 1425 808 1463 scio
828 1437 881 1462 an
902 1423 1159 1474 probabilius
1189 1424 1243 1462 sit
1266 1423 1483 1463 Christum
1503 1424 1543 1461 et
1563 1421 1721 1461 Christi

127 1490 395 1530 nomen—sic
431 1490 545 1528 enim
575 1490 920 1540 loqueris,—cum
951 1490 1054 1528 duas
1092 1489 1299 1539 significet
1328 1490 1507 1536 naturas,
1537 1500 1611 1537 pro
1639 1498 1719 1525 vna
1741 1497 1757 1528 5

126 1557 330 1595 duntaxat
350 1555 491 1605 accipi,
513 1568 597 1594 non
625 1569 699 1605 pro
720 1556 891 1603 duabus,
916 1557 962 1594 vt
985 1557 1033 1594 tu
1056 1554 1131 1601 vis,
1154 1556 1224 1594 aut
1243 1568 1265 1593 e
1286 1554 1444 1593 duabus
1469 1551 1722 1602 composito.’

128 1621 211 1659 Hic
230 1633 317 1659 non
336 1620 441 1658 facio
460 1620 676 1659 Christum
697 1622 985 1671 compositum,
1010 1620 1081 1659 sed
1100 1620 1177 1658 has
1200 1620 1302 1658 duas
1322 1618 1567 1669 posteriores
1585 1618 1722 1667 partes

127 1698 327 1734 recense0‚
362 1687 563 1735 tanquam
600 1698 748 1735 parum
786 1685 1030 1735 probabiles.
1095 1684 1291 1723 Primum
1328 1696 1475 1734 parum
1511 1681 1723 1732 probabile

127 1752 191 1789 est
215 1749 344 1799 accipi
371 1763 447 1799 pro
472 1750 658 1798 duabus;
688 1750 838 1789 deinde
865 1750 970 1790 addo
997 1750 1105 1801 quod
1135 1749 1231 1789 volo
1261 1749 1396 1787 multo
1425 1747 1567 1786 minus
1589 1745 1723 1786 videri

127 1814 350 1865 probabile,
393 1816 490 1864 ‘pro
528 1829 550 1853 e
588 1815 748 1853 duabus
792 1816 1047 1866 composit0.'
1129 1815 1325 1853 Poteram
1367 1816 1576 1863 vtrunque
1618 1824 1723 1850 com·
1745 1822 1783 1844 10

128 1879 294 1919 modius
318 1879 463 1917 efferre
495 1881 592 1929 ‘pro
616 1880 777 1918 duabus
803 1880 883 1919 sibi
905 1880 1038 1919 vnitis
1054 1882 1063 1897 '
1082 1894 1091 1918 :
1121 1881 1163 1918 at
1187 1880 1271 1918 iam
1291 1877 1560 1917 reddidissem
1583 1876 1725 1927 proba-

128 1944 255 1983 bilius
285 1945 394 1994 quod
423 1944 518 1983 volo
547 1945 690 1983 minus
722 1944 934 1995 probabile
962 1945 1106 1984 videri.
1166 1945 1350 1984 Rursum
1378 1943 1509 1982 dicere
1538 1944 1722 1992 poteram

133 2012 175 2048 ‘e
210 2009 370 2047 duabus
403 2010 544 2047 vnito’
577 2009 676 2057 siue,
713 2012 761 2049 vt
794 2011 840 2048 tu
873 2011 948 2058 vis,
989 2009 1264 2048 ‘subsistente
1282 2009 1312 2047 ⁹:
1352 2010 1394 2047 at
1431 2008 1515 2046 iam
1549 2006 1722 2056 perisset

130 2073 238 2124 quod
260 2086 348 2123 ago.
403 2073 504 2121 Quis
523 2074 636 2112 enim
652 2075 775 2124 neget
794 2074 951 2113 Christi
966 2087 1120 2113 nomen
1135 2074 1261 2124 accipi
1278 2086 1396 2124 posse
1414 2086 1490 2123 pro
1510 2070 1723 2121 hypostasi

130 2153 152 2177 e
182 2138 341 2177 duabus
369 2138 618 2178 subsistente
648 2140 843 2179 naturis?
898 2139 1041 2190 Neque
1069 2153 1168 2179 vero
1202 2138 1477 2188 consequitur,
1510 2136 1603 2175 Hoc
1630 2149 1723 2185 pro·
1746 2148 1782 2181 15

131 2203 310 2243 babilius
339 2206 412 2251 est,
447 2218 542 2254 ergo
575 2206 616 2243 et
648 2206 752 2244 illud
786 2205 1023 2255 probabile3
1060 2218 1146 2244 non
1176 2204 1310 2255 magis
1339 2216 1477 2254 quam,
1507 2202 1543 2241 si
1571 2202 1718 2250 dicam,

132 2268 284 2308 Melius
312 2271 374 2307 est
403 2269 558 2308 nubere
587 2283 712 2320 quam
740 2270 815 2318 vri,
843 2271 1031 2320 sequitur
1060 2270 1125 2308 vri
1153 2269 1312 2308 bonum
1339 2281 1440 2316 esse,
1472 2269 1543 2306 aut
1571 2266 1723 2305 Melius

131 2348 218 2374 esse
261 2335 415 2373 seruire
461 2335 547 2373 Deo
593 2349 717 2385 quam
761 2335 1033 2383 Mammonae,
1082 2334 1211 2385 igitur
1258 2333 1521 2371 Mammonae
1568 2331 1724 2370 seruire

131 2401 288 2439 bonum
315 2401 390 2438 est.

185 2464 304 2514 Quod
327 2465 363 2503 si
388 2477 464 2503 vos
493 2464 667 2504 offendit
694 2465 761 2503 hic
787 2478 960 2516 quoque,
982 2464 1058 2503 hoc
1083 2466 1146 2503 est
1169 2464 1215 2503 in
1238 2465 1353 2514 parte
1372 2475 1497 2513 quam
1517 2460 1719 2511 improbo,
1745 2473 1785 2496 20

176 2575 249 2648 73¹3.
280 2576 327 2606 16.
347 2575 463 2649 ξτέθος
477 2579 545 2607 MS.
691 2577 763 2608 734.
789 2586 820 2616 3.
846 2578 968 2608 tamen
984 2579 1093 2613 scripsi
1112 2575 1200 2617 <t5):
1225 2576 1265 2606 tsi
1282 2577 1353 2608 MS.
1400 2576 1442 2606 Cf.
1461 2577 1520 2612 Ep.
1541 2582 1614 2614 749.
1632 2581 1672 2612 27
1691 2582 1722 2602 n.

138 2627 186 2656 13.
230 2628 254 2649 u
270 2629 329 2649 om.
403 2643 410 2650 .

178 2732 252 2763 733.
281 2742 331 2772 19.
356 2733 550 2774 Opuscula]
579 2733 707 2764 More’s
737 2733 894 2764 transla-
963 2743 1064 2773 agree
1080 2734 1119 2763 in
1138 2732 1286 2772 reading
1301 2735 1383 2763 duas
1397 2736 1544 2769 vtczmque
1559 2732 1615 2763 for
1631 2736 1722 2771 duas,

133 2775 229 2806 tions
244 2776 337 2806 from
353 2777 488 2807 Lucian
504 2788 512 2816 ;
540 2776 583 2808 cf.
602 2777 666 2816 Ep.
687 2778 745 2816 187
764 2777 894 2808 introd.
962 2775 1033 2807 and
1056 2781 1111 2807 aut
1130 2780 1161 2806 vt
1179 2780 1212 2806 tu
1232 2778 1278 2806 vis
1299 2776 1354 2806 for
1368 2780 1396 2806 υΐ,
1419 2779 1453 2806 tu
1472 2778 1518 2806 vis
1539 2780 1604 2807 aut.
1651 2776 1725 2807 The

171 2819 245 2850 734.
261 2830 291 2858 4.
305 2819 350 2850 Et
362 2820 460 2850 haud
468 2820 598 2861 scio]A
609 2821 893 2859 quotationfrom
962 2820 1099 2850 Froben
1116 2819 1254 2850 edition
1272 2819 1309 2850 of
1324 2828 1449 2857 1521—2
1469 2820 1519 2859 (γ)
1539 2822 1674 2851 reverts
1689 2822 1726 2851 to

135 2862 198 2893 the
205 2865 356 2900 Apoloqia
372 2874 380 2893 ι
400 2863 525 2894 LB.ix.
536 2872 577 2902 35
590 2873 618 2894 r.
657 2864 731 2895 The
744 2863 814 2895 MS.
830 2863 892 2894 fol·
962 2864 1024 2894 the
1036 2865 1111 2894 text
1124 2863 1163 2893 of
1170 2874 1190 2892 α
1203 2863 1242 2893 in
1257 2862 1359 2892 these
1375 2862 1502 2902 places,
1516 2863 1580 2894 but
1594 2864 1725 2894 inserts

134 2906 220 2936 lows
228 2906 290 2936 the
298 2908 373 2937 text
381 2906 418 2937 of
426 2906 488 2937 the
495 2908 566 2937 two
573 2907 894 2945 earliesteditions‚
961 2909 1040 2944 quod
1056 2910 1098 2937 est
1112 2908 1281 2937 absurdius
1297 2906 1415 2936 before
1431 2917 1445 2937 e
1462 2909 1591 2938 duabus.

135 2947 304 2981 Martens'
330 2948 369 2979 of
385 2950 475 2989 Aug.
501 2959 583 2988 1517
611 2951 683 2981 and
710 2951 894 2982 Schiirer’s
1009 2959 1058 2988 13.
1083 2952 1122 2981 vt
1138 2951 1178 2980 tu
1194 2949 1265 2989 vis]
1278 2949 1352 2979 The
1369 2950 1545 2981 reference
1562 2959 1675 2981 seems
1687 2951 1724 2980 to

133 3003 160 3023 s.
170 3003 200 3023 a.
220 2992 281 3032 (α).
314 2992 389 3023 The
405 2994 491 3023 next
507 2994 577 3024 two
595 2993 658 3034 (β),
675 2994 843 3025 Froben's
859 2993 898 3024 of
961 2994 1003 3024 be
1024 2995 1060 3023 to
1082 3003 1102 3023 a
1120 2993 1323 3033 suggestion
1342 2993 1434 3023 from
1454 2993 1580 3033 Capito
1606 2994 1662 3034 (cf.
1686 2993 1724 3025 ll.

134 3036 384 3075 Feb.1518and
393 3036 593 3068 Martens’s.
602 3047 630 3068 a.
641 3037 698 3078 (cf.
710 3047 767 3078 pp.
778 3038 892 3078 220‚1)
961 3036 1063 3077 20-2)
1081 3036 1203 3068 rather
1217 3036 1307 3067 than
1325 3035 1516 3076 analogous
1533 3038 1569 3068 to
1585 3037 1608 3068 l.
1628 3038 1659 3069 6.

887 3104 967 3131 M2
