2034 3433
159 143 258 197 843]
649 144 720 184 To
760 143 986 183 MARTIN
1025 143 1268 184 LYPsms
1675 144 1755 182 329

154 253 329 292 doceant
348 251 488 290 omnia
504 251 645 289 futura
664 249 772 288 sicut
790 249 962 288 fuerunt
981 252 1077 288 ante
1097 249 1345 288 creationem
1360 247 1522 287 mundi.
1582 248 1691 296 Quid
1706 249 1754 287 ad

157 330 223 355 me
254 318 435 368 pertinet
464 316 501 355 si
530 315 629 366 quid
666 315 845 354 delirant
876 314 1000 354 istius
1033 314 1256 364 Turlupini
1286 315 1359 353 aut
1388 313 1599 363 Begardi‘?
1658 313 1757 352 Dixi

156 383 342 422 animam
361 381 572 421 absorberi
591 393 615 419 a
634 380 731 428 Deo,
748 380 856 430 quod
876 383 964 419 tota
983 380 1029 418 in
1048 380 1172 419 illum
1192 380 1376 430 rapiatur
1393 392 1542 427 amore,
1558 381 1600 417 et
1618 379 1758 417 anima
1775 381 1837 421 625

157 449 290 498 magis
317 448 405 486 illic
430 449 492 486 est
518 446 591 485 vbi
615 447 729 484 amat
755 458 880 496 quam
906 446 976 484 vbi
1002 446 1174 485 animat.
1229 445 1297 484 Sic
1317 447 1456 483 autem
1476 445 1648 494 rapitur,
1672 457 1757 483 non

157 515 204 552 vt
222 514 443 552 euanescat
461 512 533 551 sed
549 513 597 550 vt
616 511 862 561 perficiatur.

213 592 235 627 9
245 591 276 617 1.
309 577 473 618 Relicta
490 577 624 616 Moria
642 576 793 616 transit
807 576 859 615 ad
875 576 1160 625 Enchiridion,
1180 576 1251 615 vbi
1265 575 1491 615 adhortans
1505 576 1552 614 vt
1567 574 1757 613 animum

158 657 390 694 sequamur,
412 656 499 682 non
518 654 679 691 coerS,
700 642 808 692 quod
827 642 904 680 illa
922 644 1038 693 parte
1062 643 1140 681 Dei
1166 654 1358 692 geramus
1382 640 1621 691 imaginem,
1647 640 1758 678 inter

157 711 315 748 caetera
335 709 501 759 scripsi:
535 710 544 727 ⁴
558 708 795 747 Secundum
815 708 999 747 animam
1019 709 1119 747 adeo
1143 707 1379 746 diuinitatis
1406 719 1552 745 sumus
1578 719 1754 757 capaces.
1775 708 1839 750 630

157 777 204 813 vt
230 775 339 825 ipsas
367 774 493 813 etiam
521 773 727 824 angelicas
756 775 920 812 mentes
945 774 1066 812 liceat
1090 773 1403 823 praeteruolare,
1434 773 1477 810 et
1499 784 1635 811 vnum
1662 785 1757 810 cum

158 840 244 879 Deo
277 840 394 878 fieri.’
461 839 570 878 Item
604 839 650 877 in
683 839 792 877 hanc
826 839 1075 878 sententiam
1109 839 1222 888 (nam
1252 838 1356 876 liber
1389 850 1474 875 non
1507 837 1648 888 adest),
1691 837 1757 877 ‘Si

157 905 348 943 animum
362 918 448 943 non
462 904 647 949 haberes,
662 917 787 954 pecus
802 917 891 942 eras
907 918 916 952 ;
943 904 979 942 si
995 917 1142 954 corpus
1158 917 1244 942 non
1259 903 1443 951 haberes,
1463 916 1621 941 numen
1640 903 1757 950 eras,'

157 970 199 1008 id
237 970 404 1008 videtur
446 969 692 1008 calumniari
737 968 860 1017 velle,
898 969 1016 1019 quasi
1059 969 1260 1008 senserim
1307 969 1489 1008 animam
1527 969 1756 1006 humanam

157 1035 405 1085 particulam
451 1047 538 1073 esse
582 1034 751 1073 diuinae
798 1036 983 1073 naturae.
1061 1034 1141 1073 Sed
1189 1034 1288 1085 quid
1336 1047 1440 1085 opus
1488 1033 1755 1073 manifestam
1775 1037 1836 1077 635

157 1100 475 1151 sycophantiam
495 1099 680 1139 refellere
692 1101 713 1139 ⁵?

212 1178 274 1215 92.
305 1166 512 1204 Reuersus
531 1165 583 1204 ad
602 1164 778 1203 Moriam
798 1167 919 1214 negat
938 1164 1150 1214 consequi,
1171 1167 1181 1183 ‘
1196 1164 1371 1215 Aliquid
1391 1165 1569 1204 stultum
1588 1166 1650 1203 est
1665 1164 1753 1212 Dei,

157 1243 254 1280 ergo
287 1230 400 1269 Deus
430 1232 492 1268 est
525 1230 708 1269 stultus?
775 1230 946 1278 Quaeso,
981 1230 1121 1278 lector,
1154 1243 1207 1268 ne
1238 1230 1338 1280 quid
1371 1230 1577 1269 offendare
1604 1229 1754 1277 verbis,

158 1308 253 1334 cum
274 1309 421 1335 sensus
441 1296 497 1334 sit
515 1295 611 1345 pius
627 1309 637 1343 ;
671 1296 753 1334 huc
772 1297 886 1334 enim
905 1295 977 1334 ille
996 1309 1064 1334 me
1083 1297 1213 1335 vocat.
1272 1296 1331 1333 At
1349 1296 1454 1334 bene
1477 1295 1753 1344 consequitur,

161 1361 261 1400 ‘Est
290 1361 471 1400 stultitia
497 1361 584 1410 Dei,
615 1374 712 1411 ergo
736 1362 851 1400 Deus
874 1361 1013 1411 aliquo
1037 1361 1160 1400 modo
1187 1360 1342 1399 stultus
1368 1361 1449 1399 dici
1475 1362 1620 1409 potest.
1682 1360 1757 1398 Est
1776 1363 1840 1404 640

157 1426 329 1476 nigredo
343 1427 468 1475 corui,
485 1440 583 1477 ergo
603 1440 753 1465 coruus
773 1427 893 1477 niger
911 1427 1001 1465 est.’
1057 1427 1165 1466 Nam
1185 1427 1363 1466 stultum
1381 1426 1468 1464 illic
1487 1439 1561 1476 pro
1577 1425 1757 1464 stultitia

155 1491 340 1541 positum
361 1492 578 1531 docuimus
597 1495 638 1531 et
656 1506 706 1530 ex
725 1493 955 1542 Augustini
975 1493 1160 1531 lectione.

212 1569 275 1605 93.
309 1557 388 1595 Sed
408 1557 580 1596 interim
599 1570 686 1596 non
706 1557 1004 1596 animaduertit
1018 1557 1273 1608 hyperbolen
1288 1557 1423 1606 Pauli,
1439 1557 1511 1607 qui
1531 1555 1756 1595 stultitiam

157 1621 235 1660 Dei
263 1625 383 1661 vocat
417 1623 469 1662 ad
503 1623 766 1662 collationem
800 1625 988 1662 aeternae
1022 1623 1138 1662 illius
1170 1625 1213 1662 et
1245 1622 1469 1661 ineffabilis
1502 1621 1755 1672 sapientiae3

156 1699 253 1725 cum
281 1688 404 1727 nobis
433 1688 668 1727 exhibuerit
697 1702 744 1728 ea
773 1702 952 1739 quorum
979 1690 1191 1739 vtcunque
1220 1701 1385 1738 capaces
1413 1701 1502 1726 esse
1528 1699 1754 1737 possemus.
1775 1693 1838 1733 645

156 1751 214 1790 Vt
245 1755 386 1792 autem
418 1754 600 1803 suscepit
633 1753 825 1793 Christus
854 1756 1044 1793 nostram
1074 1753 1376 1801 infirmitatem,
1411 1753 1472 1792 ita
1501 1755 1542 1791 et
1570 1754 1757 1791 nostram

157 1817 382 1857 stultitiam
402 1819 541 1870 aliquo
562 1819 684 1858 modo
704 1819 944 1869 assumpsit.

214 1895 275 1930 94.
306 1884 522 1923 Postremo
541 1884 630 1923 loco
646 1884 756 1934 quod
771 1885 821 1923 de
836 1885 985 1923 ecstasi
999 1884 1129 1923 trium
1146 1884 1446 1934 discipulorum
1462 1883 1752 1930 calumniatur,

156 1948 378 1998 indignum
397 1950 534 1989 iudico
553 1951 661 2000 quod
683 1950 739 1989 sit
762 1950 1045 1989 refellendum.
1107 1950 1152 1989 Is
1178 1949 1370 1988 ecstasim
1395 1949 1660 1999 imaginatur,
1685 1947 1756 1986 vbi

158 2013 251 2062 quis
279 2015 394 2053 totus
421 2028 444 2053 a
472 2015 675 2065 corporeis
705 2015 894 2054 sensibus
923 2015 1118 2065 abreptus
1146 2017 1219 2054 est.
1280 2015 1470 2053 Delirant
1496 2014 1691 2052 homines
1715 2015 1757 2051 et
1774 2019 1839 2061 650

155 2078 307 2117 timore
338 2081 380 2118 et
410 2080 571 2130 gaudio,
605 2082 651 2119 vt
681 2081 870 2119 nesciant
904 2081 1003 2131 quid
1034 2081 1258 2130 loquantur
1287 2082 1358 2119 aut
1389 2079 1460 2130 qui
1490 2078 1644 2128 alioqui
1675 2078 1757 2117 sibi

156 2143 409 2184 exciderunt.
446 2146 617 2184 Dictum
633 2148 695 2184 est
710 2148 850 2185 autem
866 2146 916 2184 de
928 2147 1054 2185 Petro
1068 2146 1177 2195 quod
1193 2145 1370 2184 nesciret
1386 2145 1485 2194 quid
1500 2144 1750 2193 loqueretur.

158 2208 209 2246 Id
225 2209 330 2247 mihi
355 2210 457 2248 satis
487 2212 576 2249 erat
600 2210 645 2248 in
671 2223 792 2261 opere
815 2211 997 2250 ludicro:
1026 2223 1161 2260 neque
1183 2210 1298 2248 enim
1324 2223 1413 2247 rem
1432 2209 1666 2258 theologiae
1685 2209 1754 2247 sed

157 2273 311 2313 Moriae
331 2275 623 2315 tractabamus.

215 2352 280 2387 95.
309 2341 384 2378 Ait
405 2340 592 2379 doctores
613 2342 861 2380 constitutos
879 2340 930 2379 ad
948 2340 1197 2390 glozandum
1218 2340 1529 2389 Hieronymum
1555 2340 1596 2377 et
1614 2339 1755 2388 Augu·
1772 2345 1835 2386 655

159 2405 331 2452 stinum,
347 2418 433 2443 non
446 2405 683 2445 Erasmum.
735 2406 861 2454 Quasi
873 2405 960 2444 illis
974 2406 1069 2456 plus
1081 2405 1225 2443 veniae
1237 2405 1444 2453 debeatur,
1458 2404 1566 2454 quod
1579 2403 1755 2442 maiores

158 2470 316 2508 fuerint
336 2470 456 2509 nobis
471 2485 481 2518 ;
510 2484 606 2509 cum
625 2472 702 2509 hoc
721 2472 860 2522 potius
875 2471 1069 2510 debeatur
1082 2469 1436 2509 imbecillioribus.
1487 2469 1620 2508 Citius
1639 2469 1755 2506 enim

158 2534 413 2583 ignoscimus
442 2548 570 2585 puero
599 2550 726 2587 quam
759 2537 874 2584 viro;
913 2538 954 2574 et
985 2536 1118 2586 magis
1148 2535 1414 2585 indulgemus
1443 2534 1681 2583 Augustino
1713 2535 1755 2571 et

161 2599 419 2649 Hieronymo
438 2600 485 2638 in
503 2601 570 2640 his
589 2615 692 2652 quae
710 2602 882 2640 iuuenes
900 2601 1181 2651 prodiderunt.
1239 2600 1408 2639 Bellum
1428 2613 1523 2638 vero
1543 2598 1755 2648 theologo·

160 2677 255 2703 rum
294 2665 522 2715 negocium,
563 2667 600 2704 si
636 2668 803 2705 tantum
836 2667 882 2705 in
914 2667 991 2705 hoc
1024 2666 1226 2714 laborant,
1265 2668 1312 2704 vt
1345 2665 1452 2715 quod
1486 2678 1510 2703 a
1543 2663 1754 2703 veteribus
1772 2670 1836 2703 660

158 2732 367 2780 vtcunque
395 2731 553 2769 dictum
582 2733 657 2780 est,
687 2732 823 2783 aliquo
851 2733 1066 2783 praetextu
1096 2731 1330 2769 defendant.
1390 2730 1435 2769 Si
1463 2730 1571 2768 recte
1595 2729 1754 2767 dictum

528 2846 604 2884 658.
629 2847 665 2877 et
681 2846 795 2886 magis
811 2870 819 2877 .
841 2870 846 2877 .
866 2870 873 2877 .
892 2847 968 2885 659.
992 2844 1230 2885 prodiderunt
1247 2846 1322 2874 add.
1339 2846 1382 2874 H.

202 2956 278 2987 628.
303 2954 558 2995 Enchiridion]
577 2955 645 2986 LB.
666 2965 699 2987 v.
717 2965 752 2985 11
767 2965 796 2986 F.
1034 2956 1108 2993 637.
1134 2952 1302 2993 Moriam]
1320 2953 1390 2985 LB.
1409 2954 1456 2985 iv.
1476 2954 1540 2992 496
1552 2963 1585 2983 1).

202 3001 276 3039 632.
302 2998 538 3040 sententiam]
556 2999 624 3030 LB.
645 3009 679 3031 v.
700 3009 738 3030 12
749 3008 778 3030 Ε.
1033 3000 1109 3037 643.
1135 2996 1255 3037 Pauli]
1275 3006 1288 3026 1
1310 2996 1386 3027 Cor.
1407 3006 1434 3028 1.
1451 3005 1492 3036 25
1509 2997 1579 3028 and
1595 3006 1646 3036 23.
