2034 3433
182 127 277 181 843]
665 129 734 168 ΤΟ
773 128 997 169 MARTIN
1036 129 1278 170 LYPSIUS
1691 132 1771 171 323

178 234 262 274 iam
291 234 587 285 perspeximus,
615 235 763 274 itidem
792 237 834 274 et
861 235 1099 275 festiuitatis
1131 239 1302 287 gustum
1331 237 1514 289 aliquem
1542 238 1768 288 praebeam.

179 297 431 338 Huiusmodi
446 300 604 339 salibus
614 300 661 338 in
674 313 742 338 me
756 300 917 338 iocatur
932 301 1059 340 homo
1074 302 1236 352 lepidus
1252 304 1293 341 et
1309 303 1548 341 Gratiarum
1563 302 1768 342 alumnus.

182 363 514 416 ‘Hieronymus'
541 365 681 416 inquit
712 364 820 404 ‘aitz
863 366 980 405 “Tot
1012 369 1111 405 sunt
1150 367 1399 418 exemplaria
1438 370 1540 418 quot
1576 368 1772 407 codices.'’

179 428 306 468 Hune
334 431 406 469 isti
433 431 589 481 legunt,
619 431 728 470 hunc
755 430 846 478 illi3
875 444 1000 482 quem
1028 432 1108 471 iste
1136 434 1276 471 noster
1305 433 1529 472 translator
1562 435 1699 472 sumet
1726 434 1772 472 in
1791 443 1854 475 405

177 496 468 535 autoritatem?
515 496 643 544 Certe,
662 495 918 546 Hieronymo
932 499 1082 546 sancte,
1100 498 1146 536 in
1160 511 1315 537 vanum
1329 498 1498 549 impulit
1513 500 1555 537 te
1570 498 1772 539 Damasus

177 560 291 611 Papa
308 561 354 599 in
374 561 580 610 sudorem,
603 574 700 600 cum
718 563 805 600 erat
829 562 1007 602 Graecus
1033 563 1160 601 codex
1187 565 1228 602 et
1253 564 1626 613 emendatissimus,
1648 578 1770 615 quem

175 627 255 665 iste
280 628 423 665 noster
445 626 671 665 translator
694 626 868 665 inuenit.
930 627 1038 677 Heu,
1060 627 1329 678 Hieronyme,
1351 629 1491 668 oculos
1513 631 1615 668 tunc
1640 630 1771 679 nycti-

176 692 331 730 coracis
350 691 549 739 habuisti,
569 691 639 742 qui
657 691 741 730 tale
761 691 972 742 exemplar
990 693 1180 732 inuenire
1199 707 1284 732 non
1304 694 1480 743 potuisti
1499 694 1616 744 quale
1632 697 1772 734 noster

175 770 310 796 nouus
346 756 474 796 homo
511 757 701 796 inuenit.’
774 756 841 796 Sic
878 757 960 796 ille.
1038 758 1157 797 Inter
1202 759 1302 797 haec
1346 759 1453 797 mihi
1488 760 1664 799 Lindius
1700 760 1770 800 ille
1788 770 1851 802 410

176 821 381 861 Hercules
411 822 528 861 venit
557 822 602 860 in
636 823 830 869 mentem,
864 823 930 861 cui
964 823 1219 862 conuiciator
1250 823 1359 862 inter
1390 825 1533 874 epulas
1565 824 1770 876 voluptati

174 887 310 926 fuerit.
375 887 487 926 Olim
515 889 579 927 tot
609 890 727 926 erant
761 888 1014 937 exemplaria
1047 891 1146 939 quot
1178 889 1352 937 codices,
1384 889 1508 928 hodie
1539 902 1623 928 non
1656 893 1765 930 sunt.

176 953 283 1001 Quid
317 953 445 1003 igitur
477 954 641 992 secutus
670 955 733 992 est
762 953 1047 1003 Hieronymus
1076 954 1121 992 in
1150 954 1420 1004 castigando?
1475 955 1636 994 Deinde
1664 969 1769 995 num

174 1031 248 1068 ego
267 1019 389 1057 vnico
408 1018 544 1057 codice
564 1018 687 1057 nixus
705 1031 799 1056 sum
814 1020 835 1057 ⁶?

151 1086 166 1101 ”
229 1086 290 1132 63.
324 1083 485 1122 Rursus
503 1085 717 1133 assumpto
731 1084 840 1133 quod
854 1083 974 1122 initio
988 1086 1276 1135 assumpserat,
1293 1098 1360 1123 me
1376 1098 1484 1124 noua
1495 1085 1766 1125 translatione
1786 1097 1847 1130 415

173 1151 356 1188 veterem
384 1147 540 1197 tollere,
564 1148 808 1199 praescribit
836 1148 958 1187 nobis
983 1149 1214 1199 Augustini
1242 1149 1441 1200 regulam,
1464 1150 1535 1200 qui
1559 1150 1623 1189 ‘in
1653 1164 1767 1190 cano-

173 1213 277 1253 nicis
305 1214 471 1263 scriptis
497 1213 763 1252 ecclesiarum
789 1211 1131 1266 <Catholicarum)
1160 1214 1471 1264 quamplurium
1499 1215 1766 1256 autoritatem

173 1278 387 1330 sequitur:
415 1278 526 1316 inter
545 1291 646 1328 quas
673 1291 771 1316 sane
798 1278 896 1317 illae
916 1279 1013 1326 sint,
1037 1292 1140 1329 quae
1158 1279 1422 1329 Apostolicas
1447 1279 1564 1318 sedes
1581 1278 1767 1333 (habere)

172 1346 213 1382 et
242 1343 436 1393 epistolas
464 1345 710 1381 meruerunt
740 1343 932 1393 accipere.
992 1344 1165 1382 Tenebit
1198 1343 1326 1394 igitur
1358 1344 1471 1382 hunc
1509 1344 1680 1383 modum
1719 1346 1765 1384 in

171 1409 387 1460 scripturis
427 1408 645 1456 canonicis,
680 1410 728 1447 vt
754 1421 822 1447 eas
851 1421 954 1458 quae
981 1408 1032 1448 ab
1067 1408 1262 1448 omnibus
1292 1409 1551 1458 accipiuntur
1582 1410 1764 1449 ecclesiis
1782 1426 1845 1456 420

172 1473 398 1522 catholicis,
429 1476 653 1523 praeponat
681 1473 740 1512 eis
769 1487 870 1523 quas
899 1474 1098 1524 quaedam
1128 1487 1212 1513 non
1241 1474 1471 1524 accipiunt:
1507 1474 1552 1512 in
1581 1475 1640 1513 eis
1667 1489 1763 1514 vero

171 1553 274 1590 quae
294 1551 380 1578 non
398 1539 654 1588 accipiuntur
672 1538 724 1577 ab
743 1539 950 1588 omnibus,
971 1542 1196 1590 praeponat
1219 1553 1287 1578 eas
1316 1553 1416 1589 quas
1443 1539 1583 1590 plures
1605 1541 1764 1590 grauio-

168 1619 313 1656 resque
335 1605 553 1655 accipiunt,
577 1605 637 1643 eis
662 1617 763 1654 quas
788 1605 999 1654 pauciores
1026 1605 1280 1655 minorisque
1308 1604 1546 1644 autoritatis
1574 1606 1762 1645 ecclesiae

169 1673 342 1711 tenent:
384 1671 422 1710 si
441 1672 581 1709 autem
618 1670 719 1709 alias
755 1670 965 1709 inuenerit
1000 1684 1024 1709 a
1061 1671 1264 1721 pluribus,
1303 1670 1406 1709 alias
1444 1684 1467 1710 a
1503 1671 1763 1721 grauioribus

168 1737 323 1786 haberi,
342 1749 580 1787 quanquam
599 1736 677 1774 hoc
692 1735 812 1774 facile
831 1735 1012 1774 inueniri
1032 1749 1118 1775 non
1136 1736 1275 1786 possit,
1290 1737 1380 1774 etc.'
1436 1736 1500 1774 Ex
1517 1736 1584 1776 his
1604 1737 1764 1788 colligit
1781 1751 1843 1785 425

169 1805 356 1842 nostram
375 1801 537 1840 nullius
556 1814 643 1840 esse
662 1801 867 1851 ponderis.
928 1801 1021 1839 Imo
1042 1801 1142 1851 quid
1156 1801 1255 1840 haec
1274 1800 1324 1839 ad
1345 1814 1411 1839 me
1429 1801 1640 1851 pertinent
1660 1817 1762 1853 quae

170 1869 220 1907 de
246 1867 530 1906 voluminibus
558 1866 793 1905 reficiendis
815 1868 886 1905 aut
910 1866 1155 1916 recipiendis
1185 1861 1294 1905 dicta
1321 1868 1429 1914 sunt,
1454 1879 1540 1905 non
1569 1867 1619 1906 de
1647 1869 1763 1907 casti-

170 1933 368 1983 gatione?
440 1931 612 1982 Alioqui
655 1944 729 1970 cur
771 1931 859 1981 ipse
901 1931 1165 1981 Augustinus
1202 1931 1574 1981 Hieronymianam
1611 1933 1762 1984 recepit

171 1997 486 2037 conuersionem
524 1998 645 2046 plane
683 1998 872 2035 nouam?
926 1996 995 2035 Ad
1024 1997 1134 2047 haec,
1170 1996 1242 2035 vbi
1278 1996 1416 2035 locum
1455 1997 1624 2036 habebit
1661 1998 1761 2038 haec

170 2062 400 2112 Augustini
430 2062 582 2111 regula,
615 2062 651 2099 si
683 2061 820 2100 solum
850 2062 928 2100 hoc
958 2062 1239 2112 recipiendum
1269 2062 1321 2100 ab
1354 2063 1551 2101 omnibus
1581 2063 1760 2103 ecclesiis
1779 2076 1843 2108 430

171 2128 280 2178 quod
293 2140 377 2166 vna
390 2127 608 2165 Rhomana
622 2126 776 2176 recepit
790 2126 962 2165 ecclesia
973 2128 994 2165 ‘?
1036 2126 1130 2165 Non
1143 2127 1252 2177 quod
1267 2127 1444 2166 insecter
1458 2127 1757 2177 Augustinum,

170 2194 242 2232 sed
274 2192 382 2243 quod
416 2206 465 2230 ex
496 2191 563 2230 his
594 2192 786 2241 appareat
816 2191 940 2230 illum
972 2192 1208 2231 Rhomanae
1239 2192 1349 2231 sedis
1379 2192 1642 2232 autoritatem
1674 2207 1759 2232 non

171 2257 391 2308 agnouisse
412 2270 534 2307 quam
558 2256 622 2294 illi
644 2269 756 2294 nunc
779 2256 1027 2295 tribuimus:
1056 2257 1298 2306 praesertim
1325 2270 1419 2295 cum
1443 2257 1554 2296 idem
1577 2259 1758 2298 scribens

170 2323 419 2363 Innocentio
455 2322 624 2361 fratrem
661 2321 782 2360 illum
819 2322 1011 2372 appellet,
1048 2335 1122 2361 nec
1158 2322 1294 2361 vllum
1331 2322 1533 2361 indicium
1568 2324 1757 2373 praebeat

169 2389 346 2440 insignis
367 2388 479 2426 illius
499 2387 757 2435 eminentiae,
778 2387 848 2425 sed
870 2389 964 2437 agat
982 2387 1113 2425 veluti
1132 2400 1227 2425 cum
1248 2387 1412 2437 collega.
1774 2402 1837 2434 435

226 2456 287 2501 64.
319 2454 422 2493 Post
450 2453 551 2491 haec
587 2452 646 2491 sic
679 2451 765 2502 agit
797 2453 915 2502 quasi
948 2452 1149 2491 sentirem
1187 2452 1411 2491 falsitatem
1448 2455 1520 2492 aut
1558 2453 1758 2503 ineptiam

214 2590 290 2620 417.
316 2579 585 2611 Catholicarum
602 2580 689 2618 ass7:
714 2589 772 2611 om.
790 2581 828 2610 D.
963 2579 1234 2619 quamplurium
1257 2579 1326 2618 ss7:
1353 2579 1661 2619 quamplurimum
1679 2583 1757 2612 aD:

172 2626 210 2655 vt
226 2623 424 2664 plurimum
439 2625 482 2652 H.
639 2623 715 2660 418.
741 2622 871 2653 habere
888 2623 954 2662 αβὙ
969 2633 977 2653 :
1000 2633 1058 2654 om.
1075 2625 1111 2653 D.
1268 2631 1341 2660 421.
1367 2623 1417 2652 eis
1433 2626 1502 2652 anie
1519 2631 1605 2660 quas
1619 2624 1688 2663 αβγ
1702 2626 1757 2654 H:

171 2677 230 2698 eas
245 2669 283 2698 D.
375 2675 446 2705 422.
471 2666 513 2697 ab
530 2667 599 2705 αβγ
614 2665 689 2697 DN8
700 2668 756 2696 LB
770 2677 778 2697 ι
800 2666 842 2697 ob
859 2668 895 2696 H
903 2668 999 2697 Lond.
1088 2675 1162 2705 423.
1187 2666 1369 2705 accipiunt
1385 2666 1452 2705 αβγ
1467 2676 1475 2696 :
1499 2666 1700 2706 suscipiunt
1716 2670 1753 2699 D.

169 2720 245 2750 425.
269 2710 374 2741 facile
390 2710 548 2741 inueniri
564 2712 593 2740 D
607 2721 613 2740 ;
638 2710 805 2741 inuenire
821 2711 898 2749 αβγ.
989 2711 1062 2748 436.
1089 2709 1162 2749 agit
1177 2711 1222 2739 F:
1247 2711 1327 2748 agat
1342 2711 1381 2740 D.

213 2821 289 2849 404.
314 2807 572 2848 Hieronymus]
596 2810 699 2847 quf.
724 2811 759 2840 in
781 2811 906 2848 Euany.
922 2819 929 2846 ;
998 2808 1044 2839 In
1057 2806 1225 2847 partially
1234 2808 1408 2846 restoring
1417 2807 1477 2838 the
1489 2809 1565 2839 text
1576 2808 1755 2849 ofAugus-

170 2854 215 2885 ad
233 2854 435 2884 Damasum.
997 2853 1073 2882 tine
1091 2851 1110 2882 I
1125 2851 1215 2881 have
1228 2851 1315 2881 used
1324 2850 1387 2881 the
1400 2851 1488 2890 sigla
1501 2853 1570 2892 αβγ
1580 2853 1617 2883 to
1630 2852 1756 2884 denote

213 2906 287 2936 411.
313 2895 501 2936 Hercules]
515 2895 566 2926 Cf.
578 2897 685 2932 Aday.
701 2904 800 2936 1419;
827 2897 929 2935 quot·
997 2895 1059 2925 the
1078 2895 1214 2925 Froben
1231 2894 1388 2925 editions
1404 2894 1442 2925 of
1457 2895 1593 2935 1528-9,
1613 2905 1750 2937 1540-3,

170 2941 232 2980 ing
248 2941 347 2971 Lact.
362 2942 472 2971 Diuin.
491 2942 572 2970 Inst.
596 2949 623 2970 1.
642 2949 693 2970 21.
1000 2939 1093 2977 1569.

214 2984 288 3022 416.
311 2982 522 3023 Augustini]
539 2986 638 3014 Doctr.
657 2985 765 3014 Christ.
784 2992 814 3013 2.
830 2984 860 3014 8.
878 2991 928 3015 12.
1040 2992 1113 3021 434·
1138 2980 1366 3022 Innocentio]
1383 2982 1472 3023 Aug.
1491 2984 1570 3022 ΕΜ).
1590 2992 1694 3023 175,7.

926 3052 953 3077 Y
974 3051 998 3077 2
