2034 3433
251 890 313 921 540

252 1216 312 1247 545

254 1543 316 1574 550

258 2184 320 2225 560

260 2506 318 2546 565

328 183 408 221 462
795 180 1044 220 LETTERS
1082 180 1152 219 OF
1189 179 1456 220 ERASMUS
1797 178 1835 232 [1
1844 189 1865 228 5
1874 192 1889 217 1
1898 181 1920 216 8

330 288 523 339 spondeo,
556 287 707 325 bonam
741 286 901 335 partem
932 283 1097 332 resecui,
1129 283 1174 322 in
1203 296 1282 333 qua
1310 282 1559 322 videbantur
1585 295 1674 321 esse
1703 296 1805 333 quae
1833 295 1920 322 non

330 354 552 392 iudicarem
572 350 813 400 euulganda.

385 419 567 456 Rursum
587 415 695 466 quod
719 414 938 464 epistolam
963 415 1079 452 tuam
1104 413 1308 462 prolixam
1335 414 1531 462 dixeram,
1555 412 1614 451 sic
1639 412 1924 462 interpretaris

331 493 629 533 superuacanea
662 481 704 518 et
738 478 989 517 redundanti
1022 477 1272 528 loquacitate
1304 478 1501 517 odiosam.
1563 477 1673 516 Item
1706 477 1815 527 quod
1846 476 1925 516 elo·

274 563 309 594 35
331 547 522 598 quentiae
542 545 708 584 laudem
732 544 813 583 tibi
841 544 1068 583 concedens
1100 545 1228 583 testor
1255 557 1325 583 me
1354 544 1398 582 in
1426 544 1506 582 hoc
1534 544 1779 593 argumento
1807 555 1927 582 causa

330 612 583 662 superiorem
617 623 706 649 esse
739 622 870 660 posse.
890 609 948 647 sie
982 609 1267 659 interpretaris
1304 608 1421 659 quasi
1454 611 1614 660 praeter
1645 607 1814 647 inanem
1838 621 1926 647 ver·

331 678 478 716 borum
501 678 745 726 apparatum
765 674 873 713 nihil
893 674 972 713 tibi
992 674 1198 714 tribuam:
1228 676 1269 713 et
1294 676 1388 724 post
1410 674 1509 713 haec
1536 687 1603 712 me
1623 673 1732 713 male
1752 673 1927 724 suspica·

332 755 419 781 cem
452 755 536 780 non
567 754 650 779 vno
684 740 728 778 in
760 739 851 778 loco
884 752 1017 778 vocas.
1077 741 1210 790 Atqui
1242 753 1410 790 possum
1439 738 1546 778 illud
1565 752 1660 778 vere
1689 739 1739 777 de
1768 738 1926 790 meipso

330 807 564 858 praedicare
580 821 589 846 :
617 818 768 856 paucos
779 805 956 855 reperies
971 805 1041 855 qui
1057 805 1103 844 in
1114 805 1297 845 amicitia
1309 806 1450 844 minus
1465 818 1589 855 quam
1601 815 1683 855 ego
1699 803 1928 854 suspicaces

331 874 441 911 sunt.
483 871 615 910 Porro
641 870 750 921 quod
780 882 905 919 negas
934 869 1156 920 quicquam
1185 883 1272 909 esse
1302 869 1346 908 in
1375 870 1460 908 tuis
1486 869 1620 908 literis
1645 868 1754 920 quod
1780 882 1865 907 non
1883 868 1927 907 in

331 937 503 987 gloriam
532 949 669 975 meam
697 948 911 974 cessurum
940 935 1006 983 sit,
1029 948 1124 974 cum
1157 935 1363 974 incertum
1397 935 1451 974 sit
1483 935 1635 985 vbique
1669 934 1842 973 ludasne
1874 947 1927 973 an

332 1003 437 1042 serio
468 1015 575 1052 agas,
609 1001 731 1040 eitius
762 1014 809 1039 ea
837 1013 909 1050 per
942 1001 1078 1039 iocum
1112 1001 1222 1039 dicta
1251 1000 1507 1040 videbuntur
1541 1013 1645 1050 quae
1678 1000 1729 1039 ad
1762 999 1929 1038 laudem

333 1080 468 1107 meam
495 1067 665 1114 faciunt,
689 1078 813 1116 quam
841 1065 992 1115 quibus
1018 1079 1086 1104 me
1109 1066 1306 1116 flagellas.
1367 1065 1561 1104 Etiamne
1586 1065 1660 1104 illa
1684 1064 1790 1103 mihi
1815 1064 1929 1103 laudi

332 1134 472 1172 futura
504 1135 613 1179 sunt,
638 1132 746 1182 quod
776 1143 843 1168 me
870 1144 1084 1181 procacem
1112 1131 1214 1171 facis
1242 1131 1287 1170 in
1315 1131 1443 1170 talem
1466 1131 1658 1178 amicum,
1681 1131 1790 1181 quod
1819 1143 1929 1168 nunc

331 1212 428 1249 prae
460 1197 697 1236 iracundiae
726 1196 971 1247 impotentia
999 1197 1359 1247 praemordentem
1388 1196 1599 1245 labellum,
1629 1209 1740 1235 nunc
1769 1195 1930 1246 supplo-

333 1265 499 1303 dentem
547 1262 659 1313 pede,
698 1274 810 1300 nunc
852 1261 974 1300 deum
1020 1264 1144 1312 atque
1187 1262 1407 1301 hominum
1453 1262 1578 1300 fidem
1620 1261 1927 1311 implorantem,

333 1332 454 1379 atque
473 1329 533 1367 ita
551 1327 879 1366 tumultuantem
910 1327 971 1365 ira
989 1329 1035 1366 vt
1062 1329 1108 1366 tu
1139 1329 1303 1366 coactus
1331 1327 1389 1366 sis
1417 1340 1492 1366 ceu
1515 1339 1650 1365 nouus
1670 1325 1931 1376 Pythagoras

333 1393 535 1445 spondeos
565 1393 749 1431 occinere
788 1405 835 1431 ac
874 1405 941 1431 me
978 1392 1086 1431 mihi
1123 1393 1373 1432 restituere?
1412 1405 1515 1443 quae
1555 1391 1661 1431 mihi
1699 1404 1799 1430 sane
1835 1403 1930 1430 cum

334 1461 418 1499 risu
438 1459 649 1509 leguntur,
670 1457 781 1508 quod
802 1457 902 1496 satis
922 1457 1157 1508 intelligam
1183 1460 1223 1497 te
1244 1458 1436 1497 iocatum.
1496 1457 1610 1497 Illud
1630 1457 1754 1495 modo
1774 1469 1927 1505 vereor,

335 1539 387 1564 ne
420 1538 502 1563 non
536 1524 681 1562 itidem
710 1523 1039 1573 interpretentur
1066 1524 1225 1562 caeteri.
1285 1522 1402 1572 Quod
1432 1523 1467 1562 si
1500 1525 1547 1562 tu
1579 1536 1646 1571 me
1674 1521 1791 1560 iubes
1819 1521 1931 1561 hunc

334 1593 493 1630 metum
519 1602 680 1640 ponere,
704 1590 743 1626 et
777 1588 921 1627 eadem
949 1590 1012 1627 est
1042 1589 1267 1628 amicorum
1297 1590 1465 1628 tuorum
1495 1587 1711 1637 sententia,
1734 1600 1808 1637 age
1833 1586 1931 1626 lude

336 1660 407 1695 tuo
428 1654 639 1702 arbitratu,
664 1666 803 1692 exerce
832 1654 1047 1702 calamum,
1071 1653 1234 1702 lacesse,
1257 1666 1387 1692 versa.
1446 1653 1587 1692 Meum
1615 1652 1803 1690 animum
1823 1665 1930 1690 nun-

336 1735 460 1773 quam
490 1720 684 1769 offendes,
707 1720 871 1770 quando
901 1720 951 1758 de
979 1721 1053 1758 tuo
1083 1721 1219 1758 certus
1247 1719 1353 1758 mihi
1381 1719 1536 1758 videor.
1595 1717 1640 1756 Si
1669 1717 1846 1765 videtur,
1879 1718 1929 1757 ad

336 1787 568 1838 proximam
588 1785 840 1824 aeditionem
860 1784 1107 1834 adiungetur
1124 1787 1197 1823 tua
1215 1784 1399 1835 epistola.

390 1853 457 1891 Me
486 1845 592 1890 nihil
623 1850 796 1889 offendit
824 1850 938 1888 locus
967 1863 1092 1900 quem
1120 1853 1306 1898 annotas,
1335 1850 1434 1889 adeo
1463 1848 1569 1888 mihi
1603 1850 1674 1888 tua
1707 1849 1932 1898 probantur

336 1918 498 1957 omnia:
527 1929 661 1967 neque
680 1929 833 1963 vereor,
855 1915 1050 1965 quicquid
1070 1929 1245 1966 vsquam
1264 1916 1336 1955 abs
1355 1918 1395 1954 te
1421 1915 1623 1966 scriptum
1643 1916 1716 1961 est,
1738 1914 1829 1952 sine
1847 1913 1932 1953 vllo

337 1985 496 2024 delectu
530 1981 657 2032 sequi.
718 1981 899 2020 Proinde
932 1981 1010 2020 tibi
1043 1981 1285 2029 videndum,
1315 1995 1410 2020 cum
1443 1982 1494 2020 ad
1528 1994 1594 2020 me
1627 1980 1851 2030 scripseris,
1885 1981 1932 2020 vt

336 2050 556 2099 vtriusque
584 2046 768 2098 periculo
797 2046 1001 2086 consulas.
1061 2047 1138 2086 Sed
1167 2049 1230 2085 est
1254 2047 1363 2086 alius
1392 2047 1510 2086 locus
1538 2047 1583 2085 in
1602 2045 1738 2096 prima
1756 2045 1928 2096 pagella,

337 2114 386 2152 ad
408 2126 530 2162 quem
550 2111 742 2151 nonnihil
761 2110 896 2149 restiti
913 2125 921 2159 ;
953 2125 1051 2150 nam
1070 2125 1214 2151 versus
1232 2125 1342 2150 vnus
1361 2114 1433 2151 aut
1455 2112 1560 2151 alter
1578 2111 1717 2150 nescio
1737 2123 1817 2161 quo
1837 2121 1931 2149 casu

338 2178 555 2217 videbatur
590 2176 841 2224 interiectus,
875 2177 948 2225 qui
986 2189 1081 2215 cum
1119 2176 1277 2227 reliquo
1313 2177 1518 2216 sermonis
1557 2176 1752 2215 contextu
1785 2188 1933 2225 parum

339 2243 613 2295 congruebat:
643 2242 760 2280 cuius
788 2241 960 2280 initium
990 2244 1052 2280 est
1086 2242 1237 2281 ‘Faber
1262 2243 1384 2281 toties
1404 2256 1427 2282 a
1446 2241 1536 2280 me’
1555 2244 1639 2290 &c.‚
1663 2241 1759 2280 finis
1781 2241 1790 2259 ‘
1805 2240 1933 2280 Doleo

338 2323 480 2349 ansam
501 2310 609 2348 hanc
629 2308 778 2353 datam,
799 2309 840 2345 et
858 2307 1041 2358 reliqua.'
1096 2308 1159 2346 Tu
1181 2307 1346 2358 dispice.

392 2374 598 2413 Salutabis
617 2372 721 2411 mihi
742 2375 836 2410 tuos
862 2373 1026 2421 amicos,
1050 2386 1163 2412 meos
1183 2376 1387 2424 patronos,
1411 2372 1636 2411 Deloinum
1663 2373 1703 2410 et
1722 2371 1932 2417 Ruzeum;

340 2452 437 2478 nam
458 2439 502 2476 in
522 2438 751 2488 praesentia
771 2450 855 2476 non
876 2438 1046 2476 vacabat
1064 2438 1252 2488 pluribus
1272 2438 1460 2477 scribere.

393 2505 508 2543 Bene
527 2503 630 2551 vale,
656 2502 831 2541 Louanii
852 2515 909 2541 XI.
932 2503 1132 2542 Calendas
1151 2503 1379 2552 Ianuarias,
1402 2504 1528 2541 Anno
1549 2512 1766 2540 M.D.XV111.

391 2590 481 2639 Qvo
518 2589 597 2627 sim
635 2589 680 2626 in
717 2590 758 2626 te
797 2589 937 2627 animo
964 2589 1032 2628 vel
1070 2589 1298 2628 Glareanus
1336 2587 1454 2627 testis
1490 2600 1577 2627 esse
1614 2586 1778 2637 poterit,
1810 2585 1934 2624 homo

341 2654 513 2693 minime
542 2654 714 2692 fucatus.
772 2653 889 2701 Quod
919 2653 952 2691 si
983 2653 1083 2704 quid
1113 2653 1285 2693 offendit
1313 2652 1412 2692 haec
1439 2652 1621 2702 epistola,
1644 2653 1744 2702 puta
1763 2664 1830 2689 me
1850 2649 1934 2689 iam

535 2749 608 2778 540.
635 2740 719 2770 sunt
736 2742 780 2769 E:
810 2740 883 2770 sint
897 2742 932 2770 F.
1053 2749 1125 2779 541.
1154 2739 1304 2770 ludasne
1320 2741 1348 2769 F
1363 2740 1473 2777 Corriy.
1487 2749 1495 2769 :
1518 2737 1692 2769 laudesne
1707 2740 1745 2769 E.

384 2821 457 2850 531.
484 2813 635 2853 resecui]
653 2813 705 2844 Cf.
726 2813 786 2853 Ep.
806 2823 878 2851 744.
898 2822 950 2852 37,
967 2813 1020 2851 84.
1215 2822 1290 2851 537.
1316 2810 1549 2851 suspicacem]
1567 2810 1630 2851 Ep.
1648 2811 1722 2850 896.
1744 2819 1794 2850 19.

385 2864 461 2893 533.
484 2856 671 2895 epistolam
687 2855 804 2897 tuam]
822 2857 884 2896 Ep.
904 2857 979 2887 810.
1215 2866 1287 2894 540.
1314 2854 1438 2895 negas]
1455 2855 1518 2895 Ep.
1538 2855 1613 2894 896.
1631 2864 1728 2893 55-7.

429 2898 607 2939 dixeram]
625 2899 687 2938 Ep.
707 2900 780 2939 869.
803 2910 830 2930 1.
1216 2909 1291 2939 554-
1308 2898 1538 2939 adiungetur]
1550 2900 1600 2929 As
1611 2898 1672 2937 Ep.
1685 2897 1748 2936 778
1759 2895 1830 2927 had
1842 2895 1931 2926 been

430 2942 694 2982 interpretaris]
713 2943 775 2982 Ep.
796 2944 869 2982 896.
888 2943 976 2983 37‚8.
1172 2945 1207 2973 to
1238 2942 1407 2973 Martens'
1434 2943 1525 2973 later
1554 2941 1703 2972 edition.
1751 2940 1824 2970 But
1857 2938 1933 2969 this

387 2986 459 3022 536.
486 2985 719 3026 superiorem]
736 2986 797 3026 Ep.
814 2987 888 3026 869.
908 2996 956 3026 11⁷
967 2996 1015 3017 12.
1172 2995 1245 3016 was
1260 2988 1322 3016 not
1339 2985 1439 3017 done.

431 3028 693 3070 interpretaris]
711 3030 773 3069 Ep.
791 3030 864 3069 896.
883 3040 933 3069 23.
1215 3029 1288 3068 558.
1314 3029 1405 3060 alius
1420 3027 1530 3069 locus]
1554 3028 1616 3068 Ep.
1634 3028 1707 3057 810.
1727 3026 1823 3064 34-8.
