2034 3433
112 172 210 227 859]
621 172 691 211 'ro
731 171 948 210 ULRICH
987 169 1189 209 zAsms
1622 167 1702 205 379

108 291 198 317 esse
216 278 438 316 videatur?
484 276 594 324 Quae
623 274 910 325 philosophiae
940 287 1033 324 pars
1061 275 1124 312 est
1148 273 1191 311 in
1215 286 1296 323 qua
1322 284 1406 310 non
1434 271 1492 309 ita
1514 273 1702 309 versatus

109 344 168 382 sis
188 345 234 382 vt
261 343 307 381 in
333 356 380 381 ea
405 341 492 380 sola
510 342 696 379 versatus
716 338 848 377 videri
871 340 1029 388 queas‘?
1074 340 1163 377 Aut
1183 339 1276 388 quis
1301 336 1474 374 omnino
1499 335 1604 374 liber
1625 338 1698 382 est,

110 421 182 447 seu
201 410 392 446 veterum
415 420 486 445 seu
513 405 752 450 recentium,
774 416 898 454 quem
926 417 1010 442 non
1037 404 1254 450 euolueris,
1279 416 1364 440 non
1393 400 1698 451 introspexeris
1723 412 1760 443 25

110 486 197 512 non
224 472 474 511 imbiberis?
529 470 639 519 Quin
667 472 709 508 et
739 482 887 507 arcana
915 468 988 507 illa
1020 482 1123 519 quae
1152 481 1247 506 vere
1282 468 1399 517 pium
1431 480 1477 506 ac
1510 467 1700 505 sanctum

110 538 289 577 reddunt
326 538 552 583 hominem,
593 534 797 584 comperio
835 534 911 572 tibi
952 547 1033 572 non
1070 533 1298 582 vulgariter
1338 545 1426 571 esse
1471 532 1699 570 obseruata.

111 604 202 643 Iam
222 602 499 654 eloquentiam
518 603 613 639 tuae
632 600 784 647 littere=
800 599 894 637 licet
920 598 1142 648 neglectim
1164 600 1205 636 et
1225 597 1445 648 plusquam
1466 599 1702 646 extempore

109 668 271 718 scripte,
303 667 404 707 satis
433 679 528 717 prae
555 680 598 704 se
626 665 834 704 ferebant:
883 666 925 702 at
961 676 1045 702 non
1074 663 1336 712 expectabam
1365 663 1482 701 diues
1514 662 1627 700 istud
1661 663 1702 700 et

108 733 338 772 exuberans
367 731 566 771 orationis
589 731 759 777 flumen,
790 742 995 779 nusquam
1019 742 1104 767 non
1130 730 1333 778 paratum,
1364 727 1558 777 quicquid
1582 725 1704 764 vnde·
1722 739 1762 770 30

109 812 268 849 cunque
306 798 532 837 incidisset.
605 797 739 835 Deum
777 794 1072 840 immortalem,
1115 794 1186 844 qui
1223 793 1428 832 sermonis
1465 793 1589 839 nitor,
1632 791 1703 840 qui

109 864 256 911 fluxus,
286 876 410 914 quam
432 862 542 909 felix,
574 874 699 911 quam
724 861 835 899 vltro
857 861 1030 907 scatens,
1060 872 1185 909 quam
1211 872 1296 896 non
1325 858 1553 905 accersitus,
1578 869 1701 906 quam

110 941 194 967 non
227 929 465 967 affectatus!
517 926 823 976 Extemporalis
854 924 1134 963 confabulatio
1163 924 1309 962 stilum
1339 926 1459 962 tuum
1489 921 1700 972 aequabat.

110 993 213 1042 Quis
242 1007 327 1032 non
354 993 583 1032 admiretur
610 992 703 1030 cani
732 991 879 1041 capitis
905 992 990 1029 tam
1016 991 1159 1029 virens
1186 989 1439 1040 ingenium?
1478 990 1563 1026 tam
1592 1000 1702 1036 prae-

108 1060 271 1098 sentem
295 1061 561 1109 paratamque
585 1071 722 1096 rerum
747 1056 937 1095 omnium
961 1055 1240 1094 memoriam?
1287 1054 1404 1092 Nihil
1429 1054 1541 1091 enim
1569 1052 1704 1090 dicam
1722 1065 1760 1097 35

108 1125 159 1163 de
177 1125 375 1172 moribus,
399 1124 550 1175 quibus
568 1136 702 1173 neque
720 1122 889 1172 grauius
907 1124 979 1160 aut
999 1121 1202 1170 integrius
1221 1121 1443 1170 quicquam
1458 1132 1549 1157 esse
1567 1120 1705 1169 potest

111 1203 242 1239 neque
261 1189 448 1228 suauius.
499 1189 613 1227 Adeo
633 1188 738 1226 mire
757 1189 895 1226 totum
917 1187 1086 1225 Zasium
1105 1185 1355 1235 temperauit
1375 1184 1525 1223 artifex
1545 1184 1703 1233 optima

109 1254 383 1304 philosophia.

163 1319 243 1358 Sed
272 1333 377 1369 pene
398 1319 644 1369 imprudens
668 1319 839 1357 laudum
870 1320 1035 1356 tuarum
1061 1330 1256 1367 campum
1284 1315 1447 1364 ingredi
1476 1327 1700 1363 coeperam.

109 1385 251 1423 Etiam
288 1386 410 1435 atque
447 1384 574 1423 etiam
612 1386 653 1421 te
690 1396 789 1433 rogo
822 1386 869 1421 vt
906 1382 1128 1431 aliquando
1166 1381 1335 1419 tandem
1374 1379 1701 1429 expolitissimas
1722 1393 1763 1423 40

109 1450 416 1489 lucubrationes
454 1453 549 1487 tuas
588 1449 702 1487 sinas
740 1449 785 1486 in
830 1448 965 1486 lucem
1008 1447 1130 1485 exire.
1203 1447 1351 1484 Patere
1392 1445 1468 1483 hoc
1506 1443 1702 1482 vtilitatis

108 1506 310 1554 studiosis
348 1515 551 1554 bonarum
588 1514 822 1552 litterarum
856 1514 1055 1560 accedere,
1092 1514 1230 1562 patere
1262 1511 1340 1550 hoc
1373 1510 1529 1548 decoris
1563 1511 1704 1547 nostre

107 1580 280 1630 adiungi
301 1580 568 1619 Germaniae:
599 1580 664 1618 cui
682 1579 768 1617 iam
794 1591 907 1616 nunc
927 1578 1197 1616 notissimum
1216 1578 1280 1614 est
1303 1575 1415 1614 Zasii
1442 1587 1606 1622 nomen,
1630 1574 1701 1612 sed

109 1645 286 1696 dignum
315 1645 423 1696 quod
452 1645 648 1684 vniuerso
680 1644 914 1682 innotescat
946 1643 1046 1690 orbi,
1083 1641 1318 1692 posteritati
1351 1654 1513 1691 quoque
1546 1639 1704 1678 celebre

109 1710 408 1761 plausibileque
440 1711 641 1749 futurum.
701 1710 870 1749 Caetera
907 1722 1012 1759 quae
1049 1709 1099 1746 ad
1139 1707 1247 1745 hanc
1286 1720 1375 1745 rem
1408 1706 1621 1756 pertinent
1653 1718 1703 1743 ex
1718 1718 1762 1749 45

110 1775 326 1814 Bonifacio
362 1776 677 1819 Amorbacchio,
716 1775 867 1814 iuuene
911 1774 1105 1812 omnibus
1150 1773 1273 1812 rebus
1310 1772 1471 1811 affatim
1507 1770 1703 1820 expolito,

109 1853 342 1891 cognosces.
401 1841 605 1880 Nostrum
623 1840 803 1879 officium
823 1839 957 1878 sicubi
978 1838 1303 1889 desyderabitur,
1326 1838 1384 1876 ita
1403 1836 1705 1887 praestabimus

111 1908 158 1944 vt
184 1919 261 1944 nos
287 1920 336 1945 ex
359 1907 502 1945 animo
527 1909 623 1945 tuos
647 1919 737 1944 esse
758 1905 980 1954 intelligas
1042 1905 1156 1942 Bene
1176 1904 1277 1951 vale,
1302 1902 1542 1942 doctissime
1565 1901 1706 1939 doctor

110 1973 152 2010 et
172 1971 302 2009 amice
320 1971 668 2022 incomparabilis.

167 2035 367 2074 Basileae.
388 2050 445 2074 xr.
471 2037 556 2076 Cal.
580 2037 787 2087 Septemb.
810 2038 950 2076 Anno.
975 2048 1194 2074 M.D.XV111.
1724 2044 1765 2075 50

167 2100 409 2140 Clarissimo
438 2102 543 2140 iuris
568 2102 795 2151 professori
822 2102 871 2141 D.
892 2101 1117 2140 Vdalricho
1144 2100 1275 2147 Zasio,
1301 2099 1433 2137 amico
1460 2110 1504 2136 ac
1531 2098 1704 2146 patrono

113 2165 441 2216 incomparabili.
501 2167 705 2216 Friburgi.

595 2302 690 2342 860.
749 2301 814 2342 To
845 2301 1037 2342 ANTONY
1069 2300 1224 2342 Prccr

161 2370 323 2415 Farrago
341 2381 378 2414 p.
402 2379 477 2413 117.
1432 2365 1555 2401 Basle.

162 2427 200 2464 F.
219 2440 256 2474 p.
275 2438 367 2472 271:
394 2426 486 2463 HN:
512 2428 629 2465 Lond.
647 2440 679 2464 v.
698 2429 766 2464 26:
794 2427 867 2464 LB.
885 2437 965 2472 331.
1328 2426 1373 2460 26
1389 2424 1538 2470 August
1558 2424 1657 2468 1518.

158 2508 250 2550 [The
265 2507 348 2539 date
362 2509 392 2538 is
408 2508 531 2548 amply
545 2508 740 2539 confirmed
755 2508 802 2547 by
817 2507 900 2538 that
915 2506 954 2537 of
968 2506 1030 2537 the
1047 2506 1156 2545 Brief,
1174 2505 1238 2546 Ep.
1259 2506 1333 2543 864.

157 2552 305 2591 Antony
319 2551 425 2583 Pucci
439 2556 481 2591 (c.
499 2560 541 2582 10
551 2552 626 2583 Oct.
642 2553 724 2590 1484
736 2569 779 2574 —
791 2562 818 2582 c.
833 2559 873 2589 14
886 2551 960 2582 Oct.
977 2551 1075 2589 1544)
1090 2559 1162 2580 was
1174 2559 1195 2580 a
1206 2550 1358 2589 nephew
1370 2548 1408 2579 of
1420 2547 1482 2578 the
1496 2545 1701 2577 influentia!

116 2595 270 2626 Lorenzo
301 2594 408 2626 Pucci
435 2596 480 2637 (c.
512 2597 602 2636 Aug.
631 2596 712 2634 1458
740 2614 781 2617 —
809 2604 836 2625 c.
866 2594 905 2624 16
930 2594 1026 2633 Sept.
1050 2594 1146 2633 1531)
1175 2593 1257 2623 who
1285 2592 1357 2623 had
1388 2593 1477 2622 been
1507 2589 1637 2628 datary
1667 2591 1703 2619 to

160 2713 213 2743 23.
237 2703 332 2743 Quae
350 2727 357 2735 .
379 2727 386 2734 .
406 2728 414 2735 .
433 2705 484 2735 28.
504 2705 582 2735 Iam
599 2707 673 2735 add.
691 2706 725 2738 β.
901 2714 955 2743 31.
981 2704 1096 2734 Deum
1114 2727 1121 2734 .
1142 2727 1149 2734 .
1170 2727 1177 2734 .
1197 2712 1250 2741 33.
1269 2701 1510 2734 confabulatio
1525 2701 1567 2734 B:
1592 2709 1706 2730 sermo

118 2757 192 2779 non
208 2747 408 2786 accersitus,
428 2757 501 2778 non
519 2748 705 2779 affectatus
719 2760 748 2779 a.
908 2748 962 2786 36.
988 2749 1181 2786 quicquam
1196 2749 1270 2777 add.
1289 2748 1324 2780 β.
1478 2754 1530 2782 40.
1557 2743 1704 2774 tandem

116 2789 395 2831 expolitissimas
409 2793 484 2822 add.
499 2793 532 2825 β.
625 2801 677 2830 42.
705 2792 868 2823 accedere
884 2794 957 2823 (aad.
974 2794 1011 2821 D.
1099 2792 1222 2830 patere
1238 2792 1285 2820 D:
1309 2790 1410 2828 pater
1427 2802 1456 2820 α.
1554 2796 1605 2825 43.
1633 2787 1705 2816 iam

117 2845 175 2866 om.
192 2837 231 2865 D.
350 2837 379 2865 D
393 2845 401 2865 ε
425 2835 633 2866 notissimus
649 2849 678 2874 α,
696 2837 944 2873 quandoquidem
955 2838 1049 2871 prius
1064 2833 1188 2864 Zasius
1196 2843 1254 2870 pro
1271 2833 1364 2863 Zasii
1381 2841 1514 2863 nomen
1529 2833 1703 2868 scripserat.

116 2879 169 2916 46.
201 2877 460 2909 Amorbacchio
485 2901 493 2909 .
524 2901 531 2908 .
558 2901 567 2910 .
597 2879 751 2918 expolito
767 2881 840 2909 add.
858 2881 886 2908 D
913 2877 1166 2918 (Amorbachio
1190 2876 1244 2915 F).
1383 2884 1434 2914 50.
1467 2884 1505 2905 xr
1530 2885 1570 2906 a:
1603 2871 1706 2904 xD1:

117 2922 254 2953 decimo
269 2920 321 2952 ΒΞ.
413 2922 532 2953 Α11110.
548 2931 715 2953 11.1).ΧνΠ1
729 2924 802 2953 add.
819 2924 858 2952 D.
957 2930 1009 2960 51.
1033 2920 1241 2951 Clarissimo
1259 2943 1267 2950 .
1286 2943 1293 2950 .
1314 2943 1321 2950 .
1338 2928 1390 2958 52.
1411 2918 1574 2958 Friburgi
1591 2927 1649 2948 om.
1666 2919 1704 2947 D.

610 3030 661 3057 41.
684 3018 964 3060 lucubrationes]
983 3018 1034 3050 cf.
1054 3019 1117 3057 Ep.
1133 3019 1207 3048 862.
