2034 3433
151 135 242 189 770]
550 137 702 177 FROM
742 138 986 178 FRANCIS
1024 137 1331 178 AsULANUs
1655 141 1734 179 213

147 239 254 289 apud
274 239 403 279 Italos
423 241 584 279 illustre
608 240 799 290 reddidit,
822 243 863 280 et
889 243 1073 281 accurate
1100 256 1263 293 operam
1284 242 1397 281 dedit
1416 246 1462 281 vt
1482 243 1736 292 optimarum

147 303 462 354 disciplinarum
482 305 658 344 cultores
684 305 945 355 diligentiam
972 306 1016 345 in
1042 308 1367 356 recognoscenda
1386 310 1591 346 vetustate
1611 309 1736 346 admi-

147 371 337 408 rarentur
364 372 490 417 tuam,
522 373 563 409 et
592 370 822 409 doctissimi
853 384 998 410 omnes
1024 372 1323 411 authoritatem
1351 372 1499 411 multis
1530 372 1737 411 ornatissi-
1758 384 1796 415 15

148 433 310 484 misque
342 434 505 473 iudiciis
536 435 850 485 amplificarent.
923 435 1007 474 Nec
1039 449 1136 475 vero
1169 437 1294 476 homo
1332 436 1662 487 sapientissimus
1695 437 1736 476 id

147 499 371 539 domestico
405 500 500 539 vsui
533 502 574 538 et
604 513 790 538 summae
823 500 1146 551 beneuolentiae,
1179 514 1258 552 qua
1288 515 1383 540 cum
1414 515 1461 540 eo
1491 502 1739 541 coniunctus

145 577 247 612 eras,
273 565 404 614 dabat,
431 565 502 604 sed
528 565 767 611 industriae,
796 565 945 613 studio,
973 565 1107 604 literis
1131 566 1227 615 tuis,
1250 566 1403 616 quibus
1432 567 1624 606 omnibus
1653 580 1737 606 non

149 629 291 668 minus
325 630 513 680 sperabat
545 632 585 668 te
618 630 840 680 aliquando
875 631 988 669 laudi
1018 631 1105 670 fore
1144 632 1289 670 Italiae
1327 645 1453 683 quam
1492 632 1739 671 Germaniae

149 695 245 732 tuae
265 697 305 734 et
330 695 502 745 reliquis
521 695 748 744 prouinciis
768 695 1017 734 Christianis
1044 699 1289 735 ornamento
1308 699 1349 735 et
1369 697 1592 747 splendori.
1655 697 1739 736 Nec
1760 711 1799 733 20

149 772 247 797 sane
279 761 462 799 multum
497 761 569 799 ille
601 763 866 811 praesumpta
898 762 964 799 vel
1002 775 1072 811 spe
1103 762 1169 800 vel
1204 763 1398 812 opinione
1437 763 1630 813 deceptus
1663 765 1736 801 est.

150 824 257 864 Nam
284 828 330 864 vt
354 826 635 865 immortalem
661 827 850 865 omittam
877 827 1051 876 gloriam
1079 841 1203 877 quam
1230 828 1338 877 apud
1367 830 1526 868 exteras
1554 829 1741 867 nationes

149 894 393 930 consecutus
418 905 473 940 es,
497 905 621 930 nemo
645 892 754 941 apud
780 904 858 930 nos
882 892 1088 942 ingenuus
1115 894 1157 930 et
1176 892 1400 931 liberaliter
1419 894 1616 932 educatus
1634 894 1741 932 viuit

149 956 215 993 cui
236 969 321 995 non
341 970 584 1006 persuasum
611 957 664 995 sit
692 957 744 996 ad
771 956 938 995 laudem
957 958 1145 996 veterum
1164 957 1380 996 literarum
1404 959 1674 1007 reparandam
1699 960 1739 997 et

148 1021 285 1059 studia
320 1021 595 1071 ingenuarum
633 1021 788 1059 artium
826 1021 1055 1060 reuocanda
1098 1034 1291 1072 magnam
1328 1022 1603 1061 accessionem
1641 1036 1664 1061 a
1700 1025 1739 1062 te
1760 1036 1797 1068 25

147 1085 297 1124 factam
326 1099 424 1125 esse.

202 1151 308 1190 Cum
327 1151 453 1201 igitur
472 1151 598 1190 multi
616 1151 694 1189 hoc
714 1151 882 1189 nomine
900 1151 977 1189 tibi
998 1151 1175 1189 debeant
1198 1153 1238 1190 et
1262 1153 1348 1191 toto
1367 1153 1507 1192 animo
1528 1166 1573 1192 ac
1593 1154 1739 1204 cogita-

149 1216 262 1255 tione
282 1217 527 1255 incumbant
552 1217 598 1255 in
624 1229 716 1255 eam
742 1217 950 1256 rationem
973 1229 1053 1267 qua
1079 1217 1287 1256 declarent
1311 1232 1354 1256 se
1380 1220 1608 1268 praestanti
1627 1220 1673 1258 in
1698 1222 1739 1258 te

150 1281 438 1320 beneuolentia
457 1284 498 1320 et
519 1281 661 1320 diuino
681 1281 816 1320 studio
837 1294 934 1329 esse,
957 1295 1032 1332 ego
1051 1284 1210 1331 praeter
1229 1285 1408 1321 caeteros
1428 1283 1538 1322 nihil
1556 1296 1741 1334 vnquam

149 1346 214 1385 vel
243 1346 470 1385 studiosius
498 1346 630 1385 malui
658 1346 725 1385 vel
753 1346 965 1385 ardentius
994 1346 1133 1398 optaui
1161 1361 1286 1398 quam
1313 1350 1358 1386 vt
1386 1348 1646 1399 intellegeres
1674 1362 1741 1388 me
1762 1361 1802 1393 50

150 1425 316 1450 omnem
354 1411 616 1450 voluntatem
652 1424 698 1450 ac
731 1411 1024 1461 cogitationem
1062 1413 1315 1451 conuertisse
1349 1413 1400 1452 ad
1439 1414 1610 1453 virtutis
1648 1416 1742 1452 tuae

148 1476 316 1515 laudem
346 1478 387 1515 et
420 1476 719 1526 sempiternam
752 1476 936 1515 nominis
966 1477 1261 1516 celebritatem.
1328 1477 1413 1517 Nec
1446 1478 1497 1517 ad
1530 1478 1573 1517 id
1605 1478 1743 1529 aliqua

150 1555 199 1579 ex
218 1543 335 1592 parte
361 1555 474 1580 nunc
501 1541 762 1580 efficiendum
786 1542 956 1580 aliunde
976 1542 1214 1581 facultatem
1236 1543 1357 1581 nobis
1383 1546 1597 1593 suppetere
1623 1557 1743 1594 posse

148 1607 312 1657 conieci,
348 1620 473 1658 quam
505 1607 542 1646 si
575 1607 680 1646 sacri
712 1608 756 1646 hi
791 1607 889 1646 libri
918 1608 1223 1647 characteribus
1253 1608 1407 1647 nostris
1435 1608 1560 1648 efficti
1588 1622 1739 1648 nomen

148 1677 271 1712 tuum
309 1673 587 1724 praeferentes
619 1673 935 1724 diuulgarentur
966 1676 1006 1712 et
1039 1674 1205 1724 publice
1237 1674 1401 1724 legendi
1434 1675 1738 1714 exhiberentur.
1762 1689 1800 1721 35

147 1738 280 1778 Video
313 1738 426 1777 enim
459 1752 509 1777 ex
542 1752 686 1777 eorum
718 1738 895 1777 lectione
928 1739 1142 1778 hominem
1173 1739 1459 1778 Christianum
1493 1753 1577 1778 non
1607 1740 1742 1778 solum

149 1804 271 1843 rectis
299 1804 526 1855 praeceptis
552 1804 773 1843 informari
798 1817 928 1854 posse,
953 1804 1226 1843 verumetiam
1252 1804 1412 1843 aditum
1441 1806 1742 1854 praestructum

148 1869 297 1908 habere
327 1882 375 1908 eo
407 1869 679 1918 perueniendi
707 1869 815 1907 vnde
849 1869 1039 1908 omnium
1067 1869 1274 1908 virtutum
1304 1869 1425 1908 decus
1452 1883 1549 1908 cum
1579 1869 1743 1908 eximiis

150 1934 260 1973 vitae
296 1933 553 1972 ornamentis
590 1934 841 1984 optimisque
879 1934 1087 1972 humanae
1123 1933 1334 1972 felicitatis
1377 1934 1614 1984 insignibus
1651 1946 1743 1972 con-

150 1999 306 2048 iungat.
367 1998 475 2036 Sunt
495 2001 635 2037 autem
660 1999 947 2038 commentarii
974 2012 1076 2048 quos
1100 1998 1228 2049 primi
1253 1998 1319 2036 illi
1347 1998 1481 2037 diuini
1507 1999 1738 2048 scriptores,
1759 2016 1801 2047 40

152 2063 400 2111 Matthaeus,
430 2062 620 2111 Ioannes,
652 2064 795 2112 Lucas,
828 2064 1003 2111 Marcus,
1033 2063 1082 2101 de
1110 2063 1309 2112 moribus,
1338 2063 1469 2111 dictis,
1499 2063 1628 2111 factis,
1656 2063 1743 2101 vita

152 2127 322 2176 Christi,
342 2127 552 2177 religionis
571 2131 734 2166 nostrae
760 2128 988 2167 conditoris
1014 2131 1054 2167 et
1080 2128 1225 2167 salutis
1243 2141 1288 2166 ac
1313 2128 1518 2168 libertatis
1544 2127 1740 2174 authoris,

152 2193 427 2232 confecerunt.
500 2191 591 2231 Hos
631 2192 803 2231 historia
846 2194 1113 2243 consequitur
1156 2206 1236 2242 qua
1279 2193 1509 2242 explicatur
1549 2192 1741 2242 quicquid

151 2265 337 2308 vnquam
362 2257 568 2307 praeclare
590 2259 755 2308 gestum
781 2260 842 2296 est
868 2258 919 2296 ab
946 2257 1206 2296 auditoribus
1232 2259 1273 2296 et
1296 2258 1481 2296 alumnis
1505 2257 1744 2307 disciplinae

151 2323 336 2362 eiusdem
367 2322 535 2370 Christi,
568 2325 611 2361 et
643 2322 837 2373 epistolae
868 2323 1024 2361 multae
1061 2336 1165 2372 quas
1197 2335 1293 2360 cum
1327 2322 1399 2361 alii
1436 2322 1587 2371 pietate
1620 2325 1743 2372 atque
1760 2342 1801 2372 45

151 2388 413 2427 sanctissima
441 2387 641 2438 religione
669 2388 855 2427 illustres
886 2389 967 2427 viri
999 2390 1091 2426 tum
1123 2388 1249 2425 iidem
1282 2387 1442 2425 alumni
1475 2387 1527 2426 ad
1560 2387 1744 2426 diuersas

151 2453 341 2492 nationes
359 2452 624 2503 scripserunt,
645 2454 690 2491 vt
710 2452 867 2492 Christi
885 2465 1037 2491 nomen
1057 2452 1148 2490 orbi
1165 2454 1368 2490 terrarum
1391 2453 1463 2490 aut
1482 2451 1741 2502 incognitum

151 2520 224 2557 aut
249 2518 435 2556 inuisum
461 2517 725 2566 declararent,
749 2517 1088 2556 commendatum
1113 2517 1302 2565 facerent,
1326 2519 1366 2555 et
1391 2517 1442 2555 ad
1468 2517 1556 2555 eius
1582 2517 1740 2556 cultum

152 2583 310 2621 omneis
328 2582 566 2621 excitarent.

206 2646 352 2697 Itaque
377 2647 414 2685 si
439 2647 643 2686 librorum
671 2647 797 2686 Marci
815 2647 1014 2686 Varronis
1038 2647 1253 2698 praecipua
1270 2647 1343 2685 illa
1361 2646 1488 2684 fuerit
1507 2645 1608 2693 laus,
1632 2647 1739 2696 quod
1759 2667 1800 2699 50

153 2711 348 2760 Quiriteis
381 2711 427 2749 in
458 2724 532 2750 sua
566 2712 667 2750 vrbe
704 2712 1037 2762 peregrinanteis,
1072 2711 1273 2750 erranteis
1309 2713 1507 2761 tanquam
1545 2711 1738 2760 hospites,

153 2776 326 2815 domum
341 2776 596 2825 deduxerint,
612 2778 659 2815 vt
677 2779 845 2827 possent
865 2777 1085 2827 aliquando
1105 2776 1176 2826 qui
1195 2778 1236 2814 et
1254 2776 1327 2814 vbi
1345 2778 1481 2814 essent
1500 2789 1740 2825 agnoscere,

152 2841 259 2890 quod
280 2854 490 2879 sacrorum
508 2841 607 2889 iura,
633 2843 741 2891 quod
766 2843 1042 2890 sacerdotum,
1062 2841 1171 2892 quod
1191 2841 1460 2879 domesticam
1485 2843 1526 2879 et
1548 2841 1740 2880 bellicam

406 2986 458 3016 51.
483 2978 522 3007 in
539 2986 602 3008 sua
618 3000 625 3008 .
646 3001 654 3008 .
674 3000 682 3008 .
701 2987 754 3017 55.
773 2975 995 3017 aperuerint]
1012 2977 1065 3008 Cf.
1082 2977 1151 3008 Cic.
1174 2979 1278 3008 Acad.
1293 2979 1376 3008 Post.
1399 2986 1426 3007 1.
1445 2986 1476 3016 3.
1493 2986 1525 3017 9.
