2034 3433
297 128 377 166 318
760 125 1014 164 LETTERS
1053 124 1123 162 OF
1160 123 1428 162 ERASMUS
1768 120 1897 175 [1518

219 249 279 271 210
296 233 424 283 igitur
456 231 562 269 illud
592 243 643 268 ex
671 228 933 278 Apocalypsi,
966 229 985 264 ὁ
1015 227 1073 274 ὢν,
1106 227 1126 264 ὁ
1155 226 1211 275 ἦν,
1245 226 1305 264 καὶ
1333 228 1353 264 ὁ
1383 227 1603 276 ἐρχόμενος;
1642 240 1746 276 quae
1773 227 1900 266 verba

297 297 447 335 Ioanni
466 296 721 343 tribuuntur,
743 307 796 331 ne
815 291 915 343 quid
936 291 1154 330 cauilletur
1177 291 1228 329 de
1247 291 1489 341 interprete.
1546 291 1707 330 Rursus
1726 305 1748 330 e
1768 292 1900 341 poetis

296 361 413 407 illud,
438 359 674 399 Dimidium
693 357 791 397 facti
812 357 881 408 qui
902 356 1037 407 coepit
1056 356 1192 395 habet.

353 429 412 464 28.
447 426 691 474 Quanquam
711 422 883 461 interim
903 421 1062 460 oblitus
1086 422 1151 459 est
1175 420 1415 471 Augustino
1434 420 1515 459 dici
1541 421 1718 460 maiores
1741 421 1898 471 priscos

295 491 530 539 scriptores,
562 488 759 527 videlicet
789 487 1002 535 Plautum,
1038 485 1282 534 Salustium,
1318 486 1555 525 Ciceronem
1589 485 1774 536 aliosque
1807 499 1898 525 con-

217 566 275 598 215
294 555 481 602 similes3
518 555 641 604 atque
670 554 721 592 ab
746 554 900 591 horum
933 552 1156 591 autoritate
1185 552 1365 602 pendere
1397 552 1601 590 sermonis
1634 552 1895 602 elegantiam,

294 634 380 659 non
410 633 434 658 a
465 619 623 670 Spiritu
655 621 810 657 sancto.
871 617 1005 667 Atqui
1038 618 1089 657 ad
1121 617 1228 657 hanc
1262 617 1529 656 autoritatem
1560 630 1644 656 non
1677 617 1899 668 respondet
1961 670 1964 671 ⁷

295 684 547 734 apostolicus
567 697 715 723 sermo.

350 763 411 799 29.
442 750 500 789 Vt
515 763 566 788 ne
575 750 710 788 dicam
726 749 906 798 interim,
923 749 1032 800 quod
1048 748 1316 798 Augustinus
1332 761 1382 786 ex
1398 748 1525 786 Fabio
1538 751 1754 798 sumptum
1768 749 1897 796 docet,

293 816 493 855 orationis
529 817 629 855 treis
667 829 755 854 esse
792 816 981 863 virtutes,
1018 817 1064 853 vt
1101 814 1254 862 doceat,
1292 813 1467 852 delectet
1505 828 1550 853 30
1584 814 1733 863 flectat,
1771 814 1813 853 id
1848 814 1899 853 ad

215 894 276 916 220
294 882 497 921 Thomam
531 884 720 920 autorem
755 882 890 920 refert.
951 881 1053 929 Quis
1087 883 1227 919 autem
1265 883 1387 929 neget
1426 880 1504 918 hoc
1541 880 1742 930 praestari
1779 893 1900 930 posse

294 961 318 986 a
351 947 511 997 Spiritu
541 949 694 996 sancto,
728 960 823 985 cum
856 947 934 985 iste
968 946 1057 985 sine
1091 946 1248 997 Spiritu
1280 948 1422 986 sancto
1454 947 1669 997 tantopere
1700 946 1900 993 delectet3

294 1013 392 1052 licet
411 1026 485 1051 nec
506 1013 653 1051 docens
672 1026 747 1051 nec
765 1012 945 1062 flectens,
967 1011 1051 1051 nisi
1069 1011 1120 1050 ad
1141 1011 1306 1050 risum?

352 1091 413 1127 30.
447 1078 665 1116 Praeterea
683 1078 930 1116 stultissime
954 1077 1247 1117 ratiocinatur:
1281 1077 1520 1116 ‘Hactenus
1539 1089 1611 1116 vsa
1630 1079 1693 1116 est
1714 1077 1900 1116 Ecclesia

295 1144 370 1182 hac
406 1143 710 1192 translatione;
753 1157 857 1193 quae
895 1143 931 1183 si
976 1143 1154 1191 tollitur,
1197 1143 1331 1181 caruit
1376 1143 1533 1193 Spiritu
1572 1144 1742 1182 sancto.'
1812 1143 1899 1193 Ego

216 1218 275 1250 ²²5
294 1208 481 1247 vicissim
501 1208 720 1260 colligam:
749 1209 999 1248 Ambrosius
1028 1208 1161 1247 caruit
1187 1209 1264 1247 hac
1288 1209 1586 1257 translatione;
1615 1208 1747 1247 caruit
1773 1208 1901 1259 igitur

295 1274 452 1325 Spiritu
472 1277 628 1314 sanct-o.

351 1354 411 1389 31.
443 1341 538 1380 Imo
564 1341 643 1380 hoc
671 1340 837 1380 vberius
865 1342 1023 1380 donum
1055 1341 1234 1391 Spiritus
1267 1341 1432 1389 accedit,
1459 1353 1541 1390 quo
1569 1341 1664 1390 plus
1693 1340 1899 1380 bonarum

295 1419 435 1444 rerum
460 1407 615 1445 accedit
633 1407 855 1445 Ecclesiae.
915 1406 1028 1445 Olim
1048 1406 1180 1446 literis
1206 1409 1328 1457 atque
1358 1406 1604 1456 eloquentia,
1629 1406 1730 1445 olim
1751 1406 1899 1456 opibus

295 1485 340 1510 ac
369 1471 526 1509 ditione
558 1472 718 1510 carebat
746 1471 941 1510 Ecclesia.
1005 1472 1125 1510 Nunc
1160 1474 1433 1518 accesserunt,
1463 1474 1506 1510 at
1537 1485 1622 1523 non
1656 1472 1746 1511 ideo
1779 1484 1897 1510 suam

215 1551 276 1583 230
295 1549 491 1587 sponsam
511 1536 693 1575 deseruit
713 1537 916 1576 Christus.

352 1615 416 1651 32.
446 1602 491 1640 Is
527 1615 662 1640 sermo
700 1602 937 1641 rusticanus
973 1616 1017 1642 ac
1056 1602 1246 1653 simplex,
1280 1616 1360 1653 quo
1398 1602 1600 1641 traditum
1634 1604 1696 1641 est
1729 1601 1897 1642 Nouum

295 1667 612 1706 Testamentum
651 1668 701 1706 ab
743 1669 967 1717 Apostolis,
1011 1668 1282 1707 conueniebat
1324 1668 1409 1706 illis
1455 1667 1713 1717 temporibus
1730 1682 1740 1715 ;
1784 1681 1896 1706 nunc

293 1732 481 1771 fortassis
501 1733 666 1783 expedit
686 1735 732 1771 vt
750 1734 945 1772 nitidiore
965 1735 1163 1782 tradatur,
1190 1733 1312 1772 modo
1332 1733 1525 1782 simplici.

351 1811 411 1847 33.
444 1799 585 1848 Atque
623 1799 791 1837 interim
835 1802 923 1839 tota
961 1801 1039 1839 hac
1080 1799 1439 1849 argumentatione
1479 1799 1753 1847 soloecismos,
1794 1813 1898 1851 quos

214 1877 273 1909 235
293 1864 497 1903 habemus
527 1864 570 1903 in
603 1864 722 1903 Nouo
754 1865 1019 1904 Testamento
1053 1865 1215 1913 LatinO,
1251 1866 1376 1915 atque
1412 1865 1539 1903 etiam
1578 1864 1760 1913 mendas,
1796 1878 1897 1915 quas

295 1942 379 1968 non
409 1941 556 1979 paucas
584 1929 704 1968 istius
732 1930 892 1969 sodales
920 1931 1185 1979 inuexerunt,
1207 1931 1258 1970 ad
1288 1943 1451 1969 sacrum
1477 1930 1682 1980 SpirItum
1706 1932 1895 1969 autorem

294 1995 416 2033 refert
433 2010 442 2043 ;
471 1995 541 2033 sed
562 1995 935 2045 impudentissime,
959 2010 1054 2035 cum
1074 1996 1117 2034 id
1137 2009 1212 2034 nec
1232 1996 1278 2034 in
1298 1995 1515 2045 Apostolis
1535 1995 1625 2034 fieri
1645 1996 1877 2035 conueniat.

349 2073 412 2108 34.
450 2059 667 2099 Postremo
715 2060 960 2111 syllogismo
1007 2061 1229 2112 plusquam
1276 2060 1532 2111 Chrysippeo
1576 2073 1663 2099 rem
1705 2061 1895 2100 conficit:

298 2125 567 2176 ‘Eloquentia
602 2126 756 2176 pendet
794 2126 845 2165 ab
878 2127 1128 2175 autorItate3
1168 2141 1252 2165 non
1292 2129 1354 2165 est
1392 2127 1520 2177 igitur
1558 2127 1746 2165 scientia.
1817 2126 1895 2166 Sed

215 2205 276 2236 240
294 2193 437 2230 vtrum
474 2191 525 2230 ab
562 2192 784 2231 autoritate
825 2192 1037 2231 minorum
1081 2206 1134 2232 an
1173 2193 1414 2231 maiorum?
1490 2192 1584 2230 Non
1621 2205 1645 2231 a
1681 2193 1894 2231 minorum

293 2258 539 2305 autoritate;
578 2257 708 2307 igitur
740 2271 764 2296 a
798 2258 1019 2297 maiorum.
1080 2259 1160 2298 Sed
1195 2271 1319 2297 nemo
1359 2258 1491 2297 maior
1529 2258 1687 2308 Spiritu
1725 2260 1892 2305 sancto;

293 2321 421 2372 igItur
448 2335 534 2360 non
562 2321 657 2360 licet
684 2322 842 2372 aliquid
868 2323 1067 2363 innouare
1094 2324 1139 2362 in
1167 2323 1286 2362 Nouo
1308 2322 1605 2363 'Testamenta'
1671 2323 1773 2372 Quis
1793 2323 1894 2362 haec

292 2386 432 2436 legens
451 2400 535 2426 non
555 2387 642 2426 risu
663 2387 855 2428 diffluat?

349 2462 416 2500 35.
444 2452 511 2491 Ad
541 2452 638 2491 haec
669 2453 949 2493 calumniatur
983 2454 1091 2504 quod
1124 2454 1168 2493 in
1197 2454 1373 2505 epistola
1402 2454 1579 2505 quadam
1608 2454 1659 2493 ad
1690 2453 1893 2504 Dorpium

216 2532 275 2564 245
293 2516 416 2555 doceo
435 2517 675 2567 proceribus
690 2518 973 2558 ecclesiasticis
993 2519 1138 2558 maiori
1159 2532 1280 2558 curae
1300 2519 1427 2558 fuisse
1447 2520 1638 2569 peritiam
1653 2519 1892 2569 linguarum

294 2595 420 2630 quam
438 2582 679 2632 sophistices
699 2586 770 2622 aut
794 2584 1082 2623 Aristotelicae
1108 2585 1397 2635 philosophiae
1416 2599 1425 2633 3
1455 2598 1551 2623 cum
1570 2585 1822 2623 nominatim
1842 2584 1892 2623 de

292 2646 450 2697 linguis
469 2647 656 2686 cauerint
673 2650 871 2698 tanquam
893 2650 1064 2688 omnino
1084 2650 1338 2698 necessariis,
1359 2651 1409 2688 de
1429 2650 1654 2700 sophistica
1672 2653 1742 2689 aut
1761 2649 1894 2699 philo·
1949 2685 1952 2688 .

294 2712 438 2761 sophia
466 2725 550 2751 non
575 2712 704 2752 item:
733 2714 818 2752 imo
842 2714 888 2752 in
917 2714 1102 2753 Decretis
1126 2715 1172 2753 in
1193 2715 1367 2753 dubium
1388 2718 1568 2763 vocetur,
1594 2714 1758 2765 magnis
1778 2716 1891 2754 auto-

833 2819 907 2842 222.
934 2812 1005 2842 nisi
1022 2811 1067 2842 ad
1084 2812 1198 2842 risum
1216 2814 1290 2842 adri.
1311 2815 1346 2842 F.

339 2904 411 2927 210.
435 2895 667 2937 Apocalypsi]
683 2908 713 2937 4.
729 2898 761 2929 8.
1218 2897 1343 2939 Fabio]
1372 2902 1449 2931 Inst.
1476 2910 1506 2939 3.
1529 2908 1560 2939 5.
1585 2909 1630 2940 23
1663 2900 1727 2931 but
1751 2899 1890 2940 Augus-

339 2947 377 2967 21
387 2948 412 2969 1.
439 2948 457 2968 0
474 2940 601 2981 poetis]
619 2940 707 2972 Hor.
722 2943 803 2979 Epp.
821 2949 850 2973 1.
866 2951 897 2973 2.
914 2951 967 2980 40.
1126 2941 1233 2972 tine’s
1245 2943 1430 2981 quotation
1444 2944 1475 2974 is
1488 2944 1580 2974 from
1591 2943 1662 2976 Cic.
1675 2946 1758 2974 Orat.
1771 2952 1823 2975 21.
1833 2944 1886 2982 69.

339 2981 1053 3026 218.Augustinus]Doctr.Christ.4.12.27.
1170 2995 1246 3024 244.
1273 2986 1438 3027 epistola]
1456 2987 1519 3027 Ep.
1536 2996 1609 3026 337.
1626 2987 1691 3026 685
1707 2995 1779 3025 seq.
