2034 3433
286 159 364 197 454
749 155 1000 196 LETTERS
1038 155 1107 193 OF
1144 154 1409 194 ERASMUS
1749 151 1789 206 [1
1798 164 1820 202 5
1830 165 1844 190 1
1853 156 1875 190 8

285 276 351 301 me
372 277 424 301 ne
443 262 655 302 tantulum
674 259 844 310 quidem
862 258 991 297 fuisse
1011 259 1269 296 commotum
1286 271 1295 305 ;
1324 260 1365 295 et
1385 256 1485 295 adeo
1514 269 1596 295 non
1621 256 1748 295 fuisse
1773 270 1880 296 com·

284 331 447 367 motum
480 331 525 366 vt
556 328 709 366 amicos
742 324 940 375 quosdam
975 324 1214 370 Germanos,
1251 322 1294 360 id
1329 335 1414 360 non
1448 321 1550 359 satis
1578 334 1710 371 aequo
1737 322 1878 361 animo

284 394 472 438 ferentes⁷
495 391 655 430 riserim
685 389 822 428 verius
856 402 981 438 quam
1013 387 1224 437 placarim.
1287 387 1493 435 Quorsum
1529 386 1658 435 igitur
1695 386 1877 425 attinent

284 457 357 496 illa
388 458 503 507 θερμὰ
532 456 591 494 ικαὶ
619 455 804 504 φοβεράί)
863 453 1007 492 ‘Itane
1035 466 1142 499 vero,
1172 452 1206 490 si
1235 452 1334 501 quid
1364 452 1442 490 tibi
1469 451 1730 490 familiariter
1759 453 1879 501 atque

206 538 268 569 ²30
285 522 489 561 amicitiae
504 522 593 559 iure
611 521 742 558 fretus
758 519 908 565 dixero,
929 521 974 556 tu
992 518 1038 556 in
1059 531 1126 556 me
1140 517 1402 567 eloquentiae
1416 518 1512 556 tuae
1526 517 1657 556 aciem
1672 516 1881 567 stringes?

285 590 325 626 et
345 589 391 625 vt
410 588 552 625 animo
572 584 811 634 obsequaris
827 583 1080 631 iracundulo,
1099 581 1148 622 ad
1165 582 1402 621 satietatem
1419 595 1583 621 mecum
1599 581 1880 632 delitigabis‘?⁷

285 654 522 701 caeteraque
543 664 646 701 quae
667 651 711 688 in
730 650 835 688 hanc
856 651 1087 698 sequuntur
1106 647 1367 686 sententiam.
1428 647 1473 685 Si
1486 648 1586 686 haec
1601 648 1705 686 serio
1720 646 1878 693 scribis

284 717 456 755 vbinam
476 718 537 754 est
558 717 602 754 in
622 715 788 765 scriptis
808 714 912 752 meis
931 714 1013 752 ista
1032 715 1121 752 tam
1146 713 1354 762 impotens
1380 712 1623 751 iracundia?
1650 712 1722 751 vbi
1747 712 1879 752 deliti-

284 782 394 831 gatio
407 783 428 821 ἵ)
456 782 526 821 vbi
541 794 633 820 mea
652 781 841 820 Minerua
856 779 1068 818 facundiae
1082 778 1297 829 praesidiis
1313 779 1444 817 fretus
1463 779 1662 817 aduersus
1677 778 1880 817 iustitiam

206 864 265 895 235
285 848 510 898 depugno?
567 846 643 886 Sin
675 845 796 894 ludis,
832 858 911 894 qua
949 846 1047 883 nota
1080 843 1231 882 sentiet
1269 843 1400 882 lector
1439 843 1651 894 vtriusque
1688 845 1881 882 nostrum

283 913 453 963 ignarus
486 925 572 951 esse
606 911 756 959 iocum,
779 911 824 948 in
853 923 933 960 quo
963 912 1010 948 tu
1041 911 1126 947 tam
1156 909 1260 947 scite
1287 909 1512 947 adumbras
1539 909 1878 956 stomachantem,

284 981 330 1016 vt
351 980 421 1027 qui
442 990 537 1015 vere
556 976 797 1027 indignetur
817 989 901 1013 non
920 976 1040 1024 queat
1061 974 1245 1024 seipsum
1265 973 1416 1012 melius
1435 976 1739 1023 repraesentare
1755 985 1880 1024 quam

285 1046 331 1082 tu
362 1042 568 1081 simules?
624 1042 669 1081 Si
698 1041 777 1079 tibi
805 1040 938 1090 placet
967 1039 1084 1078 lusus
1112 1039 1341 1078 Laconicus
1366 1039 1411 1077 in
1441 1039 1634 1087 amicum,
1657 1039 1730 1089 qui
1752 1051 1886 1088 vsque

285 1108 337 1146 ad
358 1108 531 1147 vulnera
550 1107 773 1157 tuberaque
794 1106 898 1144 solet
917 1105 1122 1155 progredi,
1142 1104 1336 1143 videlicet
1356 1118 1437 1155 quo
1456 1117 1525 1143 me
1544 1105 1689 1144 doceas
1707 1104 1882 1143 toleran-

208 1191 269 1222 240
286 1174 387 1213 tiam
408 1187 417 1221 ;
445 1173 541 1212 vide
567 1186 619 1210 ne
640 1172 733 1222 quis
752 1171 863 1210 istud
884 1173 1072 1209 causetur
1097 1182 1246 1220 parum
1269 1170 1568 1220 tempestiuum
1591 1169 1636 1208 in
1664 1169 1882 1208 hominem

286 1239 493 1289 aliquanto
522 1251 646 1287 quam
674 1240 720 1275 tu
749 1250 793 1275 es
819 1237 921 1275 natu
949 1235 1223 1286 grandiorem,
1251 1248 1347 1273 cum
1375 1237 1571 1274 cruentus
1599 1234 1671 1273 ille
1700 1233 1881 1284 Lycurgi

286 1304 400 1342 lusus
430 1303 696 1342 iuuentutem
730 1302 933 1340 duntaxat
966 1301 1207 1338 excerceret.
1268 1299 1360 1338 Iam
1389 1299 1620 1350 periculum
1646 1302 1710 1339 est
1735 1312 1786 1338 ne
1813 1299 1879 1338 cui

287 1369 425 1408 veniat
455 1368 501 1406 in
532 1369 718 1406 mentem
745 1368 793 1406 vt
821 1365 956 1405 simile
987 1365 1185 1415 quiddam
1213 1365 1324 1403 dicat
1356 1365 1402 1403 in
1430 1367 1470 1403 te
1500 1365 1622 1416 quale
1651 1365 1881 1404 celebratur

287 1434 476 1473 Platonis
502 1433 547 1471 in
570 1433 809 1483 Diogenem.
871 1432 916 1470 Is
940 1444 1035 1470 cum
1058 1430 1256 1470 calcasset
1283 1430 1499 1470 culcitram
1525 1430 1725 1478 Platonis,
1753 1430 1813 1469 ait
1838 1443 1880 1469 se

209 1516 268 1547 ²45
287 1499 474 1538 Platonis
507 1499 662 1537 fastum
696 1497 871 1536 calcare:
919 1497 1109 1545 ‘Calcas‚’
1144 1496 1282 1546 inquit
1320 1496 1452 1543 Plato,
1494 1496 1588 1534 ‘sed
1627 1496 1709 1535 alio
1746 1496 1882 1535 fastu?

287 1564 525 1603 Verendum
554 1563 681 1613 igitur
709 1566 771 1601 est
799 1576 851 1600 ne
886 1562 977 1612 quis
1013 1561 1353 1600 animaduertens
1380 1563 1468 1600 tam
1506 1561 1713 1600 iracundis
1749 1560 1882 1600 literis

288 1629 374 1668 tuis
406 1641 543 1666 meam
577 1627 769 1677 castigari
798 1626 1065 1672 iracundiam,
1097 1625 1178 1664 tibi
1207 1626 1316 1664 dicat
1344 1625 1516 1664 itidem:
1555 1625 1780 1676 ‘Obiurgas
1807 1625 1883 1664 ira-

289 1694 497 1742 cundiam,
547 1693 618 1732 sed
669 1693 749 1731 alia
794 1691 1031 1730 iracundia?
1103 1691 1298 1730 Ceterum
1345 1691 1435 1741 agis
1480 1691 1738 1741 iracundum,
1793 1705 1879 1731 non

288 1759 485 1798 irasceris.
543 1758 598 1797 Vt
626 1771 737 1808 agas,
757 1759 864 1796 certe
885 1756 1069 1795 nimium
1092 1756 1193 1795 scite
1217 1756 1317 1806 agis,
1341 1756 1692 1806 quemadmodum
1712 1757 1882 1796 Aiacem

212 1841 272 1874 250
289 1825 373 1874 egit
402 1824 648 1863 Lucianicus
684 1823 754 1862 ille
794 1822 956 1870 histrio,
992 1822 1065 1871 qui
1093 1822 1201 1860 inter
1238 1823 1447 1872 agendum
1486 1822 1561 1860 vni
1598 1824 1723 1873 atque
1759 1822 1886 1861 alteri

289 1892 409 1940 caput
439 1889 697 1937 comminuit,
729 1902 814 1927 non
842 1887 929 1926 sine
958 1889 1074 1925 metu
1108 1890 1373 1926 caeterorum.
1434 1886 1514 1925 Sed
1542 1887 1615 1926 ille
1642 1890 1885 1937 personatus

288 1955 440 2005 agebat,
464 1956 509 1992 tu
529 1953 642 1993 nuda
660 1954 763 1992 facie
785 1967 880 1991 cum
899 1952 1033 1991 amico
1052 1953 1156 2002 agis.
1213 1952 1332 2001 Quod
1348 1952 1384 1990 si
1398 1951 1566 1991 vultum
1580 1952 1660 1992 ista
1674 1952 1886 2004 loquentis

289 2021 361 2059 aut
383 2019 600 2059 scribentis
629 2021 812 2057 cerneret
837 2018 1001 2068 aliquis,
1022 2017 1210 2056 fortassis
1234 2017 1483 2068 intelligeret
1502 2018 1719 2057 saeuitiam
1741 2019 1882 2058 verbo-

289 2099 381 2124 rum
411 2098 545 2124 meros
574 2097 660 2123 esse
688 2085 817 2124 lusus.
880 2083 1000 2122 Nunc
1022 2083 1150 2122 lector
1178 2082 1348 2122 vultum
1375 2083 1596 2122 scribentis
1624 2097 1708 2122 non
1737 2085 1879 2133 cernit,

211 2166 227 2187 2
233 2165 270 2197 55
289 2151 479 2190 animum
499 2163 549 2188 ex
568 2149 706 2189 verbis
726 2149 930 2188 aestimat.

344 2216 423 2254 Sed
451 2216 552 2254 haec
580 2215 706 2254 alias:
740 2227 852 2254 nunc
883 2213 1079 2264 epistolae
1110 2215 1206 2252 tuae
1239 2213 1388 2252 seriem
1420 2226 1654 2264 persequar.
1726 2214 1815 2264 Ais,
1847 2216 1885 2254 si

291 2280 397 2319 mihi
426 2281 573 2320 fuisset
607 2282 829 2330 integrum,
865 2292 1087 2318 suasurum
1119 2279 1246 2318 fuisse
1278 2281 1319 2318 te
1351 2281 1398 2318 vt
1436 2279 1745 2320 dissimularem
1782 2280 1883 2332 quid

292 2345 422 2384 Faber
450 2346 495 2384 in
524 2359 591 2384 me
618 2345 876 2396 scripsisset:
904 2358 1000 2383 cum
1027 2344 1073 2382 in
1100 2344 1178 2383 hac
1207 2344 1350 2383 eadem
1377 2343 1551 2394 epistola
1578 2344 1745 2384 fatearis
1772 2347 1825 2394 te,
1847 2345 1885 2384 si

290 2424 355 2450 res
381 2425 454 2461 pro
482 2412 568 2450 tuis
594 2411 739 2450 rostris
762 2412 958 2461 ageretur,
982 2423 1067 2448 non
1093 2409 1387 2460 adempturum
1415 2409 1522 2448 mihi
1541 2410 1705 2449 dicendi
1722 2424 1797 2461 pro
1816 2424 1884 2449 me

213 2481 274 2512 260
290 2476 542 2525 facultatem,
560 2477 632 2516 sed
651 2475 884 2527 clepsydras
898 2477 1111 2524 pauciores
1125 2474 1378 2514 infusurum.
1417 2474 1510 2514 Hoc
1525 2474 1746 2515 consilium
1764 2476 1889 2527 quale

291 2540 480 2580 futurum
499 2541 634 2590 fuerit,
658 2542 702 2580 in
721 2540 955 2592 praesentia
981 2553 1067 2579 non
1095 2539 1290 2590 expendo.
1352 2539 1467 2578 Illud
1488 2540 1622 2579 habeo
1648 2541 1889 2591 compertis·

291 2606 457 2655 simum,
486 2606 668 2645 eruditos
697 2606 908 2656 quosdam,
937 2618 1070 2655 neque
1094 2605 1294 2655 postremi
1323 2604 1505 2644 nominis
1532 2605 1654 2653 viros,
1677 2605 1785 2645 lecta
1811 2606 1886 2646 illa

291 2670 415 2710 Fabri
432 2671 704 2711 insectatione
723 2671 831 2709 mihi
849 2670 1044 2709 nonnihil
1070 2669 1286 2717 timuisse3
1315 2670 1386 2720 qui
1409 2670 1537 2709 iidem
1560 2670 1723 2721 prodita
1745 2673 1890 2711 nostra

291 2735 494 2786 Apologia
512 2738 673 2775 metum
694 2749 861 2775 omnem
878 2737 1119 2786 posuerunt,
1140 2748 1337 2785 meaeque
1357 2735 1619 2774 innocentiae
1636 2739 1736 2775 sunt
1749 2738 1886 2786 gratu·

212 2800 271 2841 265
291 2800 376 2838 lati.
436 2801 620 2850 Quotum
639 2803 779 2840 autem
798 2814 987 2852 quenque
1005 2800 1197 2839 futurum
1215 2799 1344 2839 fuisse
1363 2813 1516 2849 censes,
1534 2801 1607 2851 qui
1626 2813 1731 2852 quae
1752 2801 1886 2841 Faber

931 2878 1005 2917 238.
1029 2876 1178 2908 simulas
1191 2878 1234 2907 H.

335 2948 409 2978 229.
435 2940 539 2970 Itane
555 2939 653 2980 vero]
672 2939 722 2972 Cf.
741 2940 804 2980 Ep.
820 2940 894 2971 810.
912 2941 1008 2979 61-4.
1167 2948 1241 2978 250.
1266 2938 1496 2979 Lucianicus]
1514 2942 1590 2970 Salt.
1608 2939 1660 2979 83.

337 2991 409 3020 244.
434 2982 612 3024 Platonis]
637 2983 688 3014 Cf.
714 2983 812 3023 Diog.
834 2983 952 3014 Laert.
972 2985 1002 3015 6.
1022 2993 1053 3014 2.
1165 2984 1238 3021 256.
1264 2982 1346 3023 Ais]
1363 2982 1416 3013 Cf.
1435 2983 1498 3022 Ep.
1518 2983 1593 3014 810.
1615 2992 1710 3021 70-4.

294 3026 347 3056 26.
1164 3026 1239 3065 258.
1263 3026 1423 3067 fatearis]
1440 3026 1494 3058 cf.
1511 3026 1575 3066 Ep.
1593 3026 1666 3057 810.
1684 3034 1804 3065 315-9·
