2034 3433
306 159 387 199 354
770 155 1021 195 LETTERS
1060 153 1129 192 or
1166 153 1434 193 ERASMUS
1771 152 1900 206 [1518

305 265 493 315 riamque
509 265 757 309 seruantem,
777 258 986 309 aspernati
1002 270 1149 296 sumus
1163 256 1404 295 Aristotelis
1419 255 1610 294 fallacem
1624 255 1897 306 diligentiam.

305 330 606 369 Verumtamen
626 328 702 366 etsi
722 327 781 364 ita
802 324 960 371 habeat,
983 336 1136 371 vereor,
1160 322 1333 360 Erasme
1352 321 1422 368 mi,
1445 321 1481 359 si
1500 320 1629 359 etiam
1647 321 1900 361 mutationes

245 408 284 441 35
306 396 404 435 istas
434 394 658 433 delectatus
685 389 907 441 experiaris
934 388 1054 427 aliter
1078 387 1244 426 euenire
1271 399 1394 437 quam
1417 385 1691 436 proposueris,
1713 399 1903 436 quanque

304 462 349 499 in
386 460 479 499 aliis
516 455 937 497 transmutationibus
975 452 1215 502 contigerat.
1279 452 1415 499 Quam
1453 451 1505 489 ob
1539 463 1627 489 rem
1666 451 1824 490 hortari
1860 454 1903 490 te

306 525 432 563 velim
457 526 503 563 vt
529 524 573 561 in
602 523 681 560 isto
712 535 792 571 quo
822 520 970 558 frueris
998 519 1110 558 vitae
1133 530 1280 568 genere
1306 519 1346 554 te
1373 516 1512 566 ipsum
1532 516 1756 565 contineas,
1779 518 1900 567 teque

303 590 418 627 omni
453 602 527 638 ope
557 600 638 638 qua
666 589 782 636 potes
813 598 964 633 serues,
995 583 1312 634 periculumque
1345 581 1513 620 nullum
1541 581 1733 620 mutandi
1759 582 1900 629 ineas,

303 668 354 692 ne
386 653 461 691 tibi
491 653 599 703 quod
625 651 891 691 vrinantibus
920 649 1099 688 accidere
1127 648 1231 686 solet
1260 647 1484 696 contingat,
1507 646 1579 697 qui
1607 647 1709 685 dum
1737 648 1903 697 saepius

241 740 282 769 40
301 720 352 757 ab
381 719 498 769 aquis
529 718 574 756 in
605 730 706 768 quas
736 715 942 765 intrepide
974 713 1171 760 insiliere‚
1202 712 1481 760 emersissent,
1515 712 1738 761 aliquando
1765 714 1901 751 securi

300 785 378 823 sub
393 784 511 834 aquis
528 797 659 833 quum
674 783 872 828 natarent,
892 792 1098 830 nusquam
1114 778 1261 817 exiisse
1277 778 1358 816 visi
1378 780 1487 816 sunt.
1548 779 1689 828 Atque
1703 778 1898 829 adagium

300 852 421 889 tuum
452 850 557 888 illud
587 849 630 887 in
666 848 912 886 memoriam
946 858 1125 889 reuoces,
1155 844 1216 882 Ne
1244 845 1399 882 temere
1428 843 1650 893 Abydum:
1690 844 1898 893 siquidem

300 913 531 951 mutatione
561 925 661 961 quae
690 911 738 948 fit
765 913 836 949 aut
863 910 911 947 de
935 909 1022 947 vita
1048 908 1099 946 ad
1120 909 1299 945 mortem
1318 907 1390 945 aut
1410 906 1459 944 de
1478 906 1612 944 forma
1635 907 1681 944 in
1707 906 1895 955 formam,

298 978 637 1028 periculosiorem
655 977 776 1015 video
797 988 888 1013 esse
908 974 1082 1012 nullam.

354 1042 465 1082 Hinc
495 1046 645 1090 autem,
679 1042 787 1092 quod
816 1041 975 1091 gratius
1003 1053 1026 1077 a
1055 1038 1175 1077 nobis
1204 1037 1358 1085 audias,
1388 1051 1441 1075 ne
1470 1038 1690 1088 quicquam
1719 1038 1902 1077 scribere

298 1108 496 1147 valemus.
557 1108 732 1157 Nanque
761 1107 921 1156 praeter
949 1104 1132 1143 literaria
1160 1115 1333 1141 munera
1362 1101 1481 1140 nulla
1514 1115 1579 1141 res
1611 1105 1675 1140 est
1708 1116 1813 1152 quae
1845 1103 1896 1142 ad

298 1177 338 1213 te
368 1175 576 1224 pertinere
608 1174 808 1211 videatur.
868 1172 1032 1210 Literae
1065 1182 1163 1207 vero
1196 1169 1309 1218 ipsae
1343 1168 1496 1218 vbique
1523 1169 1713 1218 gentium
1741 1168 1896 1218 frigent

297 1240 550 1289 horrentque
570 1242 616 1277 vt
638 1239 807 1277 iamiam
827 1237 1082 1275 interiturae.
1143 1234 1284 1283 Magni
1308 1234 1423 1271 enim
1442 1234 1607 1272 sonitus
1626 1234 1893 1272 Turcicorum

298 1318 509 1343 armorum
537 1305 583 1342 in
608 1304 730 1342 Italia
749 1302 988 1350 audiuntur,
1012 1300 1084 1350 qui
1110 1301 1150 1338 et
1173 1299 1219 1336 in
1245 1299 1439 1348 Aegypto
1462 1301 1504 1336 et
1528 1299 1648 1348 Syria
1666 1302 1707 1338 et
1726 1300 1903 1339 Perside>

235 1389 278 1420 50
296 1371 437 1409 excusi
471 1373 599 1409 sunt:
641 1382 720 1419 qua
757 1382 831 1418 pro
865 1381 908 1405 re
946 1366 1087 1404 Musae
1121 1366 1356 1403 metuentes
1394 1364 1510 1413 (sunt
1547 1365 1661 1403 enim
1699 1368 1745 1404 vt
1782 1366 1895 1404 nosti

298 1437 478 1475 nudulae
497 1435 673 1486 puellae)
692 1434 910 1473 interitum
937 1433 1119 1482 cogitant
1138 1445 1149 1478 3
1177 1444 1273 1470 cum
1299 1431 1451 1480 quibus
1471 1443 1636 1470 casuras
1655 1445 1745 1471 esse
1764 1433 1894 1472 etiam

296 1501 440 1540 literas
467 1514 610 1539 omnes
638 1513 855 1538 necessum
879 1501 953 1537 est.
1013 1496 1093 1536 Sed
1119 1499 1262 1535 tamen
1290 1498 1338 1534 vt
1364 1497 1591 1535 mutiamus
1614 1497 1762 1547 aliqua,
1788 1498 1894 1537 scias

296 1567 342 1605 in
371 1569 517 1605 senatu
546 1567 707 1605 Veneto
737 1565 945 1604 sancitum
974 1576 1064 1601 esse
1093 1564 1217 1611 atque
1244 1562 1371 1600 etiam
1394 1564 1611 1611 praeconio
1633 1562 1893 1612 publicatum

296 1630 535 1680 eligendum
575 1644 664 1669 esse
702 1641 979 1668 successorem
1016 1627 1153 1666 Marco
1187 1627 1368 1674 Musuro,
1404 1627 1475 1677 qui
1511 1627 1676 1676 publice
1715 1628 1893 1668 Graecas

237 1710 276 1742 55
296 1695 436 1735 literas
469 1696 678 1734 auditores
708 1696 876 1741 doceat;
905 1693 1245 1742 stipendiumque
1273 1694 1542 1730 centenorum
1575 1706 1793 1732 aureorum
1825 1695 1891 1733 de-

294 1763 464 1800 cretum.
540 1761 647 1799 Eam
686 1761 738 1799 ob
777 1773 864 1798 rem
906 1772 1031 1809 quam
1068 1758 1240 1808 plurimi
1287 1771 1331 1795 se
1372 1760 1520 1807 parant
1557 1760 1598 1796 et
1636 1761 1888 1809 competunt.

296 1826 470 1877 Nanque
499 1828 705 1866 statutum
734 1828 799 1865 est
827 1828 992 1875 tempus
1029 1826 1205 1863 duorum
1233 1825 1456 1871 mensium,
1488 1838 1569 1874 quo
1598 1827 1891 1876 competitores

293 1895 335 1931 et
364 1893 536 1931 nomina
564 1893 675 1940 dent,
698 1895 738 1931 et
767 1892 941 1942 legendo
969 1893 1010 1929 et
1039 1890 1261 1940 aperiendo
1285 1890 1463 1928 Graecos
1485 1892 1648 1929 autores
1671 1893 1890 1932 ostendant

294 1958 364 2007 qui
391 1958 470 1996 viri
501 1958 589 1996 sint
623 1961 663 1996 et
695 1960 901 2007 quantum
933 1956 1079 2005 lingua
1105 1958 1147 1993 et
1175 1955 1343 2004 ingenio
1372 1955 1567 2005 polleant.
1628 1957 1768 2006 Siquis
1794 1971 1897 2009 ergo<

232 2027 273 2060 60
292 2022 398 2060 forte
435 2022 560 2061 fuerit
598 2024 669 2073 qui
708 2036 781 2072 per
818 2023 899 2059 ista
936 2021 1104 2059 climata
1147 2020 1315 2058 nomine
1353 2023 1394 2058 et
1431 2021 1603 2060 scientia
1641 2022 1889 2062 Graecarum

292 2087 505 2126 literarum
539 2088 789 2137 claresceret,
831 2088 929 2126 huic
967 2087 1048 2136 ipsi
1086 2086 1319 2136 significato
1352 2089 1632 2125 memoratum
1665 2088 1886 2137 decretum,

292 2154 339 2190 vt
367 2153 402 2190 si
422 2153 563 2190 animo
589 2153 626 2191 ei
656 2153 808 2191 sederit
837 2154 1068 2202 competere
1088 2151 1328 2201 aperireque
1352 2151 1620 2190 Graecanicos
1644 2152 1784 2202 libros,
1807 2154 1889 2192 huc

290 2217 401 2255 intra
439 2218 616 2256 duorum
656 2219 868 2257 mensium
903 2216 1158 2256 curriculum
1195 2230 1240 2254 se
1273 2217 1467 2255 conferat.
1537 2218 1604 2256 Ad
1638 2218 1738 2256 haec
1776 2220 1887 2258 nosti

292 2295 485 2332 magnam
513 2284 752 2322 auditorum
783 2284 958 2330 turbam,
982 2283 1053 2333 qui
1081 2281 1215 2320 veluti
1242 2282 1434 2331 pullicini
1463 2282 1542 2321 sub
1571 2283 1771 2333 glociente
1800 2285 1886 2323 Mu-

230 2354 270 2393 65
290 2361 388 2386 suro
410 2348 634 2397 pipiebant.
689 2349 866 2387 Illorum
894 2361 979 2386 non
1008 2348 1129 2398 pauci
1153 2347 1238 2385 iam
1257 2347 1452 2397 pullastri
1475 2348 1617 2398 magni
1649 2352 1882 2396 euaserunt,

291 2426 364 2451 nec
393 2414 574 2463 pipiunt,
606 2414 752 2463 pipant
783 2417 823 2452 et
855 2412 1100 2460 cantillant3
1128 2413 1240 2451 idem
1268 2425 1419 2462 magno
1451 2414 1591 2452 animo
1624 2415 1724 2452 sunt
1757 2414 1885 2452 etiam

288 2479 535 2517 ascendendi
557 2482 804 2529 suggestum
825 2479 1112 2529 praeceptoris.
1172 2480 1312 2528 Atque
1326 2479 1435 2516 inter
1454 2492 1598 2517 eorum
1613 2479 1884 2529 elegantiores

289 2556 398 2582 vnus
431 2544 581 2583 Petrus
616 2545 850 2595 Alcyonius
881 2544 1015 2582 multa
1051 2557 1073 2581 e
1108 2543 1262 2582 Graeco
1296 2543 1342 2582 in
1375 2544 1614 2583 Romanum
1649 2558 1887 2583 sermonem

240 1064 278 1094 45

332 2661 385 2689 45.
410 2661 455 2681 ne
472 2651 665 2691 quicquam
682 2655 733 2682 E:
758 2651 850 2682 nihil
869 2655 904 2683 F.
1039 2651 1091 2681 66.
1119 2650 1182 2681 sed
1199 2654 1270 2681 ante
1285 2652 1410 2690 pipant
1427 2654 1501 2683 add.
1519 2654 1562 2685 H.
1653 2653 1765 2683 iidem
1781 2656 1825 2685 H.

332 2758 382 2785 41.
407 2748 589 2790 adagium]
609 2751 670 2780 No.
687 2751 762 2788 693.
1119 2748 1265 2788 already
1292 2749 1381 2780 been
1409 2750 1622 2781 announced
1646 2752 1683 2782 to
1715 2752 1882 2782 Erasmus

332 2792 383 2828 48.
408 2791 652 2834 Turcicorum]
670 2794 721 2823 Cf.
741 2794 803 2833 Ep.
824 2803 896 2831 729.
913 2794 955 2831 48
970 2804 1005 2825 n.
1119 2792 1158 2822 in
1174 2792 1270 2822 June
1284 2801 1377 2832 1517,
1396 2793 1486 2824 with
1502 2794 1564 2824 the
1584 2797 1725 2834 request
1740 2795 1821 2826 that
1836 2796 1882 2826 he

332 2844 383 2871 49.
410 2835 570 2876 Perside]
588 2837 701 2867 Selim
714 2836 1050 2869 madeasuccesssul
1118 2835 1237 2865 would
1263 2836 1413 2867 himself
1434 2837 1487 2867 fill
1512 2839 1565 2876 it3
1588 2839 1632 2869 cf.
1658 2839 1720 2878 Ep.
1743 2839 1818 2878 589.
1843 2848 1881 2878 17

291 2876 452 2908 invasion
474 2879 512 2909 of
533 2879 653 2911 Persia
673 2882 712 2911 in
738 2890 830 2919 1514,
854 2880 969 2911 before
988 2881 1050 2911 the
1117 2888 1189 2917 seq.

287 2925 458 2958 conquest
476 2923 649 2963 ongypt,
1161 2924 1213 2959 64.
1242 2923 1437 2965 glociente]
1502 2925 1588 2956 This
1651 2936 1794 2966 passage
1850 2928 1885 2959 is

332 2973 382 3001 51.
408 2966 581 3007 nudulae]
600 2968 653 2999 Cf.
671 2970 775 3005 Azlagt.
799 2968 891 3006 1650.
1119 2967 1351 2997 reminiscent
1377 2968 1416 2999 of
1439 2968 1510 3000 Col.
1528 2970 1559 2999 8.
1578 2979 1608 3008 5.

330 3016 382 3044 54.
409 3011 658 3051 successorem]
690 3011 763 3042 The
791 3021 945 3054 vacancy
976 3011 1047 3043 had
1160 3010 1213 3041 68.
1236 3009 1449 3052 Alcyonius]
1468 3012 1532 3043 See
1548 3013 1610 3052 Ep.
1629 3022 1703 3052 450.
1723 3022 1766 3052 29
1778 3026 1814 3047 n.
