2034 3433
154 132 250 186 810]
564 135 717 176 FROM
755 136 1019 177 WILLIAM
1057 138 1326 179 BUDAEUS
1659 142 1737 180 279

151 240 368 288 exoptatus
400 239 551 286 venies,
575 252 678 289 quos
705 239 788 277 iam
822 241 923 278 satis
957 241 1112 280 multos
1144 241 1354 289 habemus,
1389 242 1576 283 doctrina
1614 245 1740 284 etiam
1762 255 1822 289 3¹55

152 303 329 355 bilingui
349 303 581 354 praeditos3
612 303 911 355 Budaeumque
931 305 1105 344 habebis
1141 307 1309 357 quicum
1333 306 1553 357 aliquando
1582 308 1737 350 lusites.

151 382 329 419 cumque
348 382 443 407 eum
464 369 634 419 propius
652 369 886 419 certiusque
901 372 1154 421 cognoueris,
1171 371 1338 421 quicum
1353 372 1478 411 etiam
1498 372 1542 410 in
1557 373 1740 412 tenebris

151 447 287 473 mlces.

205 500 338 550 Atqui
367 500 521 540 Gratiis
548 501 589 538 te
617 499 840 550 aliquando
869 500 1055 540 litauisse
1084 504 1254 552 oportet,
1278 503 1349 553 qui
1377 503 1590 542 hominem
1617 503 1740 542 illum

151 566 426 615 perspicacem
466 565 627 604 dierum
664 578 889 616 paucorum
918 568 1213 606 consuetudine
1247 568 1292 606 in
1325 568 1645 607 admirationem
1678 569 1741 607 tui
1761 575 1824 614 380

151 631 418 681 fauoremque
444 631 626 669 traxeris.
689 630 797 670 Nam
825 632 934 680 quod
960 634 1212 671 nostratium
1238 633 1457 683 permultis
1483 634 1581 673 adeo
1608 634 1740 684 places

152 696 223 746 qui
243 698 285 734 te
303 709 519 746 nunquam
537 696 745 744 viderunt,
771 696 859 735 stili
878 697 940 735 tui
960 698 1144 736 suauitas
1163 697 1284 736 efficit
1304 711 1555 748 operumque
1573 700 1741 737 tuorum

152 762 298 810 genius
317 762 488 812 quidam
513 761 779 800 illecebrosus
806 762 1007 800 lectorum
1035 762 1304 801 exhilarator:
1334 763 1405 813 qui
1425 764 1468 801 in
1489 763 1740 801 Francorum

151 827 315 877 scriptis
360 841 384 866 a
430 828 599 866 Francis
647 828 930 878 desyderatur,
957 830 1003 866 vt
1044 828 1229 867 aduersis
1274 828 1451 867 Vulcani
1498 829 1741 878 coniugibus

151 892 412 942 eloquentiae
444 892 629 931 studium
664 893 798 931 nostri
831 893 1033 942 auspicari
1057 894 1288 941 videantur,
1313 894 1349 932 si
1378 894 1546 932 Francis
1575 895 1740 933 tantum
1764 900 1822 939 385

151 958 350 1005 scribunt,
371 958 480 1008 apud
501 971 604 1008 quos
622 958 842 1007 indigenae
869 958 1056 1008 generosi
1075 971 1161 997 esse
1182 972 1266 997 non
1287 959 1434 998 solent.
1493 959 1596 998 Vide
1617 972 1741 1009 quam

152 1036 225 1073 ego
251 1026 390 1062 tecum
419 1025 680 1073 comparatus
713 1023 870 1073 iniquis
903 1024 1000 1062 fatis
1019 1026 1133 1063 vtar:
1176 1024 1382 1074 siquidem
1409 1037 1503 1063 cum
1528 1023 1738 1062 Palladem

152 1091 335 1139 togatam
371 1089 498 1128 simul
531 1102 577 1127 ac
611 1088 823 1138 palliatam
850 1102 936 1127 non
960 1089 1085 1128 modo
1108 1089 1300 1139 religiose
1327 1089 1398 1127 sed
1425 1091 1467 1127 et
1486 1089 1743 1139 dispendiose

153 1154 363 1202 coluerim,
377 1157 424 1194 vt
438 1168 490 1193 ne
502 1154 758 1204 virginitatis
774 1153 943 1204 quidem
959 1153 1048 1192 eius
1066 1153 1335 1193 attentandae
1351 1154 1539 1192 animum
1558 1166 1742 1204 vnquam

153 1219 382 1269 habuerim,
405 1233 458 1258 ne
486 1220 563 1258 hoc
592 1219 762 1270 quidem
791 1219 841 1257 ab
869 1219 958 1257 eius
985 1219 1246 1258 obseruantia
1265 1220 1372 1257 ferre
1391 1219 1524 1258 adhuc
1544 1220 1673 1269 potui,
1697 1221 1741 1257 vt
1764 1235 1826 1268 390

154 1286 198 1324 in
213 1285 306 1324 aula
324 1286 554 1335 gratiosum
574 1298 642 1323 me
661 1285 822 1333 faceret,
846 1284 954 1323 sicut
974 1284 1081 1323 mihi
1103 1285 1273 1335 quidem
1292 1298 1366 1334 ego
1386 1297 1599 1334 nunquam
1619 1285 1745 1334 impe-

155 1364 242 1390 rare
275 1351 392 1401 potui
411 1352 459 1389 vt
488 1364 584 1389 cum
603 1350 696 1389 aula
724 1351 769 1388 in
792 1350 969 1400 gratiam
994 1350 1184 1398 redirem,
1207 1363 1257 1388 ex
1286 1363 1368 1400 quo
1398 1350 1448 1388 ab
1477 1362 1524 1387 ea
1552 1349 1739 1399 migraui.

156 1418 216 1455 Tu
250 1416 437 1467 genesim
469 1415 693 1466 gratiosam
734 1416 906 1454 sortitus
943 1415 1081 1465 ampla
1115 1416 1242 1453 etiam
1288 1414 1472 1465 praemia
1505 1428 1528 1452 a
1565 1414 1659 1461 tuis,
1695 1413 1744 1452 ab

154 1482 348 1528 externis,
379 1482 569 1532 quodque
600 1481 852 1520 inusitatum
891 1483 964 1529 est,
999 1494 1023 1519 a
1055 1481 1210 1519 nostris
1242 1481 1369 1519 etiam
1402 1479 1607 1530 imperitis
1640 1480 1746 1518 ferre

155 1549 281 1597 potes,
309 1547 345 1586 si
377 1546 770 1597 velis—vsqueadeo
798 1546 879 1585 ista
909 1548 1003 1584 tuae
1037 1546 1249 1585 Mineruae
1280 1546 1410 1596 gratia
1435 1545 1564 1584 nullis
1594 1558 1678 1583 non
1706 1546 1745 1583 te
1768 1557 1826 1589 395

155 1613 377 1664 approbas:
417 1625 493 1651 nec
526 1613 644 1661 mihi,
681 1625 777 1651 cum
807 1611 883 1650 tibi
924 1612 976 1650 ob
1004 1612 1046 1650 id
1075 1612 1319 1660 inuiderem,
1353 1613 1525 1650 conatus
1562 1623 1745 1661 vnquam

154 1679 363 1729 processit,
385 1678 421 1717 si
441 1691 563 1728 opera
588 1679 662 1716 tua
685 1677 874 1716 doctrina
892 1677 1020 1716 simul
1040 1679 1080 1716 et
1100 1679 1318 1717 venustate
1337 1676 1566 1716 vendibilia
1586 1688 1745 1725 carpere

155 1747 280 1795 atque
313 1744 473 1783 eleuare
503 1743 651 1782 institi.
710 1743 762 1782 Id
798 1743 905 1793 quod
940 1757 1036 1782 cum
1070 1746 1187 1782 caute
1219 1756 1264 1782 ac
1293 1743 1572 1792 circunspecte
1602 1740 1746 1779 fecisse

157 1811 263 1849 mihi
282 1823 446 1860 semper
463 1810 580 1848 visus
600 1809 691 1858 sim,
709 1811 757 1848 tu
777 1810 918 1847 tamen
938 1809 982 1847 in
1003 1809 1203 1859 Epistolis
1222 1809 1273 1847 ad
1293 1810 1334 1847 te
1348 1808 1514 1858 scriptis
1533 1806 1746 1846 contendis

158 1888 224 1914 me
243 1876 383 1926 aperte
397 1875 526 1914 libros
540 1878 633 1914 tuos
648 1874 842 1914 deiecisse
857 1875 910 1913 ob
922 1887 1055 1913 vnum
1071 1877 1142 1913 aut
1156 1874 1334 1912 alterum
1348 1874 1521 1912 verbum
1536 1871 1746 1910 familiari·
1765 1882 1828 1913 400

157 1943 222 1979 ter
241 1939 462 1990 prolatum.
521 1940 569 1977 Τί
597 1940 671 1985 οὖν,
693 1941 930 1990 μεμψίμοιρε,
952 1941 1019 1989 τὴν
1050 1941 1165 1991 τύχην
1192 1941 1245 1978 ἔτι
1271 1939 1425 1990 αῖτιᾷ,ἤ
1450 1955 1513 1976 σοι
1542 1939 1587 1975 τὰ
1619 1938 1747 1984 ἑαυτῆς

159 2006 281 2057 ἀγαθὰ
319 2008 460 2056 ἀμφοῖν
496 2008 577 2044 ταῖν
608 2008 733 2056 χεροῖν
762 2005 923 2044 διατελεῖ
949 2008 1213 2055 συμφοροῦσα.
1271 2005 1305 2044 Ο
1336 2005 1591 2042 fortunataln
1624 2001 1746 2040 istam

158 2073 274 2109 tuam
302 2071 547 2119 Mineruam,
580 2071 697 2109 cuius
727 2069 808 2108 duo
838 2070 1025 2108 omnium
1055 2069 1230 2108 maximi
1257 2082 1373 2118 reges
1401 2068 1486 2106 iam
1514 2066 1610 2106 facti
1634 2065 1746 2116 proci

160 2150 247 2176 esse
285 2136 496 2175 dicentur!
554 2135 588 2174 O
627 2149 703 2184 nos
744 2135 891 2182 felices,
932 2135 1086 2185 quibus
1123 2147 1221 2173 mox
1258 2134 1399 2172 videre
1437 2132 1661 2182 continget,
1701 2132 1747 2168 vt

159 2215 289 2253 spero,
330 2215 427 2240 eum
459 2201 661 2239 honorem
699 2214 789 2239 esse
827 2200 1022 2240 habitum
1061 2199 1327 2249 eloquentiae,
1370 2201 1416 2237 vt
1454 2198 1536 2236 duo
1575 2195 1747 2246 imperia
1766 2209 1828 2241 405

160 2267 451 2317 potentissima
465 2266 628 2304 aemula
647 2265 875 2304 licitatione
895 2265 1130 2304 institorem
1150 2267 1190 2302 te
1210 2263 1468 2314 eloquentiae
1485 2263 1529 2300 in
1546 2262 1745 2300 ditionem

160 2346 279 2372 suam
316 2332 539 2372 asciscant:
587 2331 624 2370 si
665 2333 807 2369 tamen
839 2332 938 2369 tuus
971 2329 1140 2369 Carolus
1174 2329 1279 2368 hanc
1317 2329 1492 2378 gloriam
1532 2326 1746 2366 Francisco

160 2398 346 2438 inuidere
389 2397 577 2447 coeperit,
618 2396 734 2435 cuius
781 2398 827 2434 tu
877 2395 1123 2434 comitatum
1168 2393 1357 2432 abeuntis
1405 2393 1450 2431 in
1498 2392 1746 2441 Hispaniam

163 2463 403 2503 destituisti.

216 2528 375 2567 Ludere
401 2540 466 2566 me
486 2527 650 2566 credis?
678 2526 783 2564 serio
803 2525 912 2564 iocor
930 2525 1167 2575 loquorque.
1228 2523 1406 2562 Proinde
1427 2523 1528 2561 dum
1547 2535 1611 2560 res
1631 2521 1745 2569 calet,
1766 2535 1828 2566 410

161 2600 330 2635 tuorum
358 2592 588 2632 amicorum
615 2594 810 2631 senatum
838 2592 1073 2639 conuocatO,
1095 2592 1142 2629 vt
1170 2589 1408 2628 consultum
1431 2588 1566 2638 primo
1587 2600 1746 2636 quoque

162 2664 349 2709 tempore
385 2657 459 2697 fiat
491 2657 628 2696 vtrobi
654 2657 802 2707 potius,
825 2656 867 2695 id
902 2658 964 2694 est
994 2655 1062 2694 hic
1093 2667 1147 2692 an
1180 2654 1313 2700 isthic,
1340 2655 1515 2692 aetatem
1549 2652 1631 2690 iam
1663 2664 1748 2689 ver-

186 2748 260 2786 398.
284 2747 387 2777 caute
402 2747 432 2775 Η
450 2756 457 2775 :
481 2746 557 2775 cate
572 2747 610 2775 E.
698 2754 774 2782 401.
797 2743 906 2783 αἰτιᾷσ
921 2745 957 2773 F.
1057 2742 1131 2779 406.
1156 2742 1191 2771 te
1207 2751 1266 2771 om.
1283 2743 1325 2771 H.
1425 2748 1500 2777 412.
1525 2738 1597 2768 iam
1614 2748 1671 2767 om.
1691 2738 1732 2766 H.

206 2820 280 2858 378.
305 2817 431 2858 mices]
453 2816 504 2847 Cf.
524 2816 593 2847 Cic.
617 2817 673 2853 Off.
697 2825 726 2854 3.
750 2825 800 2855 19.
819 2825 881 2854 77:
906 2823 926 2844 a
991 2812 1034 2844 cf.
1055 2812 1162 2843 Hom.
1179 2814 1220 2842 Il.
1239 2811 1287 2842 18.
1307 2811 1381 2849 382.

163 2861 312 2904 proverb
329 2861 421 2892 from
436 2860 499 2890 the
515 2869 616 2899 game
631 2859 670 2889 of
682 2861 689 2875 ‘
704 2869 801 2889 mora
813 2859 834 2889 '.
1036 2865 1109 2895 392.
1133 2865 1176 2886 ex
1193 2854 1279 2894 quo]
1290 2854 1407 2884 About
1423 2853 1485 2884 the
1496 2852 1567 2882 end
1583 2852 1622 2882 of
1641 2851 1722 2890 1498
1739 2862 1748 2889 3

193 2907 266 2946 380.
283 2902 562 2944 consuetudine]
571 2902 788 2933 AtBrussels
797 2903 838 2932 in
846 2901 928 2932 Feb.
995 2909 1052 2930 see
1069 2898 1280 2936 Delaruelle,
1300 2898 1396 2935 Bude',
1414 2906 1446 2936 p.
1465 2897 1518 2926 81.

170 2959 275 2990 1517;
301 2949 345 2979 cf.
364 2949 430 2988 Ep.
450 2956 523 2986 522.
545 2955 605 2985 117
622 2956 659 2976 n.
1040 2952 1115 2982 399.
1142 2940 1327 2981 Epistolis]
1343 2941 1417 2971 The
1437 2939 1617 2970 reference
1638 2946 1755 2968 seems

208 2993 284 3032 384.
308 2991 460 3022 Vulcani
476 2987 702 3029 coniugibus]
716 2999 755 3020 sc.
773 2988 907 3019 Gratiis
925 2998 932 3026 ;
999 2988 1035 3016 to
1054 2987 1096 3016 be
1112 2987 1148 3016 to
1165 2985 1194 3015 B
1213 2996 1221 3016 ι
1243 2984 1329 3024 Epp.
1347 2993 1420 3023 421,
1440 2993 1500 3021 441
