2034 3433
349 119 429 157 286

785 256 882 296 815.

394 358 583 394 Deventer
600 356 677 392 MS.
697 367 753 402 91,
771 357 796 392 f.
821 367 863 402 59
880 360 929 391 v0.

394 416 466 451 LB.
489 416 584 461 App.
609 416 684 452 126.

815 118 1066 158 LETTERS
1105 118 1173 156 OF
1211 119 1477 159 ERASMUS

1824 119 1949 174 [1518

946 255 1010 297 To
1041 254 1251 297 Jonocus
1282 256 1475 297 BADIUS.

1640 358 1817 394 Louvain.

1562 425 1601 459 17
1622 416 1728 462 April
1749 416 1900 465 (1518).

839 519 1045 549 ERASMVS
1077 518 1217 548 BADIO
1249 518 1330 548 SVO
1363 518 1397 548 S.
1420 517 1464 548 D.

399 610 587 659 VTINAM,
624 611 685 649 mi
716 611 837 659 Badi‚
869 611 1015 649 fuisset
1047 609 1126 649 tibi
1153 610 1270 659 copia
1296 609 1573 648 formularum
1605 610 1951 650 Grecanicarum!

347 675 468 713 Nunc
488 676 634 726 capitis
654 676 838 726 periculo
865 675 1072 714 Basileam
1098 675 1212 714 adire
1243 688 1386 725 cogor:
1418 688 1553 725 neque
1582 676 1696 715 enim
1724 677 1791 715 edi
1816 679 1952 727 potest

345 740 514 779 Nouum
545 741 864 780 Testamentum
896 741 980 779 nisi
1013 753 1152 779 coram
1183 740 1328 779 adsim.
1390 739 1586 779 Scribunt
1619 741 1670 780 ad
1699 755 1768 780 me
1802 743 1951 793 optimi

345 806 493 845 fratres
506 807 778 846 Amerbachii
793 806 999 846 Ioannem
1015 808 1290 856 cognomento
1305 805 1494 844 Paruum
1508 807 1648 845 nescio
1664 807 1765 857 quid
1785 808 1949 856 minari,

308 885 325 914 5
345 884 433 911 sese
452 885 703 911 excusurum
719 873 853 923 Opera
872 872 1136 923 Hieronymi,
1152 873 1391 922 contempto
1411 872 1569 910 summi
1588 872 1810 912 Pontificis
1828 874 1951 912 inter-

344 937 468 986 dicto,
488 937 574 976 imo
594 938 779 989 neglecta
797 939 912 977 omni
932 938 1209 977 humanitate.

345 1003 447 1041 dum
466 1002 560 1041 aliis
578 1004 717 1042 studio
737 1017 882 1042 nocere
902 1006 1032 1054 parat,
1057 1003 1139 1043 sibi
1158 1004 1238 1053 ipsi
1260 1015 1413 1042 noxam
1429 1006 1617 1043 accersat.

1268 937 1419 976 Videat
1444 938 1570 976 etiam
1597 940 1719 989 atque
1745 938 1873 977 etiam
1899 953 1951 978 ne

1682 1004 1779 1043 Non
1805 1005 1951 1044 dubito

346 1069 448 1118 quin
467 1068 544 1107 tibi
565 1069 620 1107 sit
640 1082 737 1108 011111
761 1069 933 1108 homine
951 1069 1228 1108 familiaritas.
1277 1069 1357 1107 Oro
1377 1071 1422 1107 vt
1442 1082 1465 1107 a
1484 1071 1570 1108 tam
1590 1070 1822 1110 inhumano
1842 1071 1951 1111 facto

344 1135 570 1174 coherceas.
615 1135 722 1174 Cura
734 1137 779 1173 vt
793 1135 962 1174 Budeus
978 1138 1018 1174 et
1031 1134 1165 1173 Faber
1179 1147 1275 1173 suas
1289 1134 1490 1185 recipiant
1504 1135 1676 1176 litteras.
1718 1136 1832 1175 Bene
1845 1137 1947 1176 vale.

396 1199 584 1239 Louanii.
612 1212 658 1249 15
684 1200 770 1240 Gal.
795 1201 936 1240 Maias.

810 1379 908 1419 816.
967 1377 1031 1418 To
1064 1376 1283 1418 WILLIAM
1315 1377 1485 1418 NESEN.

394 1479 581 1515 Deventer
599 1477 676 1514 MS.
697 1489 754 1524 91,
775 1478 800 1512 f.
820 1480 841 1514 6
859 1481 909 1511 v0.

395 1537 468 1573 LB.
487 1538 582 1583 App.
607 1546 684 1580 127.

1603 1512 1605 1514 .
1639 1476 1817 1512 Louvain.

1562 1546 1602 1580 17
1620 1535 1727 1580 April
1748 1535 1900 1582 (1518).

820 1628 1026 1658 ERASMVS
1057 1627 1231 1657 NESENO
1263 1627 1343 1657 SVO
1377 1627 1412 1657 S.
1435 1627 1477 1658 D.

403 1721 514 1769 Qvn)
534 1721 611 1760 tibi
631 1734 726 1759 cum
746 1720 890 1767 Roma,
912 1719 1131 1769 presertim
1151 1718 1229 1757 sub
1249 1720 1448 1757 aestatem
1463 1720 1484 1757 ἰ)
1539 1718 1628 1768 Ego
1648 1719 1835 1758 Basileae
1855 1732 1949 1759 sum

347 1800 474 1837 vsque
493 1787 544 1825 ad
564 1787 757 1837 hyemem
777 1788 955 1832 acturus,
979 1785 1015 1822 si
1035 1785 1159 1823 modo
1178 1783 1299 1823 liceat
1312 1784 1555 1834 irrumpere.
1600 1784 1780 1824 Ioannes
1796 1785 1949 1835 Smyth

347 1853 496 1902 repetit
518 1865 637 1891 suam
665 1851 877 1901 Angliam,
901 1850 960 1889 ita
985 1849 1151 1888 volente
1182 1850 1419 1899 matercula,
1443 1864 1522 1900 que
1548 1850 1686 1888 filium
1716 1864 1801 1889 non
1829 1852 1949 1901 putat

347 1918 601 1956 incolumem
644 1917 727 1955 nisi
759 1916 900 1955 videat
941 1929 1036 1954 eum
1067 1915 1111 1953 in
1145 1915 1376 1953 Britannia.

1446 1915 1490 1954 Is
1524 1916 1713 1954 victurus
1746 1918 1807 1955 est
1839 1917 1947 1968 apud

308 1995 326 2028 5
347 1983 551 2022 Thomam
583 1982 763 2021 Morum.
819 1982 883 2020 Ac
915 1980 1055 2020 Morus
1088 1982 1176 2031 ipse
1209 1983 1320 2020 totus
1351 1983 1412 2020 est
1449 1981 1618 2029 aulicus,
1653 1981 1756 2032 Regi
1788 1995 1950 2033 semper

346 2049 553 2096 assistens,
577 2049 643 2086 cui
664 2050 725 2086 est
745 2061 768 2085 a
783 2047 961 2086 secretis.
1007 2047 1166 2085 Paceus
1179 2046 1303 2097 plane
1319 2047 1565 2097 triumphat.
1606 2047 1696 2086 Rex
1711 2047 1829 2086 misit
1843 2048 1948 2087 mihi

347 2115 454 2153 dono
483 2115 699 2164 sexaginta
723 2113 946 2163 angelatos,
968 2113 1157 2151 deferens
1187 2113 1463 2151 sacerdotium
1492 2114 1662 2151 centum
1690 2126 1947 2161 marcarum3

346 2181 417 2219 sed
439 2182 564 2231 negat
585 2193 628 2218 50
648 2179 732 2218 11151
750 2179 935 2229 presenti
954 2178 1218 2217 collaturum.

401 2246 647 2284 Glarianum
679 2245 828 2295 opinor
860 2245 944 2282 iam
978 2244 1140 2283 abiisse.

1213 2243 1330 2293 Quod
1362 2244 1399 2281 si
1428 2243 1534 2282 forte
1573 2243 1692 2290 adsit,
1732 2243 1945 2283 hominem

289 2325 329 2348 10
347 2312 451 2350 meis
470 2311 609 2349 verbis
629 2310 762 2349 saluta
782 2309 1015 2360 diligenter.
1064 2309 1178 2348 Bene
1196 2309 1298 2348 vale.
1348 2307 1536 2348 Louanii.
1568 2319 1624 2356 15.
1648 2308 1731 2347 Cal.
1760 2308 1900 2349 Maias.

610 2426 685 2456 815.
702 2434 732 2456 2.
758 2434 861 2464 cogor
876 2427 931 2454 LB
949 2435 955 2454 :
979 2433 1088 2455 conor
1104 2426 1172 2455 MS.

392 2547 467 2578 815.
489 2554 515 2577 1.
541 2545 656 2584 copia]
670 2544 757 2574 This
768 2543 941 2583 probably
953 2543 1116 2583 explains

350 2589 530 2620 Erasmus’
559 2588 691 2619 former
717 2588 897 2618 desertion
922 2586 960 2617 of
981 2587 1115 2618 Badius

348 2636 402 2664 sor
418 2633 558 2663 Froben
574 2643 582 2670 3
606 2631 649 2662 cf.
669 2631 732 2670 Ep.
745 2632 821 2669 283.
836 2639 896 2669 152
913 2640 984 2669 seq.

392 2688 422 2715 4.
449 2675 698 2715 Amerbachii]
717 2675 780 2714 Ep.
799 2675 873 2705 802.

392 2731 424 2760 9.
450 2718 606 2759 litteras]
621 2719 710 2758 Epp.
727 2719 836 2756 813,4.

395 2765 468 2794 816.
496 2772 524 2793 1.
551 2761 676 2802 Roma]
695 2762 747 2792 Cf.
765 2762 828 2801 Ep.
848 2770 923 2800 595.
942 2762 1015 2799 4-6.

437 2805 614 2846 Basileae]
641 2806 697 2845 By
727 2805 911 2844 assigning
945 2814 965 2834 a
991 2813 1115 2843 wrong

349 2850 534 2890 year—date
565 2849 708 2880 Leclerc
750 2858 822 2879 was
860 2847 1033 2888 impelled
1078 2848 1115 2877 to

351 2896 491 2934 suggest
512 2893 596 2924 here
628 2891 874 2923 considerable
899 2892 1114 2922 corrections

350 2937 471 2967 which
487 2947 547 2968 are
563 2937 626 2967 not
642 2945 831 2975 necessary
847 2936 902 2965 for
921 2935 1013 2974 1518.

392 2991 422 3012 2.
456 2980 561 3011 liceat
591 2979 807 3019 irrumpere]
837 2979 889 3010 Cf.
919 2978 1007 3018 Epp.
1039 2988 1111 3017 794.

1316 2433 1345 2462 5.
1373 2422 1600 2462 Hieromymi
1615 2423 1683 2452 MS.

1183 2545 1280 2582 62-3‚
1301 2552 1434 2590 79512,-
1449 2543 1579 2582 796·15‚
1600 2541 1708 2580 797⁶,
1727 2540 1858 2580 8321ss-

1227 2597 1255 2625 5.
1283 2586 1436 2627 aulicus]
1454 2586 1505 2617 Cf.
1527 2586 1613 2625 Epp.
1625 2586 1700 2624 829,
1719 2585 1792 2622 832.

1226 2631 1257 2660 6.
1286 2629 1432 2670 Paceus]
1475 2630 1530 2669 By
1562 2638 1581 2668 5
1622 2628 1745 2659 March
1784 2627 1831 2658 he
1873 2636 1943 2658 was

1183 2673 1328 2713 already
1351 2673 1540 2713 employed
1563 2682 1602 2703 as
1624 2675 1800 2711 secretary
1822 2673 1860 2702 to
1882 2671 1944 2702 the

1183 2717 1281 2756 King
1299 2727 1307 2755 ;
1330 2717 1474 2748 Brewer
1489 2718 1526 2749 ii.
1545 2716 1642 2755 3985.

1228 2771 1257 2799 7.
1281 2760 1392 2801 dono]
1406 2760 1458 2793 Cf.
1472 2761 1558 2800 Epp.
1576 2761 1650 2798 825.
1663 2768 1693 2799 2,
1706 2758 1779 2797 834.
1797 2768 1856 2796 103
1871 2758 1941 2789 and

1184 2813 1207 2835 1.
1226 2814 1258 2844 p.
1277 2814 1330 2843 44.
1353 2814 1467 2843 13—15.

1270 2846 1525 2887 sacerdotium]
1553 2845 1728 2884 Probably
1745 2854 1766 2875 a
1787 2843 1943 2874 renewal

1183 2891 1222 2921 of
1248 2891 1312 2921 the
1337 2891 1422 2922 offer
1445 2891 1581 2931 spoken
1603 2889 1642 2920 of
1656 2889 1698 2919 in
1714 2887 1778 2927 Ep.
1794 2889 1870 2927 694.
1891 2898 1940 2926 10,

1183 2944 1227 2965 on
1246 2936 1443 2966 somewhat
1459 2934 1628 2964 different
1644 2934 1765 2962 terms.

1225 2988 1255 3017 9.
1284 2977 1519 3018 Glarianum]
1537 2977 1589 3008 Cf.
1605 2977 1670 3015 Ep.
1683 2976 1756 3014 766.
1774 2985 1805 3013 5,
1824 2975 1853 3005 8.
