2034 3433
92 187 188 240 964]
651 191 720 229 To
757 190 961 230 HENRY
1000 192 1111 231 vm
1594 198 1671 236 583

90 292 310 330 hominum
329 292 506 342 ingenia,
523 305 624 342 quae
643 294 690 331 tu
709 293 772 332 tot
790 294 925 333 modis
943 308 1066 334 ornas
1083 308 1129 334 ac
1145 295 1267 345 foues,
1286 296 1490 336 virtutum
1509 300 1672 337 tuarum

89 357 331 396 memoriam
350 357 437 397 vlla
463 359 699 407 temporum
724 359 927 398 vetustate
956 359 1214 400 obsolescere.
1274 361 1426 401 Graeca
1452 363 1602 413 pariter
1628 376 1672 402 ac

89 421 239 461 Latina
266 421 467 470 facundia,
499 423 615 472 grata
643 422 727 461 tuis
757 436 853 473 erga
880 437 922 462 se
950 424 1122 473 meritis,
1154 438 1316 475 semper
1342 425 1533 477 loquetur
1564 428 1671 479 apud

88 486 316 526 Britannos
334 486 461 526 fuisse
489 486 695 538 quendam
721 486 952 526 Henricum
978 490 1182 539 octauum,
1204 491 1275 541 qui
1294 503 1401 531 vnus
1420 493 1483 531 tot
1502 492 1672 532 heroum
1695 515 1753 547 140

88 551 203 591 dotes
220 565 266 590 ac
295 552 440 591 decora
465 551 553 591 suis
577 552 789 600 retulerit3
818 552 1045 592 Ptolemaei
1070 554 1335 606 Philadelphi
1365 557 1550 596 studium
1576 570 1672 609 erga

88 616 216 656 bonas
248 617 401 664 literas,
441 616 670 655 Alexandri
714 617 856 667 magni
889 617 1141 666 felicitatem,
1181 620 1370 671 Philippi
1414 622 1667 672 ciuilitatem,

87 681 270 721 Caesaris
296 681 496 720 inuictam
521 681 651 720 animi
667 681 767 731 vim,
788 682 969 732 Augusti
995 683 1230 732 sanitatem,
1250 685 1414 724 Traiani
1434 689 1670 726 mansuetu·

86 746 238 794 dinem,
257 745 490 785 Alexandri
517 746 660 785 Seueri
687 746 979 796 integritatem,
1008 747 1061 786 M.
1095 749 1307 788 Antonini
1335 750 1403 788 Pii
1431 751 1668 801 doctrinam,

86 811 308 850 Theodosii
333 811 540 861 pietatem,
562 813 603 850 et
626 811 662 850 si
695 811 794 861 quid
823 811 936 850 aliud
969 812 1013 850 in
1045 813 1222 862 singulis
1254 815 1484 863 priscorum
1509 816 1670 867 insigne
1691 841 1749 873 145

86 876 214 915 fuisse
232 877 395 926 legitur.
446 877 673 915 Precamur
686 879 732 915 vt
752 877 864 915 Deus
884 877 955 927 qui
974 877 1076 916 istas
1095 878 1209 916 dotes
1228 878 1400 929 largitus
1421 881 1492 928 est,
1508 881 1670 921 easdem

85 941 186 980 velit
219 941 296 980 tibi
325 941 490 992 tuisque
518 941 676 980 faustas
704 955 749 980 ac
777 942 916 980 felices
944 955 1033 981 esse
1049 958 1059 990 ;
1102 943 1174 992 qui
1204 943 1306 982 istos
1335 945 1448 983 dedit
1476 945 1665 997 impetus,

84 1006 195 1045 idem
214 1019 289 1045 suo
308 1006 446 1045 fauore
464 1006 665 1056 prouehat
684 1007 869 1056 beneque
888 1007 1086 1047 fortunet.

138 1071 326 1110 Sciebam
344 1070 625 1122 importunius
651 1084 738 1110 esse
769 1072 879 1122 quod
907 1072 1146 1111 huiusmodi
1176 1073 1334 1112 naeniis
1354 1075 1469 1113 tuam
1488 1075 1669 1114 maiesta-

83 1138 169 1176 tem
188 1136 374 1187 alioquin
402 1136 760 1186 occupatissimam
790 1136 1108 1187 interpellarem.
1168 1138 1247 1177 Sed
1267 1138 1368 1178 vicit
1396 1139 1515 1178 ardor
1541 1139 1669 1179 animi
1690 1165 1750 1196 150

83 1201 129 1240 in
149 1201 468 1251 gratulationem
489 1201 718 1252 gestientis,
739 1216 833 1241 cum
853 1204 894 1240 et
913 1203 1142 1242 multorum
1162 1205 1202 1242 et
1221 1204 1449 1243 certissima
1470 1205 1669 1255 praedica-

82 1266 195 1305 tione
214 1267 499 1317 cognouissem
519 1267 628 1316 quod
647 1267 832 1306 seculum
855 1267 975 1305 nobis
993 1269 1064 1306 tua
1083 1268 1240 1307 virtute
1264 1268 1370 1307 foret
1390 1269 1668 1308 exoriturum:

81 1331 290 1381 simulque
308 1331 446 1370 visum
475 1334 537 1371 est
566 1331 708 1370 testari
736 1346 803 1371 me
833 1345 1062 1371 memorem
1092 1345 1181 1371 esse
1211 1333 1364 1373 fauoris
1391 1347 1487 1384 erga
1506 1347 1571 1372 me
1591 1334 1664 1382 tui,

81 1396 166 1435 iam
185 1409 270 1436 non
290 1396 474 1435 oratione
494 1399 662 1435 tantum
682 1397 752 1435 sed
773 1410 815 1435 re
835 1410 996 1448 quoque
1016 1397 1222 1437 declarati.
1283 1398 1482 1447 Patiatur,
1505 1412 1585 1447 oro,
1598 1400 1670 1438 tua

80 1462 346 1501 serenissima
373 1462 567 1501 maiestas
594 1462 705 1501 inter
733 1464 819 1501 tam
854 1463 1010 1501 multos
1043 1463 1229 1512 eximios,
1252 1477 1425 1514 quorum
1453 1463 1667 1514 ingenium
1689 1488 1747 1520 155

80 1529 152 1566 tua
189 1527 383 1566 nobilitas
419 1527 602 1566 illustrat
639 1541 684 1566 ac
723 1528 835 1566 fouet
872 1530 913 1566 et
945 1541 1122 1577 quorum
1156 1528 1297 1566 literae
1330 1528 1514 1567 vicissim
1546 1529 1667 1567 tuum

80 1592 338 1631 famulitium
363 1594 574 1640 exornant,
597 1594 639 1630 et
664 1592 777 1630 hunc
804 1593 1036 1639 Erasmum,
1059 1593 1192 1642 qualis
1217 1593 1353 1643 qualis
1379 1594 1454 1638 est,
1473 1606 1668 1632 annume-

79 1656 188 1697 rari:
227 1670 352 1707 quam
385 1656 638 1695 incolumem
670 1670 911 1708 semperque
944 1658 1161 1696 florentem
1191 1659 1326 1696 seruet
1354 1657 1543 1697 Christus
1571 1657 1663 1708 Opt.

80 1723 189 1761 Max.
244 1722 539 1772 Antuuerpiae.
564 1722 673 1760 Idib.
695 1722 805 1761 Maii.
867 1724 947 1761 An.
971 1735 1148 1771 M.D,X1x.

294 1877 392 1917 965.
451 1874 516 1916 To
548 1873 765 1914 WILLIAM
798 1873 997 1925 BLOUNT,
1029 1875 1157 1916 Lom)
1188 1874 1452 1917 MOUNTJOY.

129 1966 292 2011 Farrago
310 1977 346 2011 p.
366 1966 444 2001 160.
1345 1964 1533 2011 Antwerp.

127 2024 166 2060 F.
184 2036 220 2069 p.
238 2034 306 2069 303
325 2023 447 2069 (203):
476 2022 567 2058 HN:
592 2021 709 2058 Lond.
730 2021 776 2058 vi.
795 2031 857 2065 27:
885 2021 956 2057 LB.
975 2032 1056 2066 492.
1265 2020 1331 2068 <15
1345 2022 1389 2068 ‘?)
1410 2023 1496 2068 May
1517 2032 1618 2069 1519.

123 2110 213 2153 [The
228 2111 329 2142 dates
344 2109 382 2141 of
394 2111 483 2141 time
499 2109 570 2140 and
585 2109 685 2150 place
700 2109 843 2140 conflict
859 2108 949 2139 with
967 2108 1067 2140 those
1084 2110 1122 2140 of
1136 2109 1200 2149 Ep.
1218 2109 1279 2148 961
1299 2120 1306 2140 ε
1327 2108 1381 2140 for
1396 2120 1417 2141 a
1433 2109 1572 2140 similar
1586 2119 1664 2142 case

79 2165 137 2187 see
152 2155 218 2195 Ep.
232 2155 297 2193 962
313 2153 445 2186 introd.
492 2153 566 2184 The
588 2151 764 2191 difficulty
778 2162 851 2182 was
872 2152 1011 2183 noticed
1036 2152 1082 2191 by
1104 2152 1166 2183 the
1184 2153 1318 2183 editors
1334 2152 1371 2183 of
1384 2152 1430 2192 H,
1449 2153 1529 2184 who
1545 2153 1664 2185 solved

79 2200 108 2231 it
131 2198 267 2238 simply
288 2198 337 2238 by
358 2196 421 2228 the
447 2197 617 2228 omission
641 2195 679 2227 of
701 2195 764 2226 the
788 2195 1026 2226 mouth-date.
1072 2195 1120 2226 To
1143 2195 1256 2235 avoid,
1286 2205 1323 2227 as
1348 2196 1386 2226 in
1411 2196 1475 2236 Ep.
1499 2197 1574 2237 962,
1602 2197 1664 2228 the

78 2241 302 2282 supposition
317 2240 356 2271 of
367 2240 470 2280 rapid
487 2239 709 2280 migraffions,
729 2239 758 2269 it
775 2248 859 2278 may
870 2238 912 2269 be
928 2237 1155 2278 conjectured
1171 2239 1250 2269 that
1266 2239 1340 2269 this
1356 2239 1462 2270 letter
1478 2239 1607 2271 should
1622 2240 1664 2271 be

78 2286 117 2317 of
128 2285 190 2317 the
206 2294 302 2316 same
318 2284 398 2315 date
413 2292 451 2314 as
467 2283 531 2323 Ep.
551 2284 625 2322 966,
643 2281 761 2313 which
778 2282 808 2313 it
825 2282 962 2312 follows
978 2282 1017 2312 in
1035 2281 1062 2312 E
1077 2292 1084 2320 ;
1108 2282 1181 2313 and
1201 2282 1282 2313 that
1300 2281 1364 2313 the
1384 2282 1516 2314 editors
1532 2283 1569 2314 of
1582 2283 1662 2315 that

79 2329 231 2369 volume,
243 2327 407 2367 deriving
418 2327 508 2358 from
519 2326 580 2358 the
592 2326 664 2357 MS.
676 2335 722 2356 an
736 2325 946 2365 impression
957 2326 996 2356 of
1004 2335 1024 2356 a
1036 2324 1164 2365 simple
1178 2325 1270 2364 date,
1288 2327 1335 2356 ld.
1346 2328 1438 2366 Maii,
1450 2326 1664 2366 reproduced

79 2373 109 2404 it
125 2381 164 2403 as
180 2373 255 2411 Cal„
274 2372 337 2402 not
354 2369 423 2411 Ιώ]

78 2464 276 2497 CLARISS.
298 2462 467 2494 BARONI
493 2461 724 2493 GVLIELMO
745 2461 967 2491 MONTIOIO
992 2461 1197 2491 ERASMVS
1217 2461 1548 2493 ROTERODAMVS
1569 2463 1603 2495 S.
1621 2463 1662 2495 D.

131 2547 267 2585 Vmcn
295 2545 519 2593 Mecoenas,
550 2544 724 2582 antehac
752 2543 982 2592 gratulatus
1008 2556 1101 2581 sum
1128 2543 1306 2592 Angliae
1336 2545 1441 2591 tuae,
1473 2555 1573 2592 quae
1601 2544 1665 2582 tot

79 2612 247 2650 haberet
282 2610 394 2648 viros
429 2609 590 2658 egregia
626 2608 832 2659 probitate
870 2607 1039 2658 parique
1078 2607 1264 2646 doctrina
1296 2607 1525 2657 praeditos;
1554 2620 1664 2646 nunc

77 2675 377 2727 propemodum
396 2674 579 2713 inuidere
598 2673 761 2723 incipio,
785 2685 886 2722 quae
906 2672 964 2710 sie
984 2671 1205 2711 efflorescat
1225 2673 1340 2711 omni
1361 2685 1508 2721 genere
1533 2672 1662 2711 studi-

78 2754 199 2780 orum
227 2742 276 2780 vt
309 2738 504 2778 omnibus
534 2738 770 2788 regionibus
804 2737 967 2776 laudem
1005 2737 1228 2787 praeripiat
1261 2750 1306 2776 ac
1339 2750 1442 2786 pene
1473 2736 1662 2777 tenebras

77 2805 274 2845 offundat.
332 2804 575 2854 Quanquam
595 2804 674 2842 ista
695 2803 786 2841 laus
812 2803 920 2841 haud
943 2802 1002 2841 ita
1027 2816 1135 2840 noua
1160 2804 1222 2840 est
1240 2804 1400 2841 vestrae
1424 2801 1593 2852 insulae,
1615 2803 1658 2841 in
1680 2821 1697 2853 5

77 2884 157 2923 qua
192 2871 353 2909 constat
380 2870 464 2907 iam
503 2868 604 2907 olim
647 2868 820 2906 eximios
848 2867 960 2906 viros
1004 2867 1199 2906 extitisse.
1261 2865 1479 2906 Declarant
1515 2867 1557 2906 id
1594 2868 1661 2906 vel

119 2992 197 3022 964.
224 3000 292 3029 144.
321 2989 498 3021 Antonini
514 2986 603 3019 N¹³z
626 2987 781 3019 Antonii
798 2986 880 3017 EN2.
1044 2987 1118 3017 965.
1144 2996 1206 3017 rrr.
1227 2996 1374 3018 cLAmss.
1394 2995 1523 3018 BARoM
1537 2997 1594 3017 om.
1613 2988 1655 3017 H.

77 3036 108 3067 6.
134 3035 207 3066 iam
223 3036 274 3064 E:
297 3033 325 3065 δι
340 3036 381 3064 Η.
