2034 3433
302 112 381 149 316
765 114 1019 152 LETTERS
1058 114 1126 151 OF
1165 113 1431 152 ERASMUS
1771 111 1898 166 [1518

220 233 279 263 135
301 217 589 266 calumniam:
632 218 741 256 ‘sola
769 218 988 267 integritas
1023 218 1237 265 sermonis,
1271 220 1452 265 ornatus,
1485 218 1692 266 elegantia
1719 231 1789 256 seu
1818 217 1899 256 elo-

302 284 472 332 quentia
500 287 561 320 est
590 284 633 320 in
664 295 779 320 sacra
805 283 1043 332 Scriptura*
1100 283 1180 321 Sed
1201 283 1300 333 quid
1329 283 1588 332 eloquentiae
1616 284 1689 320 aut
1717 283 1899 332 poeticae

301 361 399 385 cum
420 347 720 396 grammatica?
776 348 885 386 Nam
905 348 1003 386 hinc
1024 349 1158 398 coepit
1177 349 1394 398 amphora,
1415 348 1553 386 subito
1572 360 1718 386 vrceus
1742 347 1894 386 exiens.

301 414 359 450 At
382 413 503 450 diuus
522 413 798 462 Augustinus,
821 412 940 452 cuius
968 414 1172 462 meminit,
1193 413 1310 452 iubet
1329 427 1454 452 suum
1474 413 1711 451 Licentium
1730 413 1782 451 ad
1805 425 1900 451 suas

302 477 433 515 redire
462 477 611 515 Musas.
673 478 729 516 Et
758 478 1047 529 Hieronymus
1076 480 1121 517 in
1150 479 1360 518 Ciceronis
1388 478 1563 528 dialogis
1590 480 1790 523 versatur,
1819 491 1900 527 quo

223 560 283 591 140
300 555 534 580 sermonem
574 543 718 581 reddat
755 545 1037 594 copiosiorem.
1114 545 1214 593 Quis
1248 548 1387 583 autem
1419 547 1608 583 veterum
1641 557 1726 582 non
1763 542 1902 581 hausit

302 607 584 655 eloquentiam
600 621 719 647 suam
736 623 785 648 ex
802 612 1013 649 oratorum
1027 624 1073 649 ac
1087 613 1307 661 poetarum
1321 610 1439 648 libris
1451 611 1471 648 ‘?
1510 610 1598 648 Aut
1614 609 1707 659 quis
1719 620 1901 659 vnquam

300 672 519 710 verborum
548 674 846 723 supellectilem
875 690 925 715 ex
954 677 1080 715 sacris
1105 676 1392 715 voluminibus
1417 674 1539 725 petiit
1555 676 1575 714 ⁸?
1635 674 1824 724 Denique
1850 685 1903 711 an

302 737 489 786 quisquis
526 741 666 788 poetas
705 740 901 790 despexit,
940 742 1132 792 protinus
1170 754 1329 781 sacram
1370 741 1489 779 illam
1532 754 1577 779 ac
1619 739 1902 790 propheticam

300 802 581 853 eloquentiam
600 808 813 844 assecutus
833 809 895 846 est
908 809 928 846 ἱ)

222 888 281 919 145
363 882 375 904 1
387 871 422 905 8.
455 869 555 917 Quis
574 872 714 909 autem
735 885 822 910 non
837 873 950 911 videt
966 873 1173 923 egregiam
1187 872 1301 911 illius
1314 872 1621 910 conclusionem
1638 869 1905 908 manifestam

305 934 454 972 habere
468 935 771 985 blasphemiam
784 939 805 976 ⁶?
833 938 909 976 Ait
922 938 1052 977 solam
1066 938 1314 989 elegantiam
1327 951 1414 976 esse
1425 938 1471 975 in
1484 938 1611 976 sacris
1621 935 1773 974 literis:
1796 934 1905 973 nihil

304 1000 432 1049 igitur
444 1000 529 1038 illic
542 1001 655 1040 aliud
673 1005 737 1041 est
749 1016 875 1052 quam
889 1004 1092 1054 elegantia
1104 1006 1125 1044 ⁴?
1159 1005 1245 1043 Nec
1259 1005 1401 1042 tamen
1419 1003 1496 1041 hoc
1510 1002 1611 1041 dicit
1625 1001 1903 1051 Augustinus,

306 1079 429 1115 quem
443 1066 509 1104 hic
523 1069 712 1107 autorem
725 1069 904 1108 adducit.
919 1071 1027 1119 quod
1041 1070 1118 1108 iste
1131 1070 1272 1119 sensit,
1285 1069 1380 1107 licet
1393 1069 1444 1107 ob
1455 1068 1685 1106 balbutiem
1697 1067 1806 1117 quod
1818 1079 1907 1105 sen-

307 1131 364 1171 sit
380 1133 611 1182 exprimere
632 1137 877 1185 nequiuerit.
926 1137 1020 1175 Non
1035 1137 1149 1175 enim
1165 1136 1325 1186 colligit
1340 1136 1386 1174 in
1402 1136 1500 1175 solis
1515 1135 1634 1173 libris
1647 1134 1805 1173 diuinis
1819 1146 1908 1172 esse

225 1216 286 1246 150
305 1197 597 1248 eloquentiam,
621 1201 691 1239 sed
712 1202 756 1239 in
774 1202 842 1241 his
867 1216 951 1240 non
971 1202 1112 1241 abesse
1132 1203 1426 1253 eloquentiam,
1449 1214 1544 1240 cum
1563 1201 1673 1239 adsit
1691 1199 1905 1250 sapientia,

310 1264 427 1302 cuius
447 1264 565 1302 illam
586 1266 852 1317 pedisequam
872 1281 960 1307 esse
975 1268 1067 1307 vult
1083 1284 1093 1317 3
1122 1268 1222 1307 licet
1240 1269 1421 1307 fateatur
1439 1267 1551 1307 aliud
1571 1280 1658 1306 esse
1678 1279 1810 1316 genus
1829 1265 1908 1304 elo-

308 1331 509 1378 quentiae.
540 1331 595 1369 Et
608 1334 747 1371 tamen
760 1333 837 1371 hoc
850 1333 894 1371 in
908 1334 1191 1384 quaestionem
1202 1337 1333 1382 vocat,
1342 1347 1395 1372 an
1408 1333 1492 1372 illis
1505 1333 1676 1371 omnino
1688 1331 1909 1370 tribuenda

310 1395 365 1432 sit
384 1394 522 1445 aliqua
542 1410 635 1445 pars
655 1398 924 1447 eloquentiae,
947 1413 1041 1438 cum
1063 1400 1113 1438 de
1132 1400 1305 1438 caeteris
1324 1399 1552 1438 virtutibus
1572 1412 1658 1437 non
1677 1397 1851 1436 dubitet.

367 1473 423 1508 19.
453 1461 509 1500 Vt
529 1462 787 1502 dissimulem
805 1464 977 1503 interim
996 1479 1081 1504 non
1104 1465 1301 1503 continuo
1321 1465 1527 1514 consequi,
1547 1464 1583 1503 si
1601 1463 1735 1517 possis
1749 1463 1909 1513 aliquot

230 1543 288 1574 155
312 1525 520 1564 schemata
540 1528 720 1576 proferre
746 1542 797 1567 ex
820 1530 1056 1579 apostolicis
1076 1530 1221 1578 literis,
1241 1530 1433 1580 protinus
1458 1530 1542 1568 illic
1562 1543 1651 1567 esse
1674 1527 1909 1567 absolutam

310 1591 596 1640 eloquentiam,
612 1607 707 1632 cum
720 1594 1006 1644 Hieronymus
1018 1598 1058 1634 et
1070 1596 1267 1645 Origenes
1280 1610 1325 1634 ac
1339 1596 1663 1646 Chrysostomus
1674 1594 1910 1643 frequenter

311 1656 571 1696 offendantur
603 1659 856 1709 hyperbatis,
894 1661 1134 1711 anapodotis
1166 1661 1340 1711 aliisque
1374 1661 1576 1699 sermonis
1607 1658 1910 1698 incommodis:

310 1722 391 1770 sed,
425 1725 471 1761 vt
504 1724 548 1761 in
578 1725 791 1773 Apostolis
819 1739 903 1764 non
933 1727 1183 1777 requirimus
1210 1726 1518 1765 Aristotelicam
1548 1729 1619 1764 aut
1648 1725 1910 1764 Platonicam

310 1788 631 1838 philosophiam,
673 1793 719 1829 vt
763 1805 837 1829 nec
885 1805 982 1842 opes
1022 1795 1095 1831 aut
1137 1792 1393 1841 satellitium,
1439 1793 1498 1830 ita
1536 1805 1620 1830 non
1659 1791 1911 1841 requirimus

232 1862 292 1892 160
308 1854 599 1903 eloquentiam.

371 1932 430 1957 20.
465 1919 562 1958 Mox
591 1922 671 1960 tria
696 1922 877 1971 insignia
906 1924 1120 1962 mendacia
1143 1924 1366 1972 connectit,
1387 1936 1483 1962 cum
1510 1924 1568 1961 ait
1591 1936 1658 1961 me
1683 1923 1911 1961 denotans:

319 1986 326 2002 ⁴
347 1985 453 2033 Quid
474 1999 571 2035 ergo
600 1987 684 2025 iam
710 2001 828 2038 agere
858 1989 1050 2037 intendit,
1075 1989 1149 2039 qui
1176 1990 1386 2039 quondam
1412 1989 1654 2028 damnatam
1679 1987 1911 2027 versionem

316 2051 529 2090 Laurentii
542 2052 748 2092 Vallensis
761 2053 806 2091 in
823 2053 960 2092 lucem
973 2055 1212 2093 candescere
1228 2057 1411 2103 conatur,
1431 2055 1513 2093 nisi
1527 2066 1663 2092 sacrae
1679 2053 1914 2103 Scripturae

315 2116 598 2165 eloquentiam
638 2119 838 2158 infamem
865 2122 907 2158 et
935 2120 1119 2169 ineptam
1157 2121 1378 2159 1·eddere‘?'
1426 2120 1630 2165 Primum,
1661 2119 1755 2169 quis
1781 2118 1914 2157 nescit

238 2191 296 2230 165
317 2181 470 2220 falsum
493 2196 581 2221 esse
600 2197 624 2222 a
643 2184 868 2223 Laurentio
887 2198 1051 2224 versam
1068 2185 1326 2236 Scripturam
1345 2199 1501 2224 sacram
1515 2186 1536 2223 ⁶?
1593 2185 1755 2224 Falsius
1773 2186 1914 2223 autem

318 2248 406 2285 eius
435 2249 727 2288 annotationes
755 2251 965 2300 quondam
994 2264 1084 2289 esse
1111 2251 1337 2289 damnatas.
1397 2250 1688 2290 Falsissimum
1712 2249 1820 2300 quod
1844 2249 1913 2297 ait,

323 2314 415 2363 ‘qui
456 2327 523 2352 eas
553 2315 731 2365 euulget,
764 2315 1049 2366 eloquentiam
1087 2329 1222 2354 sacrae
1250 2317 1489 2366 Scripturae
1518 2318 1690 2354 conetur
1716 2315 1916 2353 infamem

322 2379 488 2418 reddere
503 2381 532 2415 ἐ
589 2394 715 2430 quam
752 2381 934 2419 illustrat
975 2382 1117 2430 potius
1153 2384 1193 2420 et
1232 2381 1494 2420 commendat
1533 2380 1605 2431 qui
1641 2382 1834 2430 portenta
1869 2392 1916 2418 ac

320 2444 490 2483 mendas
507 2459 610 2495 quas
629 2446 750 2484 istius
768 2446 931 2484 sodales
950 2446 1200 2485 inuexerunt
1219 2447 1416 2485 amolitus
1434 2446 1572 2485 fuerit.

241 2525 301 2558 170
377 2523 436 2548 21.
470 2511 630 2549 Deinde
660 2511 822 2560 magnis
844 2512 1068 2561 tragoediis
1096 2512 1140 2550 in
1164 2525 1231 2549 me
1260 2512 1520 2559 debachatur,
1543 2511 1614 2561 qui
1634 2511 1678 2549 in
1697 2511 1916 2561 prouerbio

321 2576 514 2624 quopiam
541 2576 675 2614 obiter
704 2576 961 2626 Scripturam
992 2589 1150 2615 sacram
1181 2576 1335 2615 Silenis
1357 2577 1610 2615 Alcibiadeis
1629 2576 1912 2625 compararim,

368 2727 439 2756 153.
468 2717 661 2748 virtutibus
677 2721 751 2748 add.
770 2720 810 2747 H.
904 2727 975 2756 157.
999 2716 1210 2756 anapodotis
1226 2720 1253 2747 D
1268 2729 1273 2747 :
1296 2716 1573 2757 anantapodotis
1588 2719 1630 2748 Η.
1739 2717 1809 2755 158.
1836 2726 1917 2756 apo-

323 2762 424 2790 stolis
440 2763 507 2791 DF
522 2764 633 2799 Com-iq.
653 2773 659 2791 :
682 2761 885 2801 apostolicis
901 2763 980 2791 ΓΗ.

370 2903 441 2933 137
466 2895 655 2936 amphora]
671 2895 723 2927 Cf.
741 2895 829 2927 Hor.
845 2899 885 2927 Α.
903 2898 938 2926 Ρ.
956 2903 994 2924 21
999 2905 1041 2936 ‚2.
1204 2904 1275 2934 139.
1288 2893 1548 2934 Hieronymus]
1559 2894 1613 2926 cf.
1626 2897 1701 2925 adu.
1713 2894 1915 2931 Rufin.1.16.

371 2940 441 2975 138.
456 2938 695 2979 Augustinus]
711 2942 772 2977 Ep.
782 2940 844 2978 263
862 2939 903 2969 cf.
913 2941 1087 2978 Methodus,
1203 2947 1273 2977 147.
1297 2938 1539 2979 Augustinus]
1554 2940 1653 2969 Doctr.
1667 2940 1773 2969 Christ.
1789 2948 1819 2976 4.
1838 2938 1870 2976 6,
1886 2947 1915 2976 7.

323 2981 361 3010 in
380 2983 423 3011 N.
440 2983 535 3011 Insrr.
553 2982 594 3013 f⁰
613 2981 698 3013 bbb²
713 2985 764 3013 v⁰.
1203 2991 1274 3020 170.
1299 2981 1504 3022 prouerbio]
1522 2985 1625 3020 Aday.
1639 2990 1733 3012 2201.
