2034 3433
370 191 448 229 514
829 188 1081 228 LETTERS
1120 188 1189 228 OF
1226 188 1491 227 ERASMUS
1832 188 1872 242 [1
1881 200 1903 238 5
1914 203 1929 228 1
1941 204 1962 239 9

832 292 928 333 931.
987 290 1054 331 To
1084 289 1303 331 WILLIAM
1335 290 1503 331 NESEN.

419 350 579 396 Farrago
598 362 633 394 p.
656 358 732 384 121.
1671 349 1850 385 Mechlin.

418 409 456 443 F.
476 421 510 453 p.
531 416 597 452 275
616 421 622 443 :
651 406 743 441 HN:
772 405 886 441 Lond.
906 418 937 441 v.
958 407 1023 441 28:
1050 405 1122 441 LB.
1144 415 1223 452 397.
1604 416 1644 442 21
1666 406 1797 442 March
1819 416 1919 453 1519.

827 480 1123 521 [Contemporary
1141 480 1232 511 with
1249 480 1337 521 Epp.
1357 481 1435 523 928,
1451 479 1543 520 930.]

711 561 917 592 ERASMVS
947 561 1179 591 GVLIELMO
1208 561 1384 591 NESENO
1414 562 1497 591 SVO
1528 562 1560 591 S.
1585 562 1626 594 D.

426 632 489 670 Ex
510 632 738 670 amicorum
757 631 892 669 literis
912 630 1102 681 intelligo
1122 629 1248 669 isthic
1268 630 1317 668 R.
1334 630 1383 668 P.
1400 631 1689 681 Augustinum
1706 631 1967 682 Nebyensem

371 696 609 745 episcopum
643 697 841 734 strennue
869 696 1088 735 vociferari
1117 695 1162 733 in
1190 694 1448 744 Erasmum3
1482 696 1648 735 etiamsi
1686 697 1874 735 nondum
1901 697 1967 736 ad-

373 762 500 800 ducor
542 763 586 800 vt
624 762 797 800 credam.
858 761 974 810 Quod
1018 761 1053 799 si
1093 774 1240 800 verum
1280 763 1353 809 est,
1397 761 1517 810 longe
1558 762 1752 800 dissimili
1799 763 1969 812 negocio

371 826 529 864 fuimus
555 826 720 877 vtrique
750 826 964 876 occupati3
998 839 1073 875 ego
1108 826 1208 864 dum
1242 826 1310 864 hic
1339 825 1453 864 illius
1482 826 1704 865 candorem
1732 827 1865 875 laudo,
1898 827 1970 866 ille

336 898 352 927 5
371 891 495 930 isthic
523 905 591 930 me
618 892 810 931 traducit.
856 891 1248 941 Compertissimum
1272 891 1404 930 habeo
1427 892 1622 931 barbaros
1648 892 1833 942 vndique
1860 893 1971 931 inter

373 970 416 996 se
445 957 700 1006 conspirasse
729 957 838 995 nihil
861 957 1116 996 intentatum
1142 956 1377 1006 relinquere
1407 970 1488 1006 quo
1514 957 1645 996 bonas
1670 957 1812 996 literas
1837 958 1970 1008 oppri-

373 1024 502 1061 mant.
559 1022 621 1061 Tu
661 1035 757 1061 caue
796 1036 848 1060 ne
887 1022 987 1072 quid
1025 1022 1075 1060 ad
1107 1035 1182 1060 nos
1216 1022 1372 1060 scribas
1406 1022 1668 1072 periculose3
1701 1035 1799 1061 nam
1827 1021 1970 1061 literae

372 1087 610 1138 frequenter
646 1088 980 1138 intercipiuntur,
1013 1087 1257 1138 praesertim
1287 1101 1390 1137 quae
1419 1087 1575 1127 isthinc
1605 1087 1806 1127 veniunt:
1846 1088 1970 1138 siqui·

373 1153 467 1191 dem
495 1153 572 1192 hae
603 1154 701 1192 tuae
740 1155 972 1203 postremae
1010 1153 1222 1191 redierunt
1250 1166 1273 1191 a
1299 1153 1505 1192 selandia.
1563 1153 1619 1191 Et
1647 1167 1698 1192 ex
1727 1153 1822 1192 aliis
1848 1153 1970 1191 audio

318 1237 357 1257 10
372 1218 507 1257 nescio
538 1218 636 1269 quid
670 1218 775 1256 mihi
808 1231 1043 1257 succensere
1073 1219 1299 1265 Budaeum,
1335 1231 1467 1268 neque
1507 1220 1649 1256 tamen
1682 1218 1812 1257 vllam
1849 1216 1969 1256 video

373 1296 537 1322 causam
577 1297 650 1322 cur
688 1286 936 1322 succenseat.
1009 1284 1103 1323 Non
1137 1283 1282 1322 dubito
1316 1283 1418 1333 quin
1450 1283 1585 1331 isthic,
1618 1285 1665 1322 vt
1693 1297 1767 1333 par
1794 1286 1866 1332 est,
1897 1283 1971 1321 fiat

373 1349 555 1398 plurimi.
612 1350 672 1388 At
700 1349 771 1388 vix
800 1349 1045 1387 crediderim
1073 1361 1161 1386 esse
1190 1348 1262 1399 qui
1292 1349 1342 1387 de
1370 1348 1539 1387 Budaeo
1571 1348 1789 1387 candidius
1817 1348 1971 1387 sentiat

373 1416 445 1453 aut
463 1413 806 1453 honorificentius
834 1414 1028 1463 loquatur
1054 1427 1179 1464 quam
1204 1414 1427 1453 Erasmus:
1456 1414 1622 1452 etiamsi
1655 1413 1787 1452 maior
1811 1415 1874 1452 est
1899 1413 1971 1452 ille

374 1493 497 1529 quam
530 1481 577 1518 vt
613 1481 753 1518 nostro
791 1481 905 1529 egeat
943 1479 1171 1529 praeconio.
1244 1478 1499 1518 Prouocarat
1534 1479 1585 1517 ad
1623 1479 1971 1518 conflictationem

318 1561 353 1593 ¹5
374 1544 608 1592 literariam,
643 1546 685 1583 et
719 1545 824 1582 mihi
858 1545 973 1583 visus
1012 1546 1074 1583 est
1108 1543 1252 1583 liberis
1292 1544 1394 1583 iocis
1431 1544 1654 1594 impendio,
1684 1544 1901 1584 delectari:
1929 1547 1970 1583 at

373 1609 574 1660 proximis
603 1609 735 1648 literis
765 1610 954 1655 offensus,
987 1609 1201 1660 respondit
1230 1609 1406 1659 epistola
1434 1610 1536 1648 satis
1559 1609 1769 1658 Francia»,
1794 1623 1847 1648 ne
1872 1609 1969 1666 quid

373 1675 484 1713 aliud
499 1675 633 1713 dicam
651 1689 660 1722 ;
691 1675 776 1712 imo
796 1688 881 1713 non
896 1674 1118 1724 respondit,
1137 1676 1175 1713 τί
1191 1677 1263 1727 γὰρ
1281 1676 1358 1713 ἐκεῖ
1375 1675 1467 1724 πρὸς
1486 1676 1605 1716 ἕποςὶ)
1634 1674 1816 1713 Proinde
1833 1674 1877 1713 in
1893 1675 1970 1713 hoc

372 1741 618 1790 argumento
647 1740 791 1778 diserti
820 1753 907 1778 esse
937 1740 1159 1789 noluimus,
1187 1740 1351 1779 etiamsi
1380 1739 1486 1778 mihi
1514 1740 1753 1790 persuaderi
1782 1740 1969 1778 nondum

374 1807 509 1855 potest
536 1805 660 1844 illum
690 1805 811 1844 irasci
837 1806 952 1844 serio.
1013 1806 1079 1844 Sic
1106 1805 1170 1844 illi
1196 1806 1337 1845 visum
1358 1807 1421 1844 est
1442 1808 1611 1844 nostrae
1633 1805 1820 1844 lenitatis
1840 1805 1971 1844 facere

316 1891 355 1911 20
373 1869 612 1920 periculum,
646 1872 717 1908 aut
748 1883 821 1908 suo
851 1872 959 1908 certe
989 1870 1129 1908 animo
1158 1883 1318 1909 morem
1346 1883 1512 1920 gerere:
1542 1883 1640 1908 nam
1675 1869 1746 1920 qui
1776 1870 1828 1908 ob
1859 1870 1971 1909 leues

373 1947 514 1973 causas
541 1935 701 1973 amicus
725 1948 813 1973 esse
839 1935 1015 1983 desierit,
1043 1935 1089 1984 is,
1120 1935 1228 1973 mihi
1259 1935 1387 1982 crede,
1409 1948 1624 1985 nunquam
1650 1948 1699 1973 ex
1726 1936 1866 1972 animo
1891 1934 1972 1972 fuit

372 2000 540 2039 amicus.
590 2000 705 2038 Bene
724 2000 824 2047 vale,
850 2000 1011 2039 Nesene
1029 2000 1282 2040 charissime.

428 2065 685 2104 Mechliniae.
708 2078 782 2104 ΧΠ.
806 2065 890 2104 Cal.
910 2065 1045 2115 April.
1066 2067 1196 2105 Anno
1216 2079 1401 2105 M.D.X1x.

638 2177 776 2231 932952
835 2176 966 2217 FROM
998 2177 1125 2218 JOHN
1156 2177 1312 2219 BECAR
1342 2189 1398 2219 or
1431 2178 1708 2219 BORSSELEN.

422 2257 582 2302 Farrago
601 2269 637 2302 p.
660 2266 737 2300 149.
1703 2256 1828 2292 Veere.

424 2314 461 2349 F.
481 2328 517 2361 p.
535 2325 626 2361 295:
654 2314 745 2349 HN:
773 2314 888 2350 Lond.
906 2314 952 2349 vi.
976 2324 1040 2360 15:
1069 2315 1144 2352 LB.
1162 2325 1242 2359 400.
1607 2316 1649 2350 28
1670 2314 1801 2350 March
1824 2324 1924 2361 1519.

419 2389 509 2430 [The
519 2389 600 2421 date
613 2390 644 2420 is
656 2389 850 2420 confirmed
867 2390 913 2430 by
930 2390 991 2420 the
1006 2390 1114 2420 books
1129 2389 1339 2420 mentioned
1355 2391 1391 2420 at
1407 2388 1468 2419 the
1479 2389 1676 2429 beginning
1693 2401 1701 2420 :
1723 2399 1780 2420 see
1791 2389 1880 2429 Epp.
1893 2390 1967 2429 864,

374 2434 448 2472 894,
467 2434 542 2474 916,
557 2442 629 2473 745.
672 2433 738 2463 For
747 2433 843 2463 John
856 2434 967 2464 Becar
981 2443 1037 2464 see
1050 2433 1139 2473 Epp.
1158 2443 1233 2473 291,
1246 2443 1319 2472 737.
1330 2434 1351 2463 8
1366 2443 1400 2464 n.
1434 2433 1505 2463 Jan
1518 2432 1797 2473 Reygersberch‚
1816 2435 1971 2471 Cronijcke

375 2487 436 2507 van
452 2479 607 2517 ZeeZamZt,
626 2477 812 2516 Antwerp,
836 2486 927 2517 1551,
946 2477 987 2508 f0.
1008 2477 1048 2517 B,
1067 2476 1176 2516 spells
1192 2477 1251 2508 his
1268 2486 1372 2507 name
1385 2475 1549 2507 Beecker.
1599 2476 1663 2516 Ep.
1683 2477 1749 2517 849
1759 2477 1876 2507 shows
1889 2476 1970 2508 that

375 2520 421 2550 he
445 2520 516 2551 had
540 2520 605 2551 left
629 2520 788 2551 Louvain
812 2521 928 2551 before
952 2520 1131 2552 Erasmus'
1155 2521 1281 2551 return
1306 2520 1398 2551 from
1423 2519 1536 2551 Basle.
1586 2519 1654 2550 For
1677 2520 1772 2551 their
1795 2520 1971 2560 intimacy

374 2564 476 2594 there
493 2564 563 2595 and
581 2564 759 2595 Erasmus’
777 2564 981 2595 confidence
998 2566 1037 2596 in
1054 2564 1133 2595 him
1149 2574 1205 2594 see
1221 2564 1284 2604 Ep.
1301 2565 1375 2603 805,
1395 2562 1586 2603 especially
1603 2563 1639 2593 11.
1660 2563 1795 2604 19-22.]

374 2644 421 2674 M.
446 2644 642 2674 IOANNES
668 2645 907 2685 BORSALVS,
931 2645 1137 2676 DECANVS
1162 2644 1413 2683 VERIENSIS,
1435 2644 1616 2674 ERASMO
1638 2643 1859 2675 ROTEROD.
1877 2643 1912 2676 S.
1927 2644 1969 2675 D.

430 2715 727 2753 Ovprmssmvs
757 2728 850 2753 sum
882 2715 1130 2765 iampridem
1162 2714 1446 2763 cognoscendi,
1485 2713 1609 2763 idque
1639 2727 1688 2752 ex
1718 2713 1803 2753 tuis
1838 2713 1970 2764 ipsius

376 2778 522 2827 literis,
539 2779 843 2817 humanissime
859 2779 1178 2829 doctissimeque
1192 2781 1442 2829 praeceptor,
1461 2791 1643 2829 quanam
1658 2778 1715 2817 sis
1729 2778 1969 2818 valetudine

419 2864 494 2894 931.
520 2873 549 2895 1.
574 2863 614 2894 R.
633 2863 672 2894 P.
688 2874 747 2895 om.
765 2867 807 2895 H.
898 2875 928 2903 4.
955 2864 1091 2896 fuimus
1107 2867 1157 2895 E:
1181 2872 1306 2896 sumus
1322 2868 1369 2897 H.
1455 2874 1486 2904 9.
1513 2863 1681 2895 Zelandia
1698 2867 1740 2895 H.
1841 2874 1890 2904 13.
1915 2865 1968 2894 est

376 2909 449 2936 adel.
468 2909 510 2937 H.
644 2909 692 2938 16.
721 2908 910 2947 respondet
925 2911 961 2940 F.

422 2993 498 3025 9:31.
524 3003 550 3023 1.
575 2994 698 3034 isthic]
718 2995 763 3025 In
781 2995 891 3026 Paris.
1254 2996 1302 3025 16.
1329 2994 1462 3035 literis]
1478 2994 1539 3034 Ep.
1556 2995 1632 3034 906.

462 3037 721 3077 Augustinum]
739 3038 802 3068 See
819 3048 852 3077 p.
871 3040 943 3076 278.
1254 3038 1305 3069 18.
1329 3038 1470 3077 diserti]
1489 3038 1540 3068 Cf.
1559 3038 1619 3068 Ov.
1641 3039 1690 3068 Tr.
1707 3047 1735 3075 3.
1757 3047 1804 3068 Π.
1824 3046 1875 3067 21.
