2034 3433
154 137 257 192 809]
620 138 690 177 TO
727 138 956 178 MARCUS
993 136 1292 177 LAURINUS
1673 136 1752 174 265

151 245 270 285 volui
298 258 383 284 non
412 257 506 284 sum
534 245 756 282 assecutus.
816 242 988 293 Alioqui
1027 243 1064 281 si
1092 243 1308 292 plerosque
1347 238 1620 290 perspicerem
1660 237 1752 276 istis

155 310 424 362 sycophantis
451 308 666 356 assimiles,
698 308 806 347 nihil
835 308 959 347 fuerit
988 307 1150 347 facilius
1178 319 1304 357 quam
1342 304 1521 344 dormire
1554 316 1600 341 ac
1633 302 1751 340 silere

152 377 340 427 mihique
358 378 400 415 et
418 375 585 415 Christo
603 387 757 413 canere.
1769 378 1807 408 55

209 443 303 481 Iam
337 442 446 492 quod
485 440 746 489 cauillantur,
778 440 829 478 ob
859 440 900 478 id
930 453 996 478 me
1025 452 1166 490 parare
1195 450 1348 476 nouam
1381 435 1607 474 editionem
1639 432 1749 482 quod

154 507 267 557 prior
294 507 401 545 mihi
428 519 514 545 non
543 505 776 553 satisfaciat,
800 505 1008 555 fingamus
1036 505 1096 543 ita
1122 517 1237 552 esse;
1267 501 1364 553 quid
1397 502 1459 539 est
1487 498 1596 550 quod
1622 510 1750 548 repre·

156 572 376 611 hendant‘?
413 571 449 610 si
488 571 679 610 studeam
717 572 878 621 meipso
916 570 1064 609 melior
1092 583 1192 617 esse,
1221 570 1263 607 et
1302 568 1342 606 id
1382 567 1513 605 facere
1551 563 1661 614 quod
1698 562 1750 600 ab

149 636 342 686 Origene,
366 637 474 687 quod
490 637 542 675 ab
555 636 816 687 Hieronymo
836 637 992 675 factum
1008 637 1070 674 est
1084 638 1126 674 et
1137 635 1189 674 ab
1209 633 1448 683 Augustino
1460 633 1480 670 ‘?
1506 628 1749 680 praesertim

151 715 249 741 cum
270 702 312 740 id
332 702 512 751 ingenue
530 703 707 740 testatus
726 702 807 740 sim
827 702 873 740 111
893 702 1029 751 prima
1047 700 1229 739 editione
1255 712 1323 736 me
1347 697 1555 735 facturum
1582 694 1617 732 si
1643 693 1750 731 foret
1766 693 1808 725 60

153 780 263 806 vsus.
335 767 458 806 Nunc
496 780 581 805 non
611 767 688 805 hoc
717 780 803 816 ago,
837 780 984 805 verum
1012 766 1124 804 idem
1157 763 1308 803 molior
1349 761 1457 812 quod
1496 761 1580 799 iam
1621 757 1747 796 tercio

153 832 311 870 factum
338 834 400 870 est
427 832 473 870 in
502 832 673 871 edendis
702 830 955 870 Prouerbiis.
1013 830 1081 869 Ad
1111 830 1220 877 haec,
1243 829 1288 867 in
1314 826 1582 866 translatione
1612 823 1747 872 priore

153 897 316 946 parcius
362 898 535 945 mutaui,
569 910 621 935 ne
666 897 795 935 nimis
842 896 1092 935 offenderem
1138 896 1315 933 istorum
1357 893 1519 931 animos
1565 889 1746 928 nimium

152 975 363 1001 morosos:
398 975 509 1001 nunc
529 962 849 1001 adhortantibus
872 961 1048 1000 eruditis
1066 961 1169 1000 viris
1195 959 1433 1010 plusculum
1459 958 1537 995 hac
1560 957 1605 994 in
1630 955 1746 1004 parte

147 1039 247 1064 -sum
263 1040 398 1066 ausus·
445 1027 603 1066 Deinde
617 1027 729 1066 locos
744 1029 989 1066 immutatos
1004 1027 1208 1065 crebriore
1223 1027 1418 1064 autorum
1433 1020 1748 1061 nomenclatura
1765 1018 1805 1059 65

148 1093 404 1141 communio,
422 1106 475 1131 ne
496 1093 595 1142 quid
615 1093 796 1132 habeant
815 1106 896 1143 quo
910 1093 1237 1142 tergiuersentur
1255 1093 1289 1128 οἱ
1309 1088 1529 1128 δυσπειθεῖς.
1589 1086 1747 1123 Postre—

154 1169 224 1195 mo
242 1157 332 1196 loca
351 1159 443 1196 tum
463 1158 681 1197 festinanti
699 1159 918 1208 praeterita
937 1158 1096 1197 adiicio.
1148 1156 1265 1204 Quod
1286 1156 1323 1193 si
1343 1154 1444 1204 quid
1464 1151 1634 1191 interim
1649 1148 1747 1188 inci-

153 1221 260 1259 derit
288 1222 396 1271 quod
423 1223 606 1262 eruditos
635 1237 681 1261 ac
710 1225 801 1274 pios
827 1223 1020 1271 offendat,
1043 1236 1128 1261 non
1149 1221 1294 1260 dubito
1315 1221 1498 1258 mutare:
1527 1228 1659 1266 neque
1680 1227 1747 1252 me

146 1286 356 1325 diffitebor
374 1287 592 1327 hominem
611 1301 708 1327 esse.

207 1351 492 1391 Contemnant
529 1353 638 1392 hanc
666 1354 846 1403 primam
879 1353 1117 1399 editionem,
1148 1352 1232 1390 nisi
1269 1350 1426 1389 multos
1463 1349 1508 1387 in
1548 1360 1595 1385 ea
1635 1345 1748 1383 locos
1768 1353 1807 1386 70

147 1415 331 1466 explicui
349 1418 394 1455 in
415 1418 567 1468 quibus
592 1419 775 1457 Thomas
799 1419 986 1469 Aquinas
1012 1418 1292 1457 hallucinatus
1319 1417 1392 1463 est,
1415 1427 1468 1452 ne
1492 1412 1591 1462 quid
1612 1410 1747 1449 dicam

146 1480 203 1519 de
222 1482 404 1521 caeteris.
463 1484 554 1522 Aut
568 1486 724 1534 negent
742 1484 832 1533 1100,
853 1486 926 1522 aut
944 1484 1138 1523 refellant
1157 1484 1192 1522 si
1211 1483 1376 1532 queant.
1437 1479 1512 1518 Sin
1530 1478 1573 1516 id
1594 1477 1639 1515 111
1659 1489 1747 1526 pro-

150 1546 293 1594 patulo
313 1548 436 1597 atque
454 1548 501 1586 in
521 1548 705 1588 confesso
725 1551 797 1597 est,
821 1551 1048 1599 agnoscant
1073 1550 1279 1599 quantum
1305 1546 1437 1596 frugis
1454 1543 1548 1583 istis
1566 1540 1748 1593 potuerit

143 1610 309 1649 adferre
345 1611 463 1652 labor
489 1615 656 1662 noster3
694 1615 805 1653 vnde
837 1614 1021 1654 Thomas
1057 1628 1218 1665 quoque
1255 1612 1512 1662 profecturus
1543 1608 1680 1655 fuerit,
1712 1605 1748 1644 si

142 1679 391 1726 superesset.
452 1678 584 1717 Nemo
604 1679 763 1718 dictum
782 1679 859 1718 hoc
878 1681 922 1718 in
941 1680 1058 1718 illius
1077 1680 1267 1729 torqueat
1285 1674 1592 1716 contumeliam.
1652 1673 1747 1711 Non
1768 1680 1804 1712 75

152 1741 267 1779 enim
307 1755 374 1780 me
414 1756 509 1782 cum
546 1744 620 1783 illo
660 1745 835 1793 confero,
868 1745 1031 1783 etiamsi
1068 1744 1271 1795 quaedam
1305 1742 1448 1792 aperui
1485 1752 1588 1790 quae
1625 1737 1748 1776 illum

151 1805 394 1846 fefellerant.
456 1808 572 1856 Quod
613 1809 663 1848 de
692 1809 854 1848 Thoma
881 1809 1041 1848 dictum
1074 1811 1147 1858 est,
1178 1809 1291 1847 idem
1325 1807 1483 1845 dictum
1513 1805 1664 1854 putent
1697 1802 1747 1840 de

150 1870 328 1920 Lyrano,
349 1873 436 1911 imo
456 1873 506 1912 de
525 1875 765 1924 Augustino
783 1876 826 1913 et
845 1874 1020 1913 Hilario.
1081 1874 1369 1920 contemnant,
1394 1870 1515 1909 modo
1538 1869 1748 1908 fateantur

150 1935 393 1976 innumeros
420 1938 532 1977 locos
561 1940 811 1989 explanatos,
846 1952 948 1989 quos
975 1939 1148 1978 antehac
1177 1952 1252 1977 nec
1290 1938 1321 1975 ii
1349 1934 1647 1984 intelligebant
1675 1932 1747 1982 qui

150 2013 236 2038 non
256 2001 481 2051 vulgariter
500 2004 651 2042 eruditi
669 2007 780 2043 sunt.
1766 1999 1806 2028 8⁰

205 2065 437 2116 Postremo,
482 2081 554 2106 cur
594 2070 667 2107 isti
704 2069 906 2108 damnant
953 2069 1060 2119 quod
1099 2082 1180 2107 non
1232 2069 1403 2106 damnat
1449 2064 1655 2111 Pontifex,
1680 2062 1747 2101 cui

150 2129 336 2169 dicatum
356 2134 419 2170 est
438 2146 541 2183 opus
553 2134 574 2172 ‘?
605 2134 712 2187 Misi,
731 2135 897 2184 accepit,
914 2134 1026 2183 legit,
1043 2134 1197 2183 gratias
1216 2133 1301 2181 egit
1320 2132 1462 2178 literis,
1477 2132 1600 2179 atque
1619 2129 1746 2166 etiam

152 2208 196 2232 re
222 2195 311 2244 ipsa
333 2197 490 2236 retulit.
549 2199 707 2236 Verum
733 2198 913 2247 rabulae,
935 2200 983 2236 vt
1006 2201 1105 2237 sunt
1127 2198 1285 2247 stupidi
1308 2198 1465 2243 natura,
1489 2197 1582 2234 tum
1601 2192 1746 2232 morbo

198 2296 249 2327 55.
276 2287 441 2328 mihique
460 2312 468 2320 .
488 2313 495 2320 .
514 2313 522 2320 .
544 2299 669 2320 canere
686 2293 760 2321 add.
779 2292 818 2321 D.
919 2291 969 2330 58.
995 2290 1090 2330 quod
1106 2290 1149 2320 ab
1167 2290 1319 2329 Origene
1335 2292 1407 2320 aad.
1426 2291 1465 2319 D.
1554 2289 1607 2327 63.
1631 2289 1747 2319 muta-

152 2341 277 2362 ueram
294 2334 333 2363 D.
447 2333 605 2364 nimium
621 2343 776 2365 morosos
793 2337 865 2365 add.
883 2337 923 2365 D.
1057 2335 1111 2372 64.
1136 2334 1175 2364 in
1192 2336 1264 2364 add.
1281 2335 1320 2363 D.
1454 2332 1506 2363 66.
1531 2332 1559 2362 οἱ
1576 2331 1747 2362 δυσπειθεῖς

153 2378 228 2406 add.
245 2377 286 2407 D.
391 2376 445 2415 67.
471 2376 546 2407 loca
562 2380 637 2408 aad.
656 2379 694 2408 D.
800 2387 850 2416 71.
876 2387 921 2408 ne
939 2401 946 2408 .
964 2400 972 2409 .
990 2401 997 2407 .
1017 2386 1067 2416 72.
1093 2377 1242 2408 caeteris
1258 2378 1331 2407 add.
1348 2378 1387 2407 D.
1497 2386 1548 2415 74.
1573 2375 1690 2406 fuerat
1704 2377 1747 2406 N.

153 2429 205 2458 77.
230 2418 325 2448 idem
342 2418 480 2450 dictum
497 2430 556 2451 om.
573 2423 614 2452 D.
766 2422 816 2460 78.
843 2420 980 2452 dictum
998 2423 1071 2451 add.
1090 2423 1119 2450 D
1131 2424 1199 2457 post
1215 2420 1367 2451 Hilario.
1500 2419 1745 2450 contemnant

148 2487 159 2493 -
180 2486 188 2494 .
206 2485 214 2492 .
229 2462 284 2492 80.
300 2464 385 2493 sunt
400 2465 476 2494 add.
494 2466 534 2494 D.
633 2465 686 2495 81.
710 2467 739 2494 D
754 2475 762 2495 :
786 2474 859 2495 non
872 2464 1033 2495 dammat
1049 2467 1118 2494 MS.
1208 2463 1259 2494 82.
1283 2466 1312 2493 D
1327 2474 1335 2494 ς
1359 2463 1478 2502 accepi
1495 2465 1561 2493 MS.
1657 2462 1744 2502 legit

150 2507 224 2536 add.
239 2507 277 2536 D.
410 2506 464 2545 83.
488 2507 609 2538 morbo
626 2510 674 2538 D:
699 2517 797 2539 more
813 2510 881 2538 MS.

195 2614 247 2643 55.
271 2603 413 2645 canere]
430 2603 482 2634 Of.
500 2604 570 2634 Cic.
586 2606 679 2635 Brut.
697 2614 750 2642 50.
773 2604 844 2643 187.
984 2603 1049 2634 seli
1077 2603 1134 2643 (cf.
1156 2603 1221 2643 Ep.
1246 2604 1322 2634 801.
1343 2613 1382 2642 13
1399 2603 1465 2642 11.),
1489 2604 1535 2634 110
1560 2604 1642 2634 took
1666 2613 1746 2634 care

194 2648 249 2678 60.
275 2648 315 2678 in
341 2648 456 2686 prima
486 2647 662 2689 editione]
692 2647 779 2678 This
810 2649 916 2678 state·
984 2649 1021 2678 to
1037 2647 1107 2677 veil
1123 2647 1182 2677 his
1198 2647 1383 2677 intention
1398 2658 1406 2686 ;
1422 2646 1464 2677 cf.
1482 2647 1547 2686 Ep.
1561 2656 1634 2684 421.
1650 2657 1746 2686 70—4.

153 2692 256 2722 ment
280 2691 351 2721 had
376 2691 522 2730 already
545 2691 636 2721 been
661 2691 766 2722 made
790 2691 830 2721 in
853 2691 916 2722 the
984 2691 1049 2731 Ep.
1067 2700 1130 2730 417
1147 2700 1220 2721 was
1234 2691 1298 2720 not
1312 2692 1373 2729 yet
1388 2690 1590 2729 published.

152 2737 307 2772 Apoloyia
329 2735 470 2774 against
492 2734 605 2765 Faber
626 2734 710 2775 (LB.
734 2736 781 2766 ix.
806 2743 848 2773 53
864 2735 912 2774 E).
1027 2736 1082 2765 62.
1106 2733 1323 2774 Prouerbiis]
1343 2733 1396 2765 Cf.
1413 2733 1478 2773 Ep.
1495 2734 1561 2773 269
1578 2734 1659 2766 init.

149 2778 265 2809 There
291 2787 352 2808 are
383 2779 501 2809 covert
530 2778 704 2817 promises
730 2778 768 2809 of
793 2777 915 2809 future
1025 2779 1080 2816 64.
1103 2776 1325 2818 plusculum]
1341 2777 1374 2807 A
1390 2777 1474 2807 hint
1494 2777 1532 2807 of
1549 2777 1613 2808 the
1631 2779 1745 2809 trans·

152 2821 310 2853 revision
326 2821 366 2851 in
381 2821 445 2852 the
461 2823 611 2859 Apozoyia
626 2821 782 2861 prefixed
799 2823 836 2852 to
852 2821 915 2852 the
983 2821 1179 2852 formation
1202 2820 1385 2851 described
1408 2821 1448 2851 in
1470 2819 1541 2851 vol.
1558 2820 1596 2861 ii,
1617 2831 1652 2861 p.
1670 2822 1743 2861 183.

151 2868 279 2896 Nouum
298 2867 548 2896 lustramentum
567 2864 624 2904 (f0.
648 2865 733 2895 bbb⁶
752 2867 813 2905 v⁰.‚
833 2864 913 2904 2-4)
984 2865 1020 2896 It
1037 2865 1067 2895 is
1084 2873 1181 2895 more
1198 2862 1385 2903 definitely
1402 2864 1616 2894 announeed
1632 2864 1672 2895 in
1691 2868 1707 2902 ξ
1724 2875 1745 2903 4

152 2908 224 2940 and
241 2909 279 2939 in
298 2907 362 2939 the
382 2908 521 2948 preface
542 2909 580 2938 to
601 2908 664 2939 the
686 2907 811 2939 reader
833 2908 912 2949 (Ep.
984 2907 1021 2938 of
1034 2907 1096 2938 the
1113 2917 1194 2938 new
1208 2909 1373 2945 Apologia,
1392 2916 1425 2946 p.
1445 2908 1510 2946 693
1533 2907 1578 2938 cf.
1594 2908 1728 2939 introd.

151 2962 225 2992 373.
255 2961 386 2990 221-3;
413 2952 455 2983 cf.
484 2951 545 2991 Ep.
577 2952 650 2990 446.
676 2952 773 2991 65-7‚
800 2951 912 2992 71-6).
1026 2952 1080 2991 69.
1105 2949 1308 2991 hominem]
1325 2949 1377 2981 Cf.
1394 2950 1456 2991 Ep.
1473 2960 1547 2990 373.
1566 2960 1679 2991 223,4.

152 2996 225 3027 But
250 2995 346 3026 until
371 2995 434 3026 the
460 2995 550 3026 book
574 2994 646 3026 had
667 2995 739 3025 had
763 2995 853 3026 time
878 2997 914 3026 to
1027 2995 1080 3026 82.
1105 2993 1240 3034 literis]
1257 2993 1320 3034 Ep.
1340 3003 1414 3033 519.
