2034 3433
102 206 206 260 950]
641 208 710 248 TO
747 207 897 247 JOHN
937 207 1196 248 SLECHTA
1611 208 1691 245 553

99 325 206 362 quos
231 311 591 351 schismaticorum
609 311 713 350 vitia
731 323 816 349 non
842 311 1073 361 inquinant.
1132 312 1190 349 At
1211 311 1390 349 demiror
1410 323 1493 349 non
1519 310 1692 349 existere

100 377 177 427 qui
209 379 344 416 totum
377 377 455 415 hoc
487 375 705 415 dissidium
738 376 898 415 tollant.
962 376 1151 414 Praestat
1168 376 1460 426 iniquioribus
1494 376 1693 414 conditio-

105 442 229 481 nibus
256 442 406 481 habere
433 441 693 480 concordiam
721 454 845 491 quam
870 441 1011 491 aequis
1041 441 1269 479 dissidium.
1329 442 1483 480 Vereor
1506 441 1694 491 equidem

106 520 158 545 ne
175 507 373 557 pecuniae
393 507 595 553 studium,
614 506 765 557 vbique
784 506 989 544 bonorum
1010 520 1174 545 morum
1192 506 1331 557 pestis,
1352 519 1437 545 non
1458 507 1569 545 sinat
1586 506 1694 545 coire
1713 516 1753 548 50

104 572 374 612 concordiam.
433 572 589 611 Paulus
618 572 782 610 nullum
812 571 1015 610 damnum
1043 573 1203 611 recusat
1225 585 1307 621 quo
1333 571 1549 611 Christum
1578 572 1696 611 lucri-

106 637 238 677 faciat.
281 638 361 676 Tot
376 640 474 676 sunt
487 637 531 675 in
547 637 644 676 orbe
658 636 894 685 cardinales,
911 638 972 675 tot
987 636 1175 687 episcopi,
1194 639 1257 675 tot
1271 636 1479 687 principes
1495 652 1504 685 3
1533 637 1695 676 vtinam

104 703 295 742 Christus
309 702 417 742 afflet
432 703 612 753 aliquem
627 702 778 741 horum
795 702 845 740 ad
861 702 938 740 hoc
954 701 1172 752 negocium
1186 702 1334 752 spiritu
1349 715 1445 741 vere
1457 701 1695 741 Christiano

102 769 424 819 capessendum!
455 768 612 807 Paulus
638 768 673 806 si
694 768 824 806 Rome
847 767 1106 817 praesideret,
1128 770 1191 806 sat
1214 768 1308 814 scio,
1332 780 1416 806 non
1441 767 1563 806 modo
1587 769 1695 816 pate-

107 835 220 872 retur
249 833 405 883 aliquid
437 832 567 872 decidi
597 832 801 871 fructibus
834 832 921 872 suis
950 832 1223 870 verumetiam
1257 832 1469 871 autoritati
1501 833 1694 871 nonnihil
1716 842 1753 873 55

105 899 295 948 derogari
313 900 531 948 pateretur,
556 898 678 937 modo
696 898 773 936 hoc
791 897 952 948 praecio
971 897 1229 936 concordiam
1247 911 1382 936 emere
1402 897 1552 937 liceret.

162 964 279 1012 Quod
300 964 335 1002 si
355 977 438 1003 non
466 963 679 1013 continget
697 963 818 1002 nobis
842 964 1086 1013 conspectus
1111 965 1292 1011 mutuus,
1316 965 1457 1001 tamen
1480 963 1695 1002 literarum

108 1029 394 1068 vicissitudine
412 1029 485 1067 fiet
503 1031 550 1068 vt
570 1030 611 1067 et
629 1042 703 1078 ego
722 1031 859 1067 tecum
884 1028 1102 1078 aliquoties
1129 1028 1396 1067 confabulans
1421 1028 1530 1077 apud
1549 1028 1695 1067 Albim

107 1096 228 1132 tuum
257 1094 409 1144 spatier
432 1096 473 1132 et
497 1096 544 1133 tu
570 1106 732 1132 mecum
758 1095 865 1144 apud
886 1094 1120 1132 Brabantos
1137 1093 1312 1132 victites.
1373 1093 1479 1132 Nam
1500 1093 1698 1142 quantula

108 1171 203 1208 pars
221 1158 426 1198 amicitiae
444 1161 506 1198 est
527 1159 760 1198 coniunctio
780 1172 1007 1209 corporum.
1064 1159 1178 1196 Bene
1196 1158 1297 1207 vale,
1320 1158 1384 1197 vir
1403 1158 1675 1197 ornatissime.
1716 1162 1757 1193 60

163 1224 348 1263 Louanii.
406 1226 528 1264 Anno
549 1238 571 1263 a
591 1224 757 1263 Christo
778 1226 872 1264 nato
892 1237 1073 1264 M.D.XIX.
1133 1223 1252 1262 Nono
1271 1223 1408 1263 Calen.
1432 1223 1570 1262 Maias.

517 1373 703 1430 ⁰²³9519se
761 1374 827 1416 To
857 1374 1044 1416 ULRICH
1077 1373 1286 1415 HUTTEN.

158 1457 320 1505 Farrago
337 1471 375 1504 p.
397 1468 473 1503 147.
1418 1459 1593 1496 Louvain.

159 1515 196 1551 F.
215 1529 250 1562 p.
270 1518 359 1562 294:
387 1517 477 1553 HN:
505 1517 622 1553 Lond.
642 1517 688 1553 vi.
714 1528 774 1561 14:
804 1516 874 1552 LB.
894 1527 974 1561 413.
1362 1528 1404 1562 23
1422 1517 1529 1562 April
1552 1527 1649 1563 1519.

557 1619 763 1650 ERASMVS
793 1619 1007 1649 HVTTENO
1039 1618 1120 1649 SVO
1153 1619 1185 1648 S.
1209 1617 1251 1648 D.

167 1699 252 1738 Tor
271 1701 503 1739 studiorum
523 1700 733 1740 laboribus
748 1700 919 1739 obrutus
934 1701 980 1738 vt
996 1699 1152 1738 mirum
1173 1699 1227 1738 sit
1243 1712 1309 1738 me
1324 1700 1516 1750 cuiquam
1532 1701 1702 1739 omnino

111 1765 363 1814 respondere,
387 1766 549 1817 saepius
574 1766 651 1804 tibi
676 1765 869 1815 respondi
888 1778 1013 1815 quam
1039 1767 1084 1803 tu
1112 1765 1165 1804 ad
1190 1778 1256 1803 me
1280 1764 1501 1814 scripseris,
1526 1765 1562 1803 si
1580 1766 1702 1804 modo

111 1830 378 1880 perferuntur
410 1844 513 1882 quae
549 1831 782 1870 mittimus:
824 1832 865 1869 et
901 1833 1040 1869 tamen
1078 1830 1266 1880 pertinax
1304 1830 1524 1869 silentium
1561 1843 1701 1869 meum

112 1908 276 1936 accusas
303 1910 547 1948 mecumque
573 1896 776 1946 delstigas,
804 1895 921 1946 quasi
945 1909 1093 1945 parum
1120 1895 1176 1934 sit
1201 1895 1422 1933 hominum
1443 1896 1514 1945 qui
1539 1907 1703 1934 mecum

112 1960 309 2000 rixentur.
356 1961 576 2012 Ingentem
595 1961 852 2011 voluptatem
871 1960 980 1999 mihi
999 1960 1184 2008 nuncias‚
1203 1960 1311 2009 quod
1331 1960 1405 1998 tali
1425 1960 1564 1999 animo
1583 1960 1638 1998 sit
1658 1960 1703 1998 in
1723 1974 1739 2004 5

114 2038 181 2063 me
207 2025 255 2065 R.
279 2026 328 2065 D.
355 2026 698 2077 Archiepiscopus
722 2025 1066 2075 Maguntinensis,
1092 2027 1133 2063 et
1159 2025 1238 2063 tibi
1266 2024 1391 2063 talem
1424 2024 1703 2063 Mecoenatem

113 2090 314 2140 gratulari
330 2105 414 2130 non
430 2091 583 2131 desino.
628 2091 844 2130 Caeterum
859 2090 1049 2128 libellum
1064 2090 1129 2128 illi
1143 2090 1324 2128 dicatum
1339 2089 1420 2128 iam
1437 2090 1596 2139 pridem
1611 2103 1703 2128 meo

114 2157 286 2205 sumptu
313 2157 408 2195 misi
427 2170 499 2207 per
517 2157 712 2195 iuuenem
733 2155 950 2206 quendam,
974 2168 1055 2193 vna
1074 2168 1169 2193 cum
1195 2154 1328 2193 literis
1353 2155 1404 2193 ad
1425 2157 1479 2202 te,
1500 2154 1704 2204 simulque

115 2220 413 2270 praefationem
438 2222 489 2260 ad
508 2221 831 2271 Guolphangum
851 2222 1103 2270 Angustum.
1165 2220 1275 2259 Eum
1294 2233 1343 2257 ex
1363 2219 1495 2258 literis
1514 2220 1705 2258 Rhenani

117 2285 305 2336 intelligo
331 2286 537 2325 Basileam
564 2300 691 2336 vsque
719 2286 978 2335 peruenisse:
1006 2285 1106 2335 quid
1135 2285 1262 2334 egerit
1290 2285 1524 2334 Maguntiae
1553 2284 1702 2323 nescio.
1726 2298 1765 2321 ιο

117 2350 308 2389 Demiror
337 2351 372 2389 si
405 2364 487 2390 non
520 2350 676 2401 peregit
709 2350 916 2399 mandata,
947 2363 1042 2389 cum
1071 2349 1300 2388 addiderim
1335 2350 1524 2388 libellum
1554 2362 1706 2388 memo-

116 2415 275 2455 rialem.
332 2416 607 2455 Praefiximus
625 2416 765 2455 libello
783 2415 999 2465 epistolam
1026 2415 1230 2454 eruditam
1249 2416 1290 2453 et
1310 2414 1537 2463 elegantem
1557 2415 1706 2453 Archi—

116 2481 310 2532 episcopi‚
341 2494 426 2520 non
453 2481 624 2532 perinde
651 2484 698 2521 vt
725 2483 883 2520 extaret
911 2480 1026 2520 illius
1054 2494 1150 2531 erga
1179 2493 1244 2519 me
1275 2480 1429 2519 fauoris
1466 2493 1706 2519 monumen-

118 2550 222 2595 tum,
249 2549 372 2597 atque
397 2549 443 2585 vt
471 2547 573 2586 alios
601 2548 707 2586 tanti
733 2546 939 2596 Principis
966 2546 1153 2596 exemplo
1181 2546 1230 2584 ad
1260 2545 1463 2584 bonarum
1491 2545 1705 2584 literarum

118 2611 305 2650 studium
339 2612 611 2651 accenderem.
671 2612 726 2650 Et
755 2611 898 2651 videor
927 2611 1032 2649 mihi
1069 2611 1309 2661 profecisse:
1351 2623 1449 2648 nam
1480 2610 1706 2649 clarissimo
1727 2624 1763 2654 15

119 2677 263 2715 iuueni
279 2676 516 2716 Guilhelmo
531 2677 580 2715 de
593 2678 711 2727 Croy,
726 2677 821 2716 duci
835 2680 875 2716 et
889 2677 1078 2727 episcopo
1094 2675 1387 2723 Cameracensi,
1404 2675 1706 2725 archiepiscopo

120 2741 328 2789 Toletano,
344 2742 519 2792 denique
533 2742 752 2791 Cardinali,
767 2755 1002 2792 quanquam
1018 2742 1120 2780 alias
1133 2741 1233 2779 satis
1244 2740 1453 2779 videretur
1468 2740 1515 2778 ad
1534 2740 1706 2779 honesta

166 2855 240 2886 950.
265 2865 319 2894 54.
344 2858 391 2886 F:
414 2855 641 2894 praesyderet
654 2857 695 2888 E.
855 2856 929 2887 951.
954 2855 986 2886 6.
1012 2854 1052 2886 R.
1071 2853 1114 2886 D.
1132 2864 1189 2884 om.
1209 2856 1251 2885 H.
1365 2853 1652 2893 Moguntinensis
1666 2855 1702 2884 F.

122 2909 152 2938 9.
178 2899 380 2938 August-um
396 2900 493 2928 Lond.
629 2907 677 2936 17.
702 2897 857 2938 denique
874 2900 947 2930 aad.
963 2901 998 2929 F.

165 3009 239 3039 950.
266 3018 318 3047 51.
345 3007 491 3048 Paulus]
515 3007 608 3039 Phil.
626 3016 657 3046 3.
675 3008 706 3038 8.
948 3007 1010 3045 563
1027 3005 1102 3036 this
1118 3005 1228 3045 figure
1244 3005 1274 3035 is
1290 3005 1378 3036 used
1394 3004 1432 3036 of
1447 3005 1558 3037 Peter.

167 3062 219 3092 54.
245 3051 391 3092 Paulus]
419 3051 465 3083 In
494 3050 605 3083 Lond.
632 3052 701 3081 xiv.
731 3060 779 3089 13,
808 3050 877 3080 LB.
990 3050 1065 3081 951.
1094 3049 1142 3080 16.
1167 3048 1274 3089 Croy]
1290 3048 1354 3079 See
1370 3058 1402 3088 p.
1419 3049 1472 3079 68.
