2034 3433
257 112 338 150 332
719 108 975 148 LETTERS
1014 108 1083 147 OF
1122 109 1389 148 ERASMUS
1730 106 1857 161 [1518

201 231 242 264 50
259 216 386 256 libros
414 217 531 256 iubet
558 214 728 262 remitti,
759 212 1003 264 praesertim
1032 213 1077 251 in
1106 213 1361 252 membranis
1399 213 1663 262 descriptos?
1718 213 1861 263 Neque

259 283 373 322 enim
399 282 531 321 vetuit
562 279 753 319 Christus
783 291 835 316 ne
859 291 995 317 sacros
1024 277 1153 317 libros
1181 277 1423 316 euoluerent
1450 276 1516 326 (ad
1544 290 1648 328 quos
1671 278 1862 317 hortatur

259 348 531 386 Timotheum
559 357 684 384 suum
712 344 898 393 Paulus),
927 343 998 382 sed
1025 356 1076 382 ne
1105 344 1156 382 ad
1184 343 1341 382 iudices
1365 343 1581 382 meditatis
1610 342 1864 382 orationibus

259 413 453 452 instructi
467 411 669 450 venirent.
720 408 878 447 Verum
892 409 969 447 hac
984 408 1033 447 de
1046 422 1090 447 re
1106 408 1310 459 copiosius
1328 409 1557 459 respondeo
1576 408 1622 446 in
1641 408 1865 459 posteriore

260 477 489 516 voluminis
514 475 723 514 aeditione
753 487 878 525 quam
904 474 1085 513 adorno:
1115 474 1288 525 proinde
1314 487 1619 524 superuacuum
1648 487 1736 512 esse
1765 475 1866 524 puto

202 557 241 589 55
260 542 480 593 prolixiore
501 553 690 581 sermone
710 553 879 578 onerare
898 539 1129 590 epistolam.

316 607 518 646 Similiter
551 609 592 645 et
622 606 673 644 de
706 605 886 644 secunda
920 605 1191 655 querimonia,
1221 619 1345 657 quam
1375 604 1547 644 adducis
1580 618 1630 643 ex
1663 605 1868 643 Actorum

263 687 346 723 cap.
379 685 418 721 x,
450 672 523 711 vbi
560 671 861 722 Apostolorum
890 671 1111 721 negocium
1144 684 1271 722 agens
1298 685 1448 710 excuso
1475 671 1572 709 illos
1610 669 1682 720 qui
1711 669 1870 708 Graeci-

263 740 393 777 tatem
414 751 532 777 suam
553 751 639 776 non
658 750 709 776 ex
729 736 986 776 orationibus
1006 736 1316 786 Demosthenis,
1338 737 1410 775 sed
1439 750 1490 775 ex
1517 736 1636 786 vulgi
1664 734 1870 785 colloquio

262 803 505 843 didicerint:
535 817 621 842 non
655 816 760 853 nego
790 802 948 841 donum
976 802 1228 853 linguarum,
1259 815 1393 852 neque
1425 803 1565 841 tamen
1600 800 1871 851 consequitur

204 878 244 908 60
263 883 331 908 eos
360 883 445 908 non
474 868 658 920 potuisse
689 869 841 907 Graece
871 867 1024 906 discere
1053 881 1104 906 ex
1133 867 1252 918 vulgi
1280 867 1498 918 colloquio.
1558 867 1675 906 Certe
1706 866 1871 917 Syriace

265 934 500 974 didicerunt
520 948 569 973 ex
584 934 704 985 vulgi
724 933 931 983 colloquio
948 947 959 981 3
989 933 1087 983 quid
1107 933 1152 971 ni
1172 935 1398 984 potuerunt
1418 935 1458 972 et
1479 934 1631 972 Graece
1643 933 1663 971 ⁶?
1692 931 1874 982 quando-

265 1001 433 1050 quidem
453 1000 505 1039 ob
525 1000 817 1039 Alexandrum
836 1000 1038 1038 victorem
1060 1001 1101 1038 et
1121 999 1391 1039 Rhomanum
1411 1000 1639 1049 imperium
1654 998 1875 1048 Aegyptus

265 1079 310 1105 ac
331 1066 474 1117 Syriae
493 1066 675 1105 maxima
693 1078 789 1117 pars
811 1067 981 1115 totaque
1005 1064 1146 1104 minor
1164 1066 1278 1113 Asia,
1302 1065 1388 1103 imo
1417 1066 1532 1103 totus
1555 1064 1686 1102 ferme
1712 1062 1872 1110 Oriens,

266 1134 313 1170 vt
349 1132 490 1183 inquit
527 1132 827 1182 Hieronymus,
866 1131 1019 1170 Graece
1057 1131 1307 1182 loqueretur.
1367 1131 1510 1181 Neque
1549 1130 1662 1168 enim
1699 1128 1876 1167 arbitror

207 1207 247 1248 65
268 1198 475 1248 Spiritum
494 1197 619 1237 illum
639 1198 852 1237 obliuione
873 1197 1116 1236 obliterasse
1136 1197 1246 1248 quod
1266 1199 1387 1236 antea
1407 1196 1650 1235 didicerant.
1701 1193 1819 1244 Quod
1839 1193 1875 1232 si

267 1264 486 1302 contendis
505 1264 614 1302 hanc
635 1263 912 1302 Graecitatem
934 1276 1061 1313 quam
1079 1263 1271 1301 videmus
1290 1263 1337 1301 in
1351 1261 1606 1312 Apostolicis
1625 1261 1774 1310 literis,
1789 1271 1877 1298 esse

270 1329 427 1368 donum
447 1329 635 1377 coeleste,
649 1329 760 1368 vnde
774 1331 894 1368 tanta
908 1329 1112 1368 sermonis
1127 1329 1299 1375 ruditas,
1315 1331 1400 1366 imo
1416 1327 1636 1375 barbaries,
1653 1339 1779 1377 quam
1799 1324 1877 1364 dis·

270 1394 467 1434 simulare
487 1408 573 1434 non
592 1396 850 1446 possumus?
878 1407 975 1433 cum
1003 1395 1185 1444 Spiritus
1213 1395 1346 1433 sancti
1376 1393 1621 1444 perfectiora
1647 1393 1732 1431 sint
1756 1403 1877 1441 opera

270 1474 395 1511 quam
433 1462 604 1500 naturae
640 1463 712 1500 aut
745 1461 976 1499 industriae
1004 1460 1224 1509 humanae,
1255 1462 1398 1499 autore
1428 1458 1735 1509 Chrysostomo.
1797 1455 1876 1495 Sed

214 1544 253 1578 70
271 1526 483 1575 hactenus,
503 1526 654 1576 inquis,
673 1527 881 1576 impertiit
895 1527 984 1564 eius
1003 1526 1206 1564 sermonis
1227 1526 1433 1575 peritiam,
1452 1526 1657 1574 quatenus
1677 1522 1878 1561 iudicauit

272 1592 548 1642 Euangelicae
572 1592 834 1642 simplicitati
858 1592 1092 1630 conuenire.
1153 1592 1287 1642 Atqui
1306 1591 1414 1629 istuc
1434 1591 1469 1629 si
1488 1590 1630 1628 aderat
1647 1588 1875 1639 Apostolis‚

273 1658 371 1709 quid
400 1658 486 1696 iam
515 1671 619 1708 opus
645 1661 733 1697 erat
761 1658 1013 1708 impertire?
1071 1658 1166 1696 Non
1195 1657 1374 1707 legimus
1412 1656 1638 1706 Apostolos
1676 1653 1878 1693 miraculo

274 1724 429 1762 Graece
449 1723 610 1762 locutos
628 1738 638 1772 ;
667 1724 829 1762 locutos
848 1724 1029 1773 legimus
1047 1737 1129 1762 vna
1149 1723 1352 1773 quapiam,
1372 1723 1417 1761 ni
1436 1721 1568 1769 fallor,
1587 1721 1742 1770 lingua,
1767 1722 1808 1759 et
1827 1719 1879 1758 ab

274 1789 468 1828 omnibus
500 1788 764 1827 intellectos:
799 1788 909 1839 quod
937 1791 984 1828 vt
1011 1789 1193 1827 maxime
1231 1788 1483 1838 contigisset,
1515 1800 1602 1825 non
1638 1788 1700 1824 est
1737 1786 1878 1824 tamen

217 1874 255 1908 75
275 1867 439 1893 necesse
468 1854 667 1893 miracula
695 1854 740 1892 in
763 1854 978 1904 Apostolis
1005 1854 1135 1893 facere
1167 1856 1376 1904 perpetua.
1437 1852 1607 1901 Quoties
1639 1851 1881 1902 postulabat

273 1920 371 1959 fidei
409 1920 639 1969 negocium,
671 1920 811 1958 aderat
849 1920 1007 1958 donum
1044 1920 1293 1970 linguarum,
1327 1931 1402 1957 nec
1433 1917 1628 1956 omnibus
1661 1918 1803 1956 tamen
1831 1930 1881 1955 ex

275 1999 416 2036 aequo,
449 1999 525 2024 nec
564 1998 726 2036 semper
755 1986 918 2024 aderat:
949 1986 1079 2024 semel
1108 1985 1184 2024 hoc
1211 1984 1428 2035 Apostolis
1456 1983 1653 2022 accidisse
1685 1982 1877 2033 legimus.

277 2052 353 2090 Est
381 2054 421 2090 et
450 2051 693 2102 prophetiae
723 2052 907 2100 donum;
949 2065 1080 2102 neque
1107 2053 1248 2090 tamen
1277 2051 1343 2089 cui
1373 2050 1519 2089 datum
1548 2051 1637 2088 erat
1666 2048 1779 2087 hunc
1810 2050 1882 2087 aut

275 2118 400 2156 illum
419 2118 623 2168 explicare
643 2117 793 2166 locum,
813 2118 948 2157 eidem
968 2118 1154 2156 licuisset
1170 2117 1319 2167 quouis
1338 2118 1524 2166 tempore
1540 2114 1732 2165 quemuis
1750 2114 1883 2153 alium

218 2196 260 2226 80
276 2183 480 2234 explicare
526 2183 674 2222 locum.
731 2183 1008 2233 Dispensabat
1054 2183 1131 2222 has
1178 2183 1294 2221 dotes
1341 2195 1435 2220 suas
1480 2180 1552 2219 ille
1600 2180 1784 2230 Spiritus
1829 2180 1881 2219 ad

277 2263 518 2288 mensuram
538 2249 648 2297 fidei,
671 2248 1023 2300 quemadmodum
1043 2248 1186 2287 scribit
1205 2247 1372 2286 Paulus.

332 2315 552 2354 Postremo
589 2315 662 2365 qui
698 2314 748 2353 fit
780 2316 827 2353 vt
862 2314 1150 2364 Hieronymus
1181 2315 1245 2352 tot
1274 2313 1374 2352 locis
1403 2325 1488 2350 non
1526 2313 1717 2350 vereatur
1754 2310 1884 2349 Paulo

277 2381 458 2420 tribuere
480 2380 627 2419 Graeci
644 2380 851 2419 sermonis
868 2380 1124 2430 imperitiam
1148 2381 1169 2418 ⁸?
1224 2379 1345 2417 Idem
1365 2377 1544 2416 affirmat
1563 2376 1718 2416 Lucam
1750 2376 1884 2426 magis

281 2447 430 2485 Graece
467 2446 635 2485 nouisse
673 2459 799 2496 quam
836 2445 1056 2493 Hebraice,
1085 2445 1193 2495 quod
1230 2443 1522 2483 Antiochenus
1558 2444 1687 2481 esset:
1717 2453 1884 2480 rursum

223 2523 261 2561 85
281 2512 463 2550 Paulum
491 2511 536 2550 in
565 2524 639 2550 sua
667 2511 814 2561 lingua
842 2511 1105 2550 disertiorem
1132 2510 1260 2549 fuisse
1290 2522 1416 2559 quam
1445 2509 1613 2556 Graeca,
1640 2507 1750 2558 quod
1778 2509 1887 2546 esset

282 2576 401 2616 Cilix.
446 2577 566 2616 1dem
581 2577 627 2615 in
642 2577 819 2627 epistola
833 2577 884 2615 ad
900 2576 1139 2616 Corinthios
1153 2575 1331 2615 secunda
1350 2574 1495 2612 Titum
1514 2586 1639 2612 suum
1659 2571 1884 2622 desyderat‚

283 2643 392 2692 quod
429 2643 465 2682 is
502 2643 591 2681 eius
623 2644 731 2681 esset
764 2642 931 2692 linguae
959 2642 1142 2693 peritior,
1176 2639 1527 2691 quemadmodum
1560 2632 1888 2687 interpretantur

346 2734 397 2762 70.
422 2722 484 2754 D²z
511 2724 631 2763 inquit
652 2722 705 2754 Dl.
794 2724 871 2754 eius
887 2722 929 2754 D1
944 2734 952 2754 ε
976 2724 1027 2753 eis
1042 2721 1094 2753 D2.
1260 2731 1310 2761 79.
1337 2719 1456 2750 eidem
1472 2717 1536 2749 N2:
1562 2718 1660 2749 idem
1676 2720 1705 2748 D
1720 2719 1817 2749 Loncl.

328 2811 378 2840 51.
403 2801 584 2841 Christus]
605 2801 702 2832 Matt.
724 2809 772 2831 10.
793 2809 841 2839 19.
1163 2798 1216 2829 81.
1241 2796 1391 2837 Paulus]
1410 2796 1510 2827 Rom.
1527 2804 1575 2826 12.
1593 2804 1624 2834 3.

373 2844 555 2886 hortatur]
575 2854 595 2873 2
612 2845 701 2874 Tim.
717 2853 747 2882 3.
771 2845 886 2882 14-16.
1163 2843 1214 2873 82.
1243 2839 1504 2880 Hieronymus]
1522 2842 1598 2871 adu.
1616 2841 1723 2876 Rufin.
1744 2847 1772 2870 1.
1792 2847 1842 2876 17.

329 2889 380 2925 64.
406 2887 670 2928 Hieronymus]
688 2890 724 2917 in
742 2890 809 2918 Gal.
828 2898 859 2927 2,
877 2887 986 2926 praef.
1163 2885 1216 2923 83.
1240 2883 1388 2924 Lucam]
1406 2883 1507 2914 Hier.
1523 2885 1634 2913 Comm.
1653 2885 1690 2912 in
1703 2885 1748 2913 Is.
1762 2891 1793 2920 3.
1806 2883 1838 2912 6.
1851 2890 1881 2920 9.

333 2941 381 2969 70.
407 2930 547 2971 inquis]
575 2932 609 2963 A
640 2931 814 2971 supposed
844 2929 1053 2970 rejoinder:
1163 2930 1216 2966 85.
1242 2927 1417 2967 Paulum]
1428 2927 1530 2958 Hier.
1546 2928 1607 2964 Ep.
1627 2935 1696 2965 121,
1712 2935 1784 2965 cap.
1806 2934 1854 2956 10.

287 2978 349 3005 not
366 2976 404 3004 in
422 2975 485 3015 Ep.
504 2977 576 3014 769.
1163 2973 1217 3004 86.
1241 2971 1413 3011 secunda]
1431 2980 1461 3002 2.
1483 2979 1533 3010 13,
1555 2979 1585 3008 7.
1602 2971 1670 3009 6,7.
