2034 3433
305 171 386 208 378
767 165 1017 205 LETTERS
1055 165 1124 204 OF
1161 164 1428 203 ERASMUS
1767 164 1894 217 [1518

751 285 902 325 8⁵7859.
963 283 1026 324 To
1059 283 1245 325 ULmoH
1278 283 1453 324 ZAsms.

354 378 464 414 Basle
483 376 559 411 MS.
577 376 621 410 D.
642 375 702 410 IV.
726 376 778 410 16.
802 383 863 419 105
886 373 947 418 (a).
1625 372 1744 407 Basle.

354 437 541 471 Deventer
557 433 634 468 MS.
654 443 710 477 91,
730 432 755 467 f.
778 442 818 477 19
836 434 905 477 (β).
1522 441 1565 465 22
1584 430 1731 475 August
1753 432 1852 475 1518.

359 494 402 529 D.
421 505 455 538 p.
475 501 565 536 205:
593 491 632 525 F.
651 502 686 533 p.
710 490 798 525 166:
826 488 917 524 HN:
945 488 1057 524 Lond.
1078 487 1131 524 iii.
1152 498 1218 532 39:
1247 488 1321 523 LB.
1341 499 1422 533 330.

352 584 442 625 [The
459 583 539 613 first
555 591 675 613 source
693 582 723 612 is
739 581 801 611 the
816 579 1011 619 autograph
1030 578 1138 610 letter
1153 579 1313 619 actually
1329 582 1409 610 sent
1421 580 1484 619 (α),
1501 580 1623 610 which
1635 590 1719 619 τως,
1735 579 1899 619 perhaps,

308 626 506 668 preserved,
527 625 599 656 like
624 625 711 665 Epp.
729 625 805 663 376,
827 634 892 663 379
917 624 954 653 in
980 623 1041 653 the
1065 632 1162 653 same
1186 623 1342 661 volume,
1359 624 1406 662 by
1430 623 1599 654 Boniface
1621 623 1838 662 Amerbaeh,
1855 622 1902 653 its

308 673 440 702 bearer.
486 669 560 700 The
585 678 673 708 copy
704 669 750 707 by
774 668 914 698 Hovius
938 669 978 697 in
1005 666 1069 697 the
1096 666 1277 697 Deventer
1305 667 1532 698 Letter—book
1549 668 1604 707 (β)
1632 668 1661 698 is
1687 666 1902 707 incomplete

308 713 465 753 through
490 713 553 744 the
576 713 647 743 loss
671 712 710 742 of
732 721 752 742 a
774 712 848 742 leaf
866 711 905 741 in
931 711 994 741 the
1019 710 1105 750 MS.,
1123 709 1144 740 f.
1167 718 1207 749 19
1230 711 1469 750 terminating
1491 713 1528 741 at
1550 713 1636 742 lucu-
1660 712 1699 741 in
1723 711 1748 742 1.
1765 720 1818 748 41.
1866 710 1903 740 It

310 758 521 798 reproduces
546 758 609 787 not
632 767 653 785 α
677 756 741 785 but
768 755 830 786 the
855 753 1039 794 amplified
1063 753 1205 784 version
1233 753 1271 784 of
1295 765 1315 783 α
1340 755 1449 794 given
1473 755 1512 785 in
1535 755 1588 792 Dg
1611 754 1702 785 with
1728 753 1850 785 which
1874 753 1901 783 it

309 803 339 833 is
354 799 566 841 practically
577 799 759 838 idenffical,
773 799 870 829 since
888 797 953 828 the
964 797 1051 836 only
1063 797 1225 827 variants
1238 799 1400 828 between
1412 797 1514 828 them
1526 808 1611 837 may
1623 799 1665 828 be
1679 797 1902 838 interpreted

309 855 347 877 as
364 854 479 876 errors
495 844 536 874 in
560 843 726 883 copying.
772 844 794 876 Β
819 851 903 881 may
922 841 1099 871 therefore
1122 841 1164 871 be
1186 840 1294 871 taken
1318 843 1356 872 to
1380 843 1562 881 represent
1586 842 1763 872 Erasmus’
1791 841 1903 880 rough

309 898 400 928 copy
414 889 452 919 of
465 887 527 918 the
544 886 650 917 letter
666 896 703 916 as
719 885 979 924 subsequently
994 884 1168 924 prepared
1184 884 1239 914 for
1259 884 1435 924 printing.
1480 885 1555 916 The
1578 885 1690 925 slight
1714 885 1905 916 difference

311 934 349 963 in
366 932 429 963 the
446 931 675 962 mouth-date
691 930 729 961 of
743 929 774 960 D
792 930 822 960 is
839 928 1008 969 probably
1024 938 1044 958 a
1060 937 1160 958 mere
1176 927 1304 968 erron]

466 1029 670 1058 ERASMVS
701 1026 1035 1058 ROTERODAMVS
1066 1026 1428 1057 INCOMPARABILI
1459 1028 1598 1067 ZASIO,
1631 1028 1753 1057 IVRIs

756 1095 1007 1131 VTRIVSQVE
1039 1095 1325 1136 PROFESSORI‚
1354 1096 1388 1125 S.
1416 1096 1457 1125 D.

367 1179 460 1218 NON
499 1191 669 1229 possum
704 1178 901 1224 obtinere,
943 1176 1008 1213 vir
1047 1177 1157 1214 inter
1195 1177 1325 1215 bonos
1364 1177 1519 1226 optime
1554 1179 1596 1215 et
1626 1178 1735 1216 inter
1768 1178 1909 1217 doctos

312 1244 558 1291 doctissime,
582 1244 684 1293 quin
703 1243 749 1281 in
769 1243 854 1281 tuis
874 1241 924 1280 ad
945 1255 1011 1280 me
1035 1241 1186 1280 litteris
1205 1242 1269 1280 tui
1292 1241 1444 1280 similis
1462 1242 1520 1280 sis
1546 1255 1720 1292 semper,
1742 1255 1808 1280 me
1828 1242 1910 1281 mei

313 1309 565 1350 dissimilem
610 1309 777 1357 faciens,
819 1321 867 1346 ex
907 1307 1149 1345 humillimo
1187 1321 1400 1357 magnum,
1440 1321 1491 1346 ex
1532 1308 1910 1346 infortunatissimo

314 1376 489 1423 felicem,
536 1389 587 1413 ex
629 1375 701 1413 vix
742 1373 962 1412 triuialiter
999 1372 1187 1411 litterato
1225 1373 1367 1412 verius
1405 1387 1532 1423 quam
1569 1373 1731 1412 erudito
1773 1373 1912 1412 omnis

277 1461 294 1492 5
314 1442 525 1480 doctrinae
548 1440 792 1490 principem,
815 1441 947 1489 atque.
970 1444 1018 1477 vt-
1046 1438 1176 1476 semel
1202 1439 1360 1486 finiam,
1388 1452 1438 1477 ex
1462 1452 1603 1477 musca
1625 1439 1907 1488 elephantum,

314 1509 361 1546 vt
399 1506 542 1546 Grecis
575 1508 638 1544 est
676 1506 721 1543 in
752 1503 983 1555 prouerbio.
1038 1504 1093 1542 Et
1131 1506 1273 1542 tamen
1310 1504 1428 1543 faueo
1466 1504 1690 1543 simulacro
1728 1518 1809 1555 quo
1846 1518 1913 1543 me

315 1572 506 1622 depingis
542 1571 748 1620 praeclare
787 1570 920 1619 magis
959 1582 1083 1619 quam
1121 1571 1225 1619 apte,
1260 1569 1393 1608 veluti
1425 1570 1461 1607 si
1494 1570 1664 1619 Apelles
1704 1570 1911 1619 quispiam

316 1638 519 1688 egregiam
557 1637 763 1686 picturam
798 1634 914 1673 omni
948 1634 1123 1672 artificio
1157 1635 1409 1673 elaboratam
1442 1638 1657 1684 proponat,
1698 1635 1766 1673 sed
1807 1648 1910 1685 quae

315 1704 366 1743 ad
395 1702 608 1751 exemplar
636 1715 720 1739 non
748 1700 1004 1750 respondeat.
1067 1700 1211 1750 Neque
1237 1701 1460 1751 quicquam
1481 1702 1545 1739 est
1571 1703 1711 1739 tamen
1732 1701 1842 1750 quod
1862 1714 1912 1739 ex

260 1785 298 1807 10
316 1783 362 1808 eo
381 1768 488 1807 mihi
513 1767 669 1818 possim
695 1778 924 1816 agnoscere.
985 1765 1142 1803 Verum
1162 1766 1326 1815 quando
1346 1766 1391 1804 in
1412 1766 1521 1804 Zasii
1541 1779 1678 1804 mores
1699 1779 1784 1804 non
1805 1765 1915 1803 cadit

317 1834 402 1873 vlla
431 1833 514 1871 fuci
543 1832 736 1882 suspicio,
769 1831 902 1881 patiar
933 1834 974 1868 te
1007 1832 1080 1869 tuo
1113 1831 1330 1880 indulgere
1363 1831 1430 1870 vel
1462 1831 1596 1870 amori
1628 1832 1697 1870 vel
1731 1831 1911 1881 ingenio,

317 1899 441 1938 modo
467 1898 575 1936 mihi
602 1897 788 1936 vicissim
810 1897 1028 1946 permittas
1053 1899 1100 1934 vt
1125 1909 1218 1934 meo
1244 1897 1444 1947 obsequar
1469 1897 1629 1947 pudori,
1661 1897 1733 1947 qui
1759 1896 1915 1935 soleam

317 1965 470 2004 amicos
508 1964 683 2002 effusius
720 1975 858 2001 amare
896 1975 1021 2012 quam
1058 1962 1305 2011 praedicare.
1363 1963 1452 2000 Aut
1488 1963 1525 2001 si
1557 1963 1720 2013 quando
1754 1975 1820 2000 res
1856 1961 1916 2000 ita

318 2027 471 2075 tulerit,
513 2026 661 2064 malim
698 2025 807 2075 apud
840 2024 943 2062 alios
973 2037 1098 2074 quam
1132 2038 1284 2063 coram.
1342 2025 1532 2075 Denique
1566 2025 1602 2064 si
1640 2024 1837 2063 inciderit
1870 2026 1916 2062 vt

263 2113 273 2134 ι
282 2114 298 2144 5
317 2106 455 2132 coram
484 2105 645 2142 quoque
674 2091 730 2130 sit
765 2090 1013 2138 faciendum,
1039 2090 1185 2129 malim
1215 2090 1427 2140 aliquanto
1455 2091 1629 2141 parcius.

373 2159 452 2197 Sed
473 2170 611 2207 quam,
636 2157 813 2203 obsecro,
838 2155 945 2193 mihi
967 2156 1168 2194 iacturam
1194 2158 1370 2194 narras?
1417 2156 1523 2195 Cum
1553 2156 1727 2194 antehac
1755 2167 1918 2205 semper

319 2224 368 2262 de
403 2223 524 2262 Zasio
556 2222 762 2272 praeclare
795 2221 1009 2269 senserim,
1045 2223 1186 2259 tamen
1224 2234 1273 2260 ex
1310 2224 1452 2260 nostro
1490 2235 1713 2272 congressu
1750 2222 1918 2260 tantum

317 2289 484 2328 accessit
512 2301 628 2326 meae
661 2287 710 2326 de
739 2290 780 2325 te
808 2286 1007 2336 opinioni,
1041 2289 1088 2324 vt
1121 2286 1227 2325 mihi
1260 2287 1401 2326 videar
1433 2286 1767 2337 magnitudinem
1800 2288 1917 2324 tuam

319 2356 520 2394 hactenus
548 2365 717 2403 prorsus
746 2353 967 2402 ignorasse.
1028 2352 1116 2401 Ego
1145 2351 1474 2391 iureconsultum
1502 2353 1705 2391 duntaxat
1737 2352 1917 2402 expecta-

263 2440 302 2461 20
318 2421 425 2468 bam,
450 2420 658 2469 insignem
688 2419 855 2468 quidem
884 2418 1007 2456 illum
1036 2420 1078 2456 et
1106 2418 1412 2467 admirabilem,
1439 2419 1509 2457 sed
1538 2420 1706 2457 tantum
1734 2417 1916 2456 iurecon-

319 2486 492 2524 sultum.
565 2484 673 2532 Quid
717 2486 858 2522 autem
902 2486 966 2521 est
1009 2483 1055 2521 in
1099 2483 1387 2534 theologorum
1430 2483 1642 2534 mysteriis
1678 2486 1751 2522 aut
1788 2483 1917 2521 etiam
1975 2482 1980 2488 ‘

319 2551 513 2602 palestris
540 2549 627 2588 illis
653 2550 763 2599 quod
791 2548 871 2587 tibi
899 2561 984 2587 non
1014 2551 1191 2597 erutum,
1223 2563 1307 2588 non
1335 2563 1556 2589 excussum
1585 2563 1631 2588 ac
1665 2549 1915 2588 meditatum

363 2670 425 2691 ΤΠ.
462 2670 559 2690 ZAsro
587 2683 595 2690 .
625 2682 633 2690 .
666 2683 673 2689 .
704 2667 911 2689 Pnorssssoni
938 2668 978 2689 a:
1014 2667 1161 2688 nocrom
1187 2668 1361 2690 vnAmeo
1387 2669 1495 2699 zAsm,
1525 2667 1669 2690 cESAREI
1698 2667 1793 2688 rvms
1822 2667 1918 2688 APVD

323 2713 514 2734 rmnvnoos
530 2711 736 2734 PROFESSORI
751 2711 956 2732 cLAmssnio
972 2702 995 2735 β
1014 2704 1204 2741 (vDAmeo
1218 2705 1291 2733 add.
1309 2704 1364 2743 D).
1464 2712 1494 2734 2.
1523 2725 1532 2741 ‚
1547 2712 1687 2742 semper
1703 2701 1774 2732 mei
1790 2711 1848 2732 me
1862 2703 1891 2731 D
1907 2711 1915 2730 z

323 2757 472 2787 semper,
491 2757 548 2778 me
565 2747 637 2777 mei
654 2748 676 2781 β
693 2757 700 2776 :
725 2756 782 2776 me
798 2746 871 2776 mei
888 2759 916 2776 α.
1087 2755 1119 2784 3.
1145 2746 1356 2776 humillimo
1373 2760 1392 2778 α
1409 2757 1417 2776 :
1439 2747 1590 2777 minimo
1606 2748 1647 2777 Ν.
1818 2755 1849 2782 4.
1875 2753 1917 2774 ex

324 2794 381 2822 aD
399 2802 406 2821 :
429 2791 456 2822 &
472 2793 505 2825 β.
606 2791 638 2821 6.
665 2791 704 2819 vt
719 2803 738 2820 α
754 2800 761 2819 :
785 2789 880 2828 quod
896 2790 929 2822 β.
1020 2799 1049 2827 7.
1074 2788 1189 2820 veluti
1206 2813 1214 2820 .
1236 2814 1242 2820 .
1259 2813 1267 2820 .
1285 2800 1316 2829 9.
1336 2790 1549 2829 respondeat-
1564 2792 1638 2820 add.
1652 2790 1675 2823 β
1690 2787 1917 2829 (respondeat.

324 2837 352 2864 D
371 2846 378 2865 ι
400 2834 617 2875 respondent
632 2835 681 2872 B).
823 2842 854 2871 9.
880 2833 1073 2872 quicquam
1089 2835 1142 2863 est
1158 2835 1278 2864 tamen
1296 2844 1336 2865 a:
1360 2834 1460 2864 enim
1475 2834 1667 2873 quisquam
1683 2835 1737 2863 est
1753 2834 1776 2866 β
1791 2843 1800 2863 2
1818 2831 1916 2862 enim

324 2879 517 2916 quiequam
534 2880 588 2909 est
604 2880 641 2908 D.
750 2887 798 2907 10.
826 2879 883 2907 aD
897 2887 905 2906 ε
928 2885 1072 2916 possum
1087 2877 1120 2910 β.
1223 2878 1271 2908 16.
1298 2886 1438 2916 semper
1452 2888 1511 2908 om.
1530 2879 1563 2911 β.
1669 2885 1718 2915 19.
1745 2875 1917 2906 hactenus

325 2924 399 2951 adel.
418 2924 451 2955 β.
587 2930 638 2951 22.
666 2920 742 2951 illis
757 2922 830 2950 add.
848 2921 881 2953 β.
973 2929 1047 2950 non
1063 2922 1135 2951 ante
1149 2930 1336 2951 excussum
1353 2923 1426 2953 add.
1444 2923 1480 2955 β.

887 3020 917 3050 6.
942 3018 1147 3060 prouerbio]
1164 3022 1271 3057 Aday.
1290 3020 1366 3058 869.
