<?xml version="1.0" encoding="UTF-8"?>
<!DOCTYPE html PUBLIC "-//W3C//DTD XHTML 1.0 Transitional//EN"
    "http://www.w3.org/TR/xhtml1/DTD/xhtml1-transitional.dtd">
<html xmlns="http://www.w3.org/1999/xhtml" xml:lang="en" lang="en">
 <head>
  <title>
</title>
<meta http-equiv="Content-Type" content="text/html;charset=utf-8" />
  <meta name='ocr-system' content='tesseract 3.04.00' />
  <meta name='ocr-capabilities' content='ocr_page ocr_carea ocr_par ocr_line ocrx_word'/>
</head>
<body>
  <div class='ocr_page' id='page_1' title='image "./opusepistolarumd03erasuoft_0366.png"; bbox 0 0 2034 3433; ppageno 0'>
   <div class='ocr_carea' id='block_1_1' title="bbox 301 111 1899 165">
    <p class='ocr_par' dir='ltr' id='par_1_1' title="bbox 301 111 1899 165">
     <span class='ocr_line' id='line_1_1' title="bbox 301 111 1899 165; baseline 0 -16"><span class='ocrx_word' id='word_1_1' title='bbox 301 111 383 150; x_wconf 82' lang='lat'>320</span> <span class='ocrx_word' id='word_1_2' title='bbox 769 113 1023 152; x_wconf 83' lang='lat' dir='ltr'><strong>LETTERS</strong></span> <span class='ocrx_word' id='word_1_3' title='bbox 1059 112 1128 150; x_wconf 86' lang='lat' dir='ltr'>OF</span> <span class='ocrx_word' id='word_1_4' title='bbox 1166 112 1433 152; x_wconf 81' lang='lat' dir='ltr'><strong>ERASMUS</strong></span> <span class='ocrx_word' id='word_1_5' title='bbox 1774 111 1814 165; x_wconf 86' lang='lat'>[1</span> <span class='ocrx_word' id='word_1_6' title='bbox 1824 123 1845 160; x_wconf 86' lang='lat'>5</span> <span class='ocrx_word' id='word_1_7' title='bbox 1854 125 1868 149; x_wconf 94' lang='lat'>1</span> <span class='ocrx_word' id='word_1_8' title='bbox 1877 115 1899 150; x_wconf 83' lang='lat'>8</span> 
     </span>
    </p>
   </div>
   <div class='ocr_carea' id='block_1_2' title="bbox 214 216 1901 2492">
    <p class='ocr_par' dir='ltr' id='par_1_2' title="bbox 222 216 1901 400">
     <span class='ocr_line' id='line_1_2' title="bbox 222 216 1901 269; baseline -0.001 -11"><span class='ocrx_word' id='word_1_9' title='bbox 222 235 283 269; x_wconf 89' lang='lat'>290</span> <span class='ocrx_word' id='word_1_10' title='bbox 357 231 418 267; x_wconf 82' lang='lat'>43.</span> <span class='ocrx_word' id='word_1_11' title='bbox 450 219 657 267; x_wconf 80' lang='lat' dir='ltr'><strong>Quorsum</strong></span> <span class='ocrx_word' id='word_1_12' title='bbox 677 217 807 267; x_wconf 88' lang='lat' dir='ltr'>igitur</span> <span class='ocrx_word' id='word_1_13' title='bbox 826 217 978 254; x_wconf 75' lang='lat' dir='ltr'>attinet</span> <span class='ocrx_word' id='word_1_14' title='bbox 998 216 1231 254; x_wconf 90' lang='lat' dir='ltr'>conuicium</span> <span class='ocrx_word' id='word_1_15' title='bbox 1253 216 1364 265; x_wconf 90' lang='lat' dir='ltr'>quod</span> <span class='ocrx_word' id='word_1_16' title='bbox 1383 216 1430 254; x_wconf 92' lang='lat' dir='ltr'>in</span> <span class='ocrx_word' id='word_1_17' title='bbox 1448 229 1515 254; x_wconf 88' lang='lat' dir='ltr'>me</span> <span class='ocrx_word' id='word_1_18' title='bbox 1535 219 1708 267; x_wconf 83' lang='lat' dir='ltr'>torquet,</span> <span class='ocrx_word' id='word_1_19' title='bbox 1732 218 1741 236; x_wconf 86' lang='lat'>‘</span> <span class='ocrx_word' id='word_1_20' title='bbox 1754 217 1901 256; x_wconf 86' lang='lat' dir='ltr'>Nonne</span> 
     </span>
     <span class='ocr_line' id='line_1_3' title="bbox 301 281 1899 329; baseline -0.001 -7"><span class='ocrx_word' id='word_1_21' title='bbox 301 297 447 322; x_wconf 89' lang='lat' dir='ltr'>omnes</span> <span class='ocrx_word' id='word_1_22' title='bbox 470 283 514 321; x_wconf 90' lang='lat' dir='ltr'>hi</span> <span class='ocrx_word' id='word_1_23' title='bbox 542 283 767 329; x_wconf 83' lang='lat' dir='ltr'>mendaces,</span> <span class='ocrx_word' id='word_1_24' title='bbox 790 283 831 319; x_wconf 90' lang='lat' dir='ltr'>et</span> <span class='ocrx_word' id='word_1_25' title='bbox 854 282 920 319; x_wconf 91' lang='lat' dir='ltr'>hic</span> <span class='ocrx_word' id='word_1_26' title='bbox 945 281 1058 319; x_wconf 90' lang='lat' dir='ltr'>solus</span> <span class='ocrx_word' id='word_1_27' title='bbox 1086 282 1246 319; x_wconf 81' lang='lat' dir='ltr'>verax?</span> <span class='ocrx_word' id='word_1_28' title='bbox 1264 281 1273 296; x_wconf 75' lang='lat'><strong><em>⁹</em></strong></span> <span class='ocrx_word' id='word_1_29' title='bbox 1329 281 1456 329; x_wconf 78' lang='lat' dir='ltr'>Quasi</span> <span class='ocrx_word' id='word_1_30' title='bbox 1482 281 1596 320; x_wconf 87' lang='lat' dir='ltr'>solus</span> <span class='ocrx_word' id='word_1_31' title='bbox 1621 282 1698 320; x_wconf 93' lang='lat' dir='ltr'>hoc</span> <span class='ocrx_word' id='word_1_32' title='bbox 1726 283 1899 321; x_wconf 80' lang='lat' dir='ltr'>dixerim</span> 
     </span>
     <span class='ocr_line' id='line_1_4' title="bbox 300 347 1198 400; baseline -0.002 -12"><span class='ocrx_word' id='word_1_33' title='bbox 300 350 408 400; x_wconf 88' lang='lat' dir='ltr'>quod</span> <span class='ocrx_word' id='word_1_34' title='bbox 428 349 522 398; x_wconf 85' lang='lat' dir='ltr'>plus</span> <span class='ocrx_word' id='word_1_35' title='bbox 541 361 610 386; x_wconf 87' lang='lat' dir='ltr'>sex</span> <span class='ocrx_word' id='word_1_36' title='bbox 631 347 749 385; x_wconf 90' lang='lat' dir='ltr'>milia</span> <span class='ocrx_word' id='word_1_37' title='bbox 768 347 983 385; x_wconf 90' lang='lat' dir='ltr'>doctorum</span> <span class='ocrx_word' id='word_1_38' title='bbox 1002 347 1198 386; x_wconf 85' lang='lat' dir='ltr'>fatentur.</span> 
     </span>
    </p>

    <p class='ocr_par' dir='ltr' id='par_1_3' title="bbox 298 411 1899 528">
     <span class='ocr_line' id='line_1_5' title="bbox 355 411 1899 461; baseline 0 -10"><span class='ocrx_word' id='word_1_39' title='bbox 355 428 416 461; x_wconf 85' lang='lat'>44.</span> <span class='ocrx_word' id='word_1_40' title='bbox 447 413 527 452; x_wconf 81' lang='lat' dir='ltr'>Sed</span> <span class='ocrx_word' id='word_1_41' title='bbox 573 413 785 451; x_wconf 86' lang='lat' dir='ltr'>adduntur</span> <span class='ocrx_word' id='word_1_42' title='bbox 833 411 1086 461; x_wconf 84' lang='lat' dir='ltr'>Hieronymi</span> <span class='ocrx_word' id='word_1_43' title='bbox 1132 411 1419 461; x_wconf 81' lang='lat' dir='ltr'>praefationes.</span> <span class='ocrx_word' id='word_1_44' title='bbox 1492 412 1601 460; x_wconf 80' lang='lat' dir='ltr'>Quid</span> <span class='ocrx_word' id='word_1_45' title='bbox 1651 413 1764 461; x_wconf 86' lang='lat' dir='ltr'>noui,</span> <span class='ocrx_word' id='word_1_46' title='bbox 1804 426 1899 451; x_wconf 86' lang='lat' dir='ltr'>cum</span> 
     </span>
     <span class='ocr_line' id='line_1_6' title="bbox 298 475 1618 528; baseline -0.002 -10"><span class='ocrx_word' id='word_1_47' title='bbox 298 479 506 518; x_wconf 75' lang='lat' dir='ltr'>doceant?</span> <span class='ocrx_word' id='word_1_48' title='bbox 538 490 776 528; x_wconf 85' lang='lat' dir='ltr'>quanquam</span> <span class='ocrx_word' id='word_1_49' title='bbox 796 476 953 527; x_wconf 85' lang='lat' dir='ltr'>aliquot</span> <span class='ocrx_word' id='word_1_50' title='bbox 973 490 1023 514; x_wconf 88' lang='lat' dir='ltr'>ex</span> <span class='ocrx_word' id='word_1_51' title='bbox 1042 476 1110 515; x_wconf 88' lang='lat' dir='ltr'>his</span> <span class='ocrx_word' id='word_1_52' title='bbox 1131 475 1383 526; x_wconf 85' lang='lat' dir='ltr'>Hieronymi</span> <span class='ocrx_word' id='word_1_53' title='bbox 1403 490 1488 515; x_wconf 90' lang='lat' dir='ltr'>non</span> <span class='ocrx_word' id='word_1_54' title='bbox 1508 479 1618 516; x_wconf 82' lang='lat' dir='ltr'>sunt.</span> 
     </span>
    </p>

    <p class='ocr_par' dir='ltr' id='par_1_4' title="bbox 219 541 1901 724">
     <span class='ocr_line' id='line_1_7' title="bbox 219 541 1901 596; baseline -0.001 -14"><span class='ocrx_word' id='word_1_55' title='bbox 219 563 277 596; x_wconf 84' lang='lat'>295</span> <span class='ocrx_word' id='word_1_56' title='bbox 352 554 413 591; x_wconf 87' lang='lat'>45.</span> <span class='ocrx_word' id='word_1_57' title='bbox 447 543 606 581; x_wconf 90' lang='lat' dir='ltr'>Deinde</span> <span class='ocrx_word' id='word_1_58' title='bbox 634 542 763 592; x_wconf 80' lang='lat' dir='ltr'>exigit</span> <span class='ocrx_word' id='word_1_59' title='bbox 791 544 839 581; x_wconf 90' lang='lat' dir='ltr'>vt</span> <span class='ocrx_word' id='word_1_60' title='bbox 868 542 1036 580; x_wconf 82' lang='lat' dir='ltr'>doceam</span> <span class='ocrx_word' id='word_1_61' title='bbox 1065 542 1115 580; x_wconf 90' lang='lat' dir='ltr'>ab</span> <span class='ocrx_word' id='word_1_62' title='bbox 1144 541 1407 592; x_wconf 89' lang='lat' dir='ltr'>Hieronymo</span> <span class='ocrx_word' id='word_1_63' title='bbox 1431 542 1632 593; x_wconf 83' lang='lat' dir='ltr'>quaedam</span> <span class='ocrx_word' id='word_1_64' title='bbox 1654 543 1901 592; x_wconf 87' lang='lat' dir='ltr'>reprehendi</span> 
     </span>
     <span class='ocr_line' id='line_1_8' title="bbox 297 606 1900 659; baseline 0 -13"><span class='ocrx_word' id='word_1_65' title='bbox 297 622 400 659; x_wconf 87' lang='lat' dir='ltr'>quae</span> <span class='ocrx_word' id='word_1_66' title='bbox 428 610 570 646; x_wconf 89' lang='lat' dir='ltr'>nostra</span> <span class='ocrx_word' id='word_1_67' title='bbox 596 608 721 647; x_wconf 89' lang='lat' dir='ltr'>habet</span> <span class='ocrx_word' id='word_1_68' title='bbox 749 608 911 647; x_wconf 90' lang='lat' dir='ltr'>aeditio.</span> <span class='ocrx_word' id='word_1_69' title='bbox 972 608 1066 646; x_wconf 88' lang='lat' dir='ltr'>Imo</span> <span class='ocrx_word' id='word_1_70' title='bbox 1092 606 1204 658; x_wconf 86' lang='lat' dir='ltr'>legat</span> <span class='ocrx_word' id='word_1_71' title='bbox 1230 608 1318 658; x_wconf 91' lang='lat' dir='ltr'>ipse</span> <span class='ocrx_word' id='word_1_72' title='bbox 1349 608 1676 657; x_wconf 89' lang='lat' dir='ltr'>Hieronymum,</span> <span class='ocrx_word' id='word_1_73' title='bbox 1701 610 1740 646; x_wconf 92' lang='lat' dir='ltr'>et</span> <span class='ocrx_word' id='word_1_74' title='bbox 1762 621 1842 656; x_wconf 87' lang='lat' dir='ltr'>me,</span> <span class='ocrx_word' id='word_1_75' title='bbox 1865 609 1900 646; x_wconf 94' lang='lat' dir='ltr'>si</span> 
     </span>
     <span class='ocr_line' id='line_1_9' title="bbox 296 673 857 724; baseline 0 -12"><span class='ocrx_word' id='word_1_76' title='bbox 296 675 443 724; x_wconf 88' lang='lat' dir='ltr'>potest,</span> <span class='ocrx_word' id='word_1_77' title='bbox 464 674 625 712; x_wconf 86' lang='lat' dir='ltr'>refellat</span> <span class='ocrx_word' id='word_1_78' title='bbox 646 673 857 713; x_wconf 77' lang='lat' dir='ltr'>vanitatis,</span> 
     </span>
    </p>

    <p class='ocr_par' dir='ltr' id='par_1_5' title="bbox 295 739 1900 855">
     <span class='ocr_line' id='line_1_10' title="bbox 352 739 1900 789; baseline 0.001 -12"><span class='ocrx_word' id='word_1_79' title='bbox 352 743 414 787; x_wconf 89' lang='lat'>46.</span> <span class='ocrx_word' id='word_1_80' title='bbox 449 740 582 789; x_wconf 87' lang='lat' dir='ltr'>Negat</span> <span class='ocrx_word' id='word_1_81' title='bbox 600 739 830 778; x_wconf 80' lang='lat' dir='ltr'>Ecclesiam</span> <span class='ocrx_word' id='word_1_82' title='bbox 859 752 993 778; x_wconf 87' lang='lat' dir='ltr'>errare</span> <span class='ocrx_word' id='word_1_83' title='bbox 1026 752 1157 788; x_wconf 89' lang='lat' dir='ltr'>posse.</span> <span class='ocrx_word' id='word_1_84' title='bbox 1218 739 1487 779; x_wconf 81' lang='lat' dir='ltr'>Continuone</span> <span class='ocrx_word' id='word_1_85' title='bbox 1513 741 1621 778; x_wconf 90' lang='lat' dir='ltr'>errat</span> <span class='ocrx_word' id='word_1_86' title='bbox 1643 739 1840 787; x_wconf 81' lang='lat' dir='ltr'>Ecclesia,</span> <span class='ocrx_word' id='word_1_87' title='bbox 1863 739 1900 778; x_wconf 90' lang='lat' dir='ltr'>si</span> 
     </span>
     <span class='ocr_line' id='line_1_11' title="bbox 295 804 1900 855; baseline -0.001 -11"><span class='ocrx_word' id='word_1_88' title='bbox 295 808 393 844; x_wconf 91' lang='lat' dir='ltr'>tuus</span> <span class='ocrx_word' id='word_1_89' title='bbox 423 806 549 843; x_wconf 81' lang='lat' dir='ltr'>codex</span> <span class='ocrx_word' id='word_1_90' title='bbox 579 805 827 855; x_wconf 89' lang='lat' dir='ltr'>deprauatus</span> <span class='ocrx_word' id='word_1_91' title='bbox 856 805 953 843; x_wconf 83' lang='lat' dir='ltr'>est‘?</span> <span class='ocrx_word' id='word_1_92' title='bbox 1008 804 1064 843; x_wconf 87' lang='lat' dir='ltr'>Et</span> <span class='ocrx_word' id='word_1_93' title='bbox 1094 807 1235 843; x_wconf 88' lang='lat' dir='ltr'>tamen</span> <span class='ocrx_word' id='word_1_94' title='bbox 1269 805 1471 855; x_wconf 85' lang='lat' dir='ltr'>quaedam</span> <span class='ocrx_word' id='word_1_95' title='bbox 1505 805 1693 843; x_wconf 85' lang='lat' dir='ltr'>accedere</span> <span class='ocrx_word' id='word_1_96' title='bbox 1722 807 1900 855; x_wconf 86' lang='lat' dir='ltr'>possunt</span> 
     </span>
    </p>

    <p class='ocr_par' dir='ltr' id='par_1_6' title="bbox 216 869 1901 1173">
     <span class='ocr_line' id='line_1_12' title="bbox 216 869 1899 923; baseline -0.004 -10"><span class='ocrx_word' id='word_1_97' title='bbox 216 891 277 923; x_wconf 84' lang='lat'>300</span> <span class='ocrx_word' id='word_1_98' title='bbox 295 871 512 919; x_wconf 84' lang='lat' dir='ltr'>Ecclesiae,</span> <span class='ocrx_word' id='word_1_99' title='bbox 544 884 648 921; x_wconf 86' lang='lat' dir='ltr'>quae</span> <span class='ocrx_word' id='word_1_100' title='bbox 676 871 850 909; x_wconf 89' lang='lat' dir='ltr'>antehac</span> <span class='ocrx_word' id='word_1_101' title='bbox 883 870 1087 910; x_wconf 75' lang='lat' dir='ltr'>nescierit,</span> <span class='ocrx_word' id='word_1_102' title='bbox 1149 870 1291 920; x_wconf 90' lang='lat' dir='ltr'>Neque</span> <span class='ocrx_word' id='word_1_103' title='bbox 1329 884 1406 908; x_wconf 89' lang='lat' dir='ltr'>nos</span> <span class='ocrx_word' id='word_1_104' title='bbox 1443 870 1702 908; x_wconf 87' lang='lat' dir='ltr'>affirmamus</span> <span class='ocrx_word' id='word_1_105' title='bbox 1739 869 1785 908; x_wconf 90' lang='lat' dir='ltr'>in</span> <span class='ocrx_word' id='word_1_106' title='bbox 1822 870 1899 909; x_wconf 87' lang='lat' dir='ltr'>hac</span> 
     </span>
     <span class='ocr_line' id='line_1_13' title="bbox 295 936 1899 986; baseline -0.002 -10"><span class='ocrx_word' id='word_1_107' title='bbox 295 950 382 976; x_wconf 88' lang='lat' dir='ltr'>esse</span> <span class='ocrx_word' id='word_1_108' title='bbox 429 937 701 976; x_wconf 87' lang='lat' dir='ltr'>translatione</span> <span class='ocrx_word' id='word_1_109' title='bbox 738 936 848 986; x_wconf 89' lang='lat' dir='ltr'>quod</span> <span class='ocrx_word' id='word_1_110' title='bbox 886 936 1012 974; x_wconf 89' lang='lat' dir='ltr'>fidem</span> <span class='ocrx_word' id='word_1_111' title='bbox 1049 936 1264 975; x_wconf 87' lang='lat' dir='ltr'>subuertat</span> <span class='ocrx_word' id='word_1_112' title='bbox 1303 936 1590 985; x_wconf 80' lang='lat' dir='ltr'>orthodoxam,</span> <span class='ocrx_word' id='word_1_113' title='bbox 1631 948 1719 974; x_wconf 90' lang='lat' dir='ltr'>esse</span> <span class='ocrx_word' id='word_1_114' title='bbox 1757 937 1899 974; x_wconf 87' lang='lat' dir='ltr'>tamen</span> 
     </span>
     <span class='ocr_line' id='line_1_14' title="bbox 294 1001 1901 1053; baseline -0.001 -12"><span class='ocrx_word' id='word_1_115' title='bbox 294 1003 403 1052; x_wconf 89' lang='lat' dir='ltr'>quod</span> <span class='ocrx_word' id='word_1_116' title='bbox 433 1001 767 1053; x_wconf 88' lang='lat' dir='ltr'>operaeprecium</span> <span class='ocrx_word' id='word_1_117' title='bbox 797 1002 852 1040; x_wconf 88' lang='lat' dir='ltr'>sit</span> <span class='ocrx_word' id='word_1_118' title='bbox 880 1002 1157 1041; x_wconf 88' lang='lat' dir='ltr'>admonuisse.</span> <span class='ocrx_word' id='word_1_119' title='bbox 1219 1001 1325 1051; x_wconf 88' lang='lat' dir='ltr'>Lege</span> <span class='ocrx_word' id='word_1_120' title='bbox 1350 1003 1503 1050; x_wconf 87' lang='lat' dir='ltr'>nostra,</span> <span class='ocrx_word' id='word_1_121' title='bbox 1531 1003 1572 1039; x_wconf 91' lang='lat' dir='ltr'>et</span> <span class='ocrx_word' id='word_1_122' title='bbox 1599 1001 1683 1040; x_wconf 82' lang='lat' dir='ltr'>nisi</span> <span class='ocrx_word' id='word_1_123' title='bbox 1707 1003 1901 1039; x_wconf 84' lang='lat' dir='ltr'>sexcenta</span> 
     </span>
     <span class='ocr_line' id='line_1_15' title="bbox 295 1066 1896 1119; baseline -0.002 -12"><span class='ocrx_word' id='word_1_124' title='bbox 295 1069 384 1107; x_wconf 90' lang='lat' dir='ltr'>loca</span> <span class='ocrx_word' id='word_1_125' title='bbox 410 1069 637 1119; x_wconf 88' lang='lat' dir='ltr'>comperies</span> <span class='ocrx_word' id='word_1_126' title='bbox 662 1067 837 1106; x_wconf 86' lang='lat' dir='ltr'>antehac</span> <span class='ocrx_word' id='word_1_127' title='bbox 864 1067 936 1106; x_wconf 90' lang='lat' dir='ltr'>abs</span> <span class='ocrx_word' id='word_1_128' title='bbox 960 1070 1001 1106; x_wconf 89' lang='lat' dir='ltr'>te</span> <span class='ocrx_word' id='word_1_129' title='bbox 1026 1069 1113 1106; x_wconf 90' lang='lat' dir='ltr'>tam</span> <span class='ocrx_word' id='word_1_130' title='bbox 1141 1067 1259 1106; x_wconf 90' lang='lat' dir='ltr'>docto</span> <span class='ocrx_word' id='word_1_131' title='bbox 1290 1068 1379 1106; x_wconf 91' lang='lat' dir='ltr'>viro</span> <span class='ocrx_word' id='word_1_132' title='bbox 1406 1080 1493 1105; x_wconf 89' lang='lat' dir='ltr'>non</span> <span class='ocrx_word' id='word_1_133' title='bbox 1513 1067 1739 1115; x_wconf 89' lang='lat' dir='ltr'>intellecta,</span> <span class='ocrx_word' id='word_1_134' title='bbox 1763 1080 1830 1105; x_wconf 89' lang='lat' dir='ltr'>me</span> <span class='ocrx_word' id='word_1_135' title='bbox 1850 1066 1896 1104; x_wconf 92' lang='lat' dir='ltr'>in</span> 
     </span>
     <span class='ocr_line' id='line_1_16' title="bbox 296 1134 492 1173; baseline 0 -1"><span class='ocrx_word' id='word_1_136' title='bbox 296 1134 361 1173; x_wconf 88' lang='lat' dir='ltr'>ius</span> <span class='ocrx_word' id='word_1_137' title='bbox 380 1147 492 1172; x_wconf 91' lang='lat' dir='ltr'>voca.</span> 
     </span>
    </p>

    <p class='ocr_par' dir='ltr' id='par_1_7' title="bbox 214 1197 1899 1446">
     <span class='ocr_line' id='line_1_17' title="bbox 214 1197 1899 1251; baseline -0.001 -13"><span class='ocrx_word' id='word_1_138' title='bbox 214 1219 275 1251; x_wconf 84' lang='lat'>305</span> <span class='ocrx_word' id='word_1_139' title='bbox 351 1210 412 1247; x_wconf 84' lang='lat'>47.</span> <span class='ocrx_word' id='word_1_140' title='bbox 463 1198 689 1238; x_wconf 82' lang='lat' dir='ltr'>‘Scandalo</span> <span class='ocrx_word' id='word_1_141' title='bbox 728 1211 771 1236; x_wconf 90' lang='lat' dir='ltr'>es</span> <span class='ocrx_word' id='word_1_142' title='bbox 791 1199 800 1214; x_wconf 77' lang='lat'><em>⁹</em></span> <span class='ocrx_word' id='word_1_143' title='bbox 844 1198 983 1248; x_wconf 90' lang='lat' dir='ltr'>inquit</span> <span class='ocrx_word' id='word_1_144' title='bbox 1030 1199 1038 1217; x_wconf 84' lang='lat'>‘</span> <span class='ocrx_word' id='word_1_145' title='bbox 1060 1198 1161 1247; x_wconf 89' lang='lat' dir='ltr'>orbi,</span> <span class='ocrx_word' id='word_1_146' title='bbox 1212 1198 1315 1237; x_wconf 91' lang='lat' dir='ltr'>dum</span> <span class='ocrx_word' id='word_1_147' title='bbox 1362 1211 1495 1237; x_wconf 90' lang='lat' dir='ltr'>nouas</span> <span class='ocrx_word' id='word_1_148' title='bbox 1539 1199 1733 1247; x_wconf 55' lang='lat' dir='ltr'>recepta)</span> <span class='ocrx_word' id='word_1_149' title='bbox 1803 1197 1899 1235; x_wconf 88' lang='lat' dir='ltr'>Imo</span> 
     </span>
     <span class='ocr_line' id='line_1_18' title="bbox 294 1263 1897 1314; baseline -0.001 -11"><span class='ocrx_word' id='word_1_150' title='bbox 294 1264 470 1303; x_wconf 89' lang='lat' dir='ltr'>maximi</span> <span class='ocrx_word' id='word_1_151' title='bbox 490 1266 531 1303; x_wconf 92' lang='lat' dir='ltr'>et</span> <span class='ocrx_word' id='word_1_152' title='bbox 549 1264 697 1314; x_wconf 88' lang='lat' dir='ltr'>optimi</span> <span class='ocrx_word' id='word_1_153' title='bbox 714 1264 866 1314; x_wconf 89' lang='lat' dir='ltr'>quique</span> <span class='ocrx_word' id='word_1_154' title='bbox 885 1264 992 1302; x_wconf 90' lang='lat' dir='ltr'>mihi</span> <span class='ocrx_word' id='word_1_155' title='bbox 1006 1263 1159 1314; x_wconf 83' lang='lat' dir='ltr'>gratias</span> <span class='ocrx_word' id='word_1_156' title='bbox 1173 1266 1315 1314; x_wconf 87' lang='lat' dir='ltr'>agunt,</span> <span class='ocrx_word' id='word_1_157' title='bbox 1334 1266 1376 1302; x_wconf 90' lang='lat' dir='ltr'>et</span> <span class='ocrx_word' id='word_1_158' title='bbox 1397 1264 1469 1314; x_wconf 91' lang='lat' dir='ltr'>qui</span> <span class='ocrx_word' id='word_1_159' title='bbox 1488 1263 1606 1314; x_wconf 89' lang='lat' dir='ltr'>prius</span> <span class='ocrx_word' id='word_1_160' title='bbox 1623 1263 1897 1311; x_wconf 83' lang='lat' dir='ltr'>oblatrabant,</span> 
     </span>
     <span class='ocr_line' id='line_1_19' title="bbox 295 1328 1896 1380; baseline -0.001 -12"><span class='ocrx_word' id='word_1_161' title='bbox 295 1344 415 1380; x_wconf 91' lang='lat' dir='ltr'>opere</span> <span class='ocrx_word' id='word_1_162' title='bbox 444 1330 548 1368; x_wconf 90' lang='lat' dir='ltr'>lecto</span> <span class='ocrx_word' id='word_1_163' title='bbox 577 1330 775 1368; x_wconf 90' lang='lat' dir='ltr'>desinunt</span> <span class='ocrx_word' id='word_1_164' title='bbox 805 1329 1033 1368; x_wconf 87' lang='lat' dir='ltr'>oblatrare:</span> <span class='ocrx_word' id='word_1_165' title='bbox 1075 1330 1145 1368; x_wconf 88' lang='lat' dir='ltr'>sed</span> <span class='ocrx_word' id='word_1_166' title='bbox 1178 1330 1447 1368; x_wconf 83' lang='lat' dir='ltr'>offenduntur</span> <span class='ocrx_word' id='word_1_167' title='bbox 1477 1329 1598 1379; x_wconf 88' lang='lat' dir='ltr'>pauci</span> <span class='ocrx_word' id='word_1_168' title='bbox 1628 1328 1896 1379; x_wconf 83' lang='lat' dir='ltr'>superciliosi,</span> 
     </span>
     <span class='ocr_line' id='line_1_20' title="bbox 295 1395 1140 1446; baseline -0.001 -12"><span class='ocrx_word' id='word_1_169' title='bbox 295 1397 367 1446; x_wconf 88' lang='lat' dir='ltr'>qui</span> <span class='ocrx_word' id='word_1_170' title='bbox 388 1396 538 1434; x_wconf 87' lang='lat' dir='ltr'>nolunt</span> <span class='ocrx_word' id='word_1_171' title='bbox 559 1396 778 1446; x_wconf 86' lang='lat' dir='ltr'>quicquam</span> <span class='ocrx_word' id='word_1_172' title='bbox 798 1395 932 1433; x_wconf 88' lang='lat' dir='ltr'>videri</span> <span class='ocrx_word' id='word_1_173' title='bbox 952 1395 1140 1434; x_wconf 81' lang='lat' dir='ltr'>nescisse.</span> 
     </span>
    </p>

    <p class='ocr_par' dir='ltr' id='par_1_8' title="bbox 352 1460 1898 1510">
     <span class='ocr_line' id='line_1_21' title="bbox 352 1460 1898 1510; baseline 0.001 -12"><span class='ocrx_word' id='word_1_174' title='bbox 352 1464 412 1508; x_wconf 84' lang='lat'>48.</span> <span class='ocrx_word' id='word_1_175' title='bbox 452 1461 534 1500; x_wconf 88' lang='lat' dir='ltr'>‘Vt</span> <span class='ocrx_word' id='word_1_176' title='bbox 563 1461 730 1499; x_wconf 90' lang='lat' dir='ltr'>demus&#39;</span> <span class='ocrx_word' id='word_1_177' title='bbox 759 1460 898 1510; x_wconf 88' lang='lat' dir='ltr'>inquit</span> <span class='ocrx_word' id='word_1_178' title='bbox 930 1461 1085 1499; x_wconf 82' lang='lat' dir='ltr'>‘inesse</span> <span class='ocrx_word' id='word_1_179' title='bbox 1114 1474 1281 1509; x_wconf 86' lang='lat' dir='ltr'>errores,</span> <span class='ocrx_word' id='word_1_180' title='bbox 1311 1474 1396 1499; x_wconf 91' lang='lat' dir='ltr'>non</span> <span class='ocrx_word' id='word_1_181' title='bbox 1426 1460 1641 1510; x_wconf 79' lang='lat' dir='ltr'>oportebat</span> <span class='ocrx_word' id='word_1_182' title='bbox 1671 1460 1716 1497; x_wconf 92' lang='lat' dir='ltr'>in</span> <span class='ocrx_word' id='word_1_183' title='bbox 1746 1460 1898 1509; x_wconf 88' lang='lat' dir='ltr'>vulgus</span> 
     </span>
    </p>

    <p class='ocr_par' dir='ltr' id='par_1_9' title="bbox 215 1525 1897 1630">
     <span class='ocr_line' id='line_1_22' title="bbox 215 1525 1897 1578; baseline -0.001 -14"><span class='ocrx_word' id='word_1_184' title='bbox 215 1547 278 1578; x_wconf 79' lang='lat'>310</span> <span class='ocrx_word' id='word_1_185' title='bbox 295 1527 502 1576; x_wconf 85' lang='lat' dir='ltr'>profer1·e.’</span> <span class='ocrx_word' id='word_1_186' title='bbox 559 1527 654 1564; x_wconf 90' lang='lat' dir='ltr'>Imo</span> <span class='ocrx_word' id='word_1_187' title='bbox 683 1525 864 1564; x_wconf 86' lang='lat' dir='ltr'>maxime</span> <span class='ocrx_word' id='word_1_188' title='bbox 893 1526 937 1564; x_wconf 90' lang='grc'>111</span> <span class='ocrx_word' id='word_1_189' title='bbox 963 1526 1116 1576; x_wconf 88' lang='lat' dir='ltr'>vulgus</span> <span class='ocrx_word' id='word_1_190' title='bbox 1140 1526 1395 1564; x_wconf 87' lang='lat' dir='ltr'>efferendum</span> <span class='ocrx_word' id='word_1_191' title='bbox 1425 1528 1488 1564; x_wconf 90' lang='lat' dir='ltr'>est</span> <span class='ocrx_word' id='word_1_192' title='bbox 1512 1526 1619 1576; x_wconf 91' lang='lat' dir='ltr'>quod</span> <span class='ocrx_word' id='word_1_193' title='bbox 1652 1527 1816 1575; x_wconf 88' lang='lat' dir='ltr'>oportet</span> <span class='ocrx_word' id='word_1_194' title='bbox 1844 1525 1897 1564; x_wconf 89' lang='lat' dir='ltr'>ab</span> 
     </span>
     <span class='ocr_line' id='line_1_23' title="bbox 296 1592 615 1630; baseline 0 0"><span class='ocrx_word' id='word_1_195' title='bbox 296 1593 490 1630; x_wconf 89' lang='lat' dir='ltr'>omnibus</span> <span class='ocrx_word' id='word_1_196' title='bbox 509 1592 615 1630; x_wconf 89' lang='lat' dir='ltr'>sciri.</span> 
     </span>
    </p>

    <p class='ocr_par' dir='ltr' id='par_1_10' title="bbox 294 1655 1898 1838">
     <span class='ocr_line' id='line_1_24' title="bbox 352 1655 1895 1707; baseline -0.001 -11"><span class='ocrx_word' id='word_1_197' title='bbox 352 1671 413 1706; x_wconf 86' lang='lat'>49.</span> <span class='ocrx_word' id='word_1_198' title='bbox 450 1657 567 1696; x_wconf 86' lang='lat' dir='ltr'>‘Non</span> <span class='ocrx_word' id='word_1_199' title='bbox 595 1657 755 1707; x_wconf 90' lang='lat' dir='ltr'>potest&#39;</span> <span class='ocrx_word' id='word_1_200' title='bbox 784 1657 924 1706; x_wconf 86' lang='lat' dir='ltr'>inquit</span> <span class='ocrx_word' id='word_1_201' title='bbox 956 1656 1144 1706; x_wconf 88' lang='lat' dir='ltr'>‘priuata</span> <span class='ocrx_word' id='word_1_202' title='bbox 1174 1669 1350 1706; x_wconf 86' lang='lat' dir='ltr'>persona</span> <span class='ocrx_word' id='word_1_203' title='bbox 1377 1670 1460 1695; x_wconf 91' lang='lat' dir='ltr'>non</span> <span class='ocrx_word' id='word_1_204' title='bbox 1483 1655 1710 1695; x_wconf 85' lang='lat' dir='ltr'>autorizata</span> <span class='ocrx_word' id='word_1_205' title='bbox 1741 1669 1895 1694; x_wconf 87' lang='lat' dir='ltr'>nouam</span> 
     </span>
     <span class='ocr_line' id='line_1_25' title="bbox 294 1721 1898 1772; baseline -0.001 -11"><span class='ocrx_word' id='word_1_206' title='bbox 294 1723 611 1762; x_wconf 88' lang='lat' dir='ltr'>translationem</span> <span class='ocrx_word' id='word_1_207' title='bbox 638 1722 796 1770; x_wconf 89' lang='lat' dir='ltr'>cudere,</span> <span class='ocrx_word' id='word_1_208' title='bbox 820 1724 1004 1760; x_wconf 85' lang='lat' dir='ltr'>veterem</span> <span class='ocrx_word' id='word_1_209' title='bbox 1033 1723 1262 1772; x_wconf 80' lang='lat' dir='ltr'>corrigere.’</span> <span class='ocrx_word' id='word_1_210' title='bbox 1329 1721 1524 1760; x_wconf 88' lang='lat' dir='ltr'>Primum</span> <span class='ocrx_word' id='word_1_211' title='bbox 1551 1721 1696 1771; x_wconf 90' lang='lat' dir='ltr'>opinor</span> <span class='ocrx_word' id='word_1_212' title='bbox 1721 1724 1762 1759; x_wconf 89' lang='lat' dir='ltr'>et</span> <span class='ocrx_word' id='word_1_213' title='bbox 1791 1721 1898 1760; x_wconf 89' lang='lat' dir='ltr'>mihi</span> 
     </span>
     <span class='ocr_line' id='line_1_26' title="bbox 294 1786 1895 1838; baseline -0.001 -11"><span class='ocrx_word' id='word_1_214' title='bbox 294 1789 426 1837; x_wconf 89' lang='lat' dir='ltr'>licere,</span> <span class='ocrx_word' id='word_1_215' title='bbox 450 1788 486 1827; x_wconf 88' lang='lat' dir='ltr'>si</span> <span class='ocrx_word' id='word_1_216' title='bbox 505 1788 605 1838; x_wconf 92' lang='lat' dir='ltr'>quid</span> <span class='ocrx_word' id='word_1_217' title='bbox 625 1788 669 1826; x_wconf 90' lang='lat' dir='ltr'>in</span> <span class='ocrx_word' id='word_1_218' title='bbox 689 1787 817 1826; x_wconf 89' lang='lat' dir='ltr'>sacris</span> <span class='ocrx_word' id='word_1_219' title='bbox 836 1786 966 1825; x_wconf 89' lang='lat' dir='ltr'>literis</span> <span class='ocrx_word' id='word_1_220' title='bbox 984 1787 1149 1837; x_wconf 84' lang='lat' dir='ltr'>profeci,</span> <span class='ocrx_word' id='word_1_221' title='bbox 1172 1787 1216 1825; x_wconf 91' lang='lat' dir='ltr'>in</span> <span class='ocrx_word' id='word_1_222' title='bbox 1236 1787 1423 1825; x_wconf 87' lang='lat' dir='ltr'>medium</span> <span class='ocrx_word' id='word_1_223' title='bbox 1444 1787 1600 1834; x_wconf 88' lang='lat' dir='ltr'>afferre,</span> <span class='ocrx_word' id='word_1_224' title='bbox 1624 1789 1895 1836; x_wconf 87' lang='lat' dir='ltr'>posteaquam</span> 
     </span>
    </p>

    <p class='ocr_par' dir='ltr' id='par_1_11' title="bbox 216 1852 1897 2164">
     <span class='ocr_line' id='line_1_27' title="bbox 216 1852 1890 1907; baseline -0.002 -13"><span class='ocrx_word' id='word_1_225' title='bbox 216 1875 275 1907; x_wconf 77' lang='lat'>315</span> <span class='ocrx_word' id='word_1_226' title='bbox 295 1854 341 1893; x_wconf 92' lang='lat' dir='ltr'>in</span> <span class='ocrx_word' id='word_1_227' title='bbox 368 1854 659 1903; x_wconf 85' lang='lat' dir='ltr'>theologorum</span> <span class='ocrx_word' id='word_1_228' title='bbox 689 1853 878 1892; x_wconf 88' lang='lat' dir='ltr'>ordinem</span> <span class='ocrx_word' id='word_1_229' title='bbox 903 1865 998 1891; x_wconf 88' lang='lat' dir='ltr'>sum</span> <span class='ocrx_word' id='word_1_230' title='bbox 1026 1854 1253 1903; x_wconf 87' lang='lat' dir='ltr'>cooptatus.</span> <span class='ocrx_word' id='word_1_231' title='bbox 1313 1852 1473 1890; x_wconf 89' lang='lat' dir='ltr'>Deinde</span> <span class='ocrx_word' id='word_1_232' title='bbox 1500 1865 1574 1890; x_wconf 92' lang='lat' dir='ltr'>nec</span> <span class='ocrx_word' id='word_1_233' title='bbox 1599 1865 1754 1891; x_wconf 89' lang='lat' dir='ltr'>nouam</span> <span class='ocrx_word' id='word_1_234' title='bbox 1775 1853 1890 1900; x_wconf 91' lang='lat' dir='ltr'>cudo,</span> 
     </span>
     <span class='ocr_line' id='line_1_28' title="bbox 295 1918 1896 1968; baseline -0.001 -10"><span class='ocrx_word' id='word_1_235' title='bbox 295 1920 366 1958; x_wconf 86' lang='lat' dir='ltr'>sed</span> <span class='ocrx_word' id='word_1_236' title='bbox 393 1921 547 1958; x_wconf 87' lang='lat' dir='ltr'>Graeca</span> <span class='ocrx_word' id='word_1_237' title='bbox 574 1921 717 1967; x_wconf 88' lang='lat' dir='ltr'>verto;</span> <span class='ocrx_word' id='word_1_238' title='bbox 747 1921 788 1957; x_wconf 90' lang='lat' dir='ltr'>et</span> <span class='ocrx_word' id='word_1_239' title='bbox 813 1920 935 1957; x_wconf 89' lang='lat' dir='ltr'>vetus</span> <span class='ocrx_word' id='word_1_240' title='bbox 962 1918 1113 1956; x_wconf 87' lang='lat' dir='ltr'>aeditio</span> <span class='ocrx_word' id='word_1_241' title='bbox 1138 1918 1334 1956; x_wconf 90' lang='lat' dir='ltr'>omnibus</span> <span class='ocrx_word' id='word_1_242' title='bbox 1359 1919 1406 1957; x_wconf 90' lang='lat' dir='ltr'>vt</span> <span class='ocrx_word' id='word_1_243' title='bbox 1429 1920 1526 1966; x_wconf 87' lang='lat' dir='ltr'>erat,</span> <span class='ocrx_word' id='word_1_244' title='bbox 1550 1931 1623 1968; x_wconf 90' lang='lat' dir='ltr'>per</span> <span class='ocrx_word' id='word_1_245' title='bbox 1649 1931 1716 1956; x_wconf 88' lang='lat' dir='ltr'>me</span> <span class='ocrx_word' id='word_1_246' title='bbox 1739 1920 1896 1957; x_wconf 89' lang='lat' dir='ltr'>manet.</span> 
     </span>
     <span class='ocr_line' id='line_1_29' title="bbox 294 1982 1895 2033; baseline -0.001 -10"><span class='ocrx_word' id='word_1_247' title='bbox 294 1985 514 2025; x_wconf 84' lang='lat' dir='ltr'>Postremo</span> <span class='ocrx_word' id='word_1_248' title='bbox 552 1987 598 2024; x_wconf 84' lang='lat' dir='ltr'>vt</span> <span class='ocrx_word' id='word_1_249' title='bbox 636 1984 752 2022; x_wconf 89' lang='lat' dir='ltr'>nulla</span> <span class='ocrx_word' id='word_1_250' title='bbox 789 1984 869 2022; x_wconf 90' lang='lat' dir='ltr'>sim</span> <span class='ocrx_word' id='word_1_251' title='bbox 907 1983 1128 2022; x_wconf 88' lang='lat' dir='ltr'>autoritate</span> <span class='ocrx_word' id='word_1_252' title='bbox 1165 1982 1388 2033; x_wconf 89' lang='lat' dir='ltr'>praeditus,</span> <span class='ocrx_word' id='word_1_253' title='bbox 1422 1996 1517 2021; x_wconf 89' lang='lat' dir='ltr'>cum</span> <span class='ocrx_word' id='word_1_254' title='bbox 1556 1982 1736 2021; x_wconf 87' lang='lat' dir='ltr'>indoctis</span> <span class='ocrx_word' id='word_1_255' title='bbox 1773 1983 1895 2022; x_wconf 89' lang='lat' dir='ltr'>liceat</span> 
     </span>
     <span class='ocr_line' id='line_1_30' title="bbox 294 2047 1897 2099; baseline -0.001 -10"><span class='ocrx_word' id='word_1_256' title='bbox 294 2063 429 2089; x_wconf 89' lang='lat' dir='ltr'>sacros</span> <span class='ocrx_word' id='word_1_257' title='bbox 461 2050 590 2088; x_wconf 88' lang='lat' dir='ltr'>libros</span> <span class='ocrx_word' id='word_1_258' title='bbox 629 2062 899 2099; x_wconf 75' lang='lat' dir='ltr'>corrumpere,</span> <span class='ocrx_word' id='word_1_259' title='bbox 932 2047 1038 2087; x_wconf 89' lang='lat' dir='ltr'>mihi</span> <span class='ocrx_word' id='word_1_260' title='bbox 1068 2061 1154 2086; x_wconf 89' lang='lat' dir='ltr'>non</span> <span class='ocrx_word' id='word_1_261' title='bbox 1187 2048 1329 2087; x_wconf 89' lang='lat' dir='ltr'>licebit</span> <span class='ocrx_word' id='word_1_262' title='bbox 1365 2049 1587 2087; x_wconf 88' lang='lat' dir='ltr'>emendare</span> <span class='ocrx_word' id='word_1_263' title='bbox 1620 2048 1703 2086; x_wconf 90' lang='lat' dir='ltr'>nisi</span> <span class='ocrx_word' id='word_1_264' title='bbox 1737 2048 1897 2098; x_wconf 89' lang='lat' dir='ltr'>synodo</span> 
     </span>
     <span class='ocr_line' id='line_1_31' title="bbox 296 2113 1894 2164; baseline -0.002 -9"><span class='ocrx_word' id='word_1_265' title='bbox 296 2118 519 2155; x_wconf 87' lang='lat' dir='ltr'>conuocata</span> <span class='ocrx_word' id='word_1_266' title='bbox 532 2117 552 2154; x_wconf 66' lang='grc' dir='ltr'>Ῥ</span> <span class='ocrx_word' id='word_1_267' title='bbox 598 2115 678 2153; x_wconf 82' lang='lat' dir='ltr'>Sed</span> <span class='ocrx_word' id='word_1_268' title='bbox 698 2114 830 2164; x_wconf 90' lang='lat' dir='ltr'>fingat</span> <span class='ocrx_word' id='word_1_269' title='bbox 849 2127 916 2153; x_wconf 90' lang='lat' dir='ltr'>me</span> <span class='ocrx_word' id='word_1_270' title='bbox 939 2113 1177 2164; x_wconf 89' lang='lat' dir='ltr'>episcopum</span> <span class='ocrx_word' id='word_1_271' title='bbox 1198 2118 1270 2152; x_wconf 90' lang='lat' dir='ltr'>aut</span> <span class='ocrx_word' id='word_1_272' title='bbox 1290 2113 1543 2152; x_wconf 89' lang='lat' dir='ltr'>cardinalem</span> <span class='ocrx_word' id='word_1_273' title='bbox 1568 2127 1668 2161; x_wconf 90' lang='lat' dir='ltr'>esse,</span> <span class='ocrx_word' id='word_1_274' title='bbox 1695 2114 1795 2164; x_wconf 90' lang='lat' dir='ltr'>quid</span> <span class='ocrx_word' id='word_1_275' title='bbox 1815 2114 1894 2152; x_wconf 89' lang='lat' dir='ltr'>hoc</span> 
     </span>
    </p>

    <p class='ocr_par' dir='ltr' id='par_1_12' title="bbox 215 2178 1893 2298">
     <span class='ocr_line' id='line_1_32' title="bbox 215 2178 1893 2232; baseline -0.002 -11"><span class='ocrx_word' id='word_1_276' title='bbox 215 2201 277 2232; x_wconf 80' lang='lat'>320</span> <span class='ocrx_word' id='word_1_277' title='bbox 294 2182 344 2220; x_wconf 85' lang='lat' dir='ltr'>ad</span> <span class='ocrx_word' id='word_1_278' title='bbox 374 2194 568 2232; x_wconf 87' lang='lat' dir='ltr'>praesens</span> <span class='ocrx_word' id='word_1_279' title='bbox 602 2180 831 2230; x_wconf 90' lang='lat' dir='ltr'>negocium,</span> <span class='ocrx_word' id='word_1_280' title='bbox 864 2179 976 2229; x_wconf 90' lang='lat' dir='ltr'>quod</span> <span class='ocrx_word' id='word_1_281' title='bbox 1004 2192 1089 2217; x_wconf 89' lang='lat' dir='ltr'>non</span> <span class='ocrx_word' id='word_1_282' title='bbox 1121 2179 1246 2217; x_wconf 88' lang='lat' dir='ltr'>mitra</span> <span class='ocrx_word' id='word_1_283' title='bbox 1275 2180 1348 2217; x_wconf 89' lang='lat' dir='ltr'>aut</span> <span class='ocrx_word' id='word_1_284' title='bbox 1381 2179 1518 2228; x_wconf 88' lang='lat' dir='ltr'>galero</span> <span class='ocrx_word' id='word_1_285' title='bbox 1550 2179 1621 2217; x_wconf 91' lang='lat' dir='ltr'>sed</span> <span class='ocrx_word' id='word_1_286' title='bbox 1653 2178 1893 2230; x_wconf 86' lang='lat' dir='ltr'>linguarum</span> 
     </span>
     <span class='ocr_line' id='line_1_33' title="bbox 294 2247 661 2298; baseline -0.005 -12"><span class='ocrx_word' id='word_1_287' title='bbox 294 2247 443 2298; x_wconf 84' lang='lat' dir='ltr'>peritia</span> <span class='ocrx_word' id='word_1_288' title='bbox 464 2248 625 2285; x_wconf 88' lang='lat' dir='ltr'>constat</span> <span class='ocrx_word' id='word_1_289' title='bbox 640 2247 661 2284; x_wconf 68' lang='grc' dir='ltr'>ἱ)</span> 
     </span>
    </p>

    <p class='ocr_par' dir='ltr' id='par_1_13' title="bbox 293 2309 1895 2492">
     <span class='ocr_line' id='line_1_34' title="bbox 351 2309 1893 2362; baseline -0.001 -12"><span class='ocrx_word' id='word_1_290' title='bbox 351 2324 412 2362; x_wconf 90' lang='lat'>50.</span> <span class='ocrx_word' id='word_1_291' title='bbox 446 2313 557 2361; x_wconf 77' lang='lat' dir='ltr'>Quin</span> <span class='ocrx_word' id='word_1_292' title='bbox 577 2314 617 2349; x_wconf 93' lang='lat' dir='ltr'>et</span> <span class='ocrx_word' id='word_1_293' title='bbox 635 2311 740 2350; x_wconf 89' lang='lat' dir='ltr'>illud</span> <span class='ocrx_word' id='word_1_294' title='bbox 767 2310 999 2358; x_wconf 88' lang='lat' dir='ltr'>ridiculum,</span> <span class='ocrx_word' id='word_1_295' title='bbox 1024 2310 1134 2360; x_wconf 91' lang='lat' dir='ltr'>quod</span> <span class='ocrx_word' id='word_1_296' title='bbox 1153 2310 1212 2349; x_wconf 90' lang='lat' dir='ltr'>ait</span> <span class='ocrx_word' id='word_1_297' title='bbox 1234 2323 1307 2360; x_wconf 89' lang='lat' dir='ltr'>per</span> <span class='ocrx_word' id='word_1_298' title='bbox 1332 2310 1439 2348; x_wconf 89' lang='lat' dir='ltr'>hanc</span> <span class='ocrx_word' id='word_1_299' title='bbox 1465 2309 1780 2348; x_wconf 87' lang='lat' dir='ltr'>translationem</span> <span class='ocrx_word' id='word_1_300' title='bbox 1799 2324 1893 2349; x_wconf 68' lang='lat' dir='ltr'>con-⁴</span> 
     </span>
     <span class='ocr_line' id='line_1_35' title="bbox 293 2375 1894 2426; baseline -0.002 -9"><span class='ocrx_word' id='word_1_301' title='bbox 293 2379 426 2418; x_wconf 86' lang='lat' dir='ltr'>uictos</span> <span class='ocrx_word' id='word_1_302' title='bbox 455 2378 758 2426; x_wconf 87' lang='lat' dir='ltr'>Hieronymum</span> <span class='ocrx_word' id='word_1_303' title='bbox 791 2377 885 2415; x_wconf 89' lang='lat' dir='ltr'>Hus</span> <span class='ocrx_word' id='word_1_304' title='bbox 910 2378 950 2414; x_wconf 90' lang='lat' dir='ltr'>et</span> <span class='ocrx_word' id='word_1_305' title='bbox 977 2376 1146 2415; x_wconf 86' lang='lat' dir='ltr'>Vuiclef</span> <span class='ocrx_word' id='word_1_306' title='bbox 1162 2390 1171 2424; x_wconf 90' lang='lat'>;</span> <span class='ocrx_word' id='word_1_307' title='bbox 1201 2389 1297 2414; x_wconf 89' lang='lat' dir='ltr'>cum</span> <span class='ocrx_word' id='word_1_308' title='bbox 1321 2375 1427 2414; x_wconf 87' lang='lat' dir='ltr'>alter</span> <span class='ocrx_word' id='word_1_309' title='bbox 1454 2377 1626 2413; x_wconf 90' lang='lat' dir='ltr'>exustus</span> <span class='ocrx_word' id='word_1_310' title='bbox 1650 2375 1788 2420; x_wconf 86' lang='lat' dir='ltr'>fuerit,</span> <span class='ocrx_word' id='word_1_311' title='bbox 1809 2388 1894 2414; x_wconf 89' lang='lat' dir='ltr'>non</span> 
     </span>
     <span class='ocr_line' id='line_1_36' title="bbox 295 2440 1895 2492; baseline -0.003 -10"><span class='ocrx_word' id='word_1_312' title='bbox 295 2444 489 2492; x_wconf 86' lang='lat' dir='ltr'>reuictus,</span> <span class='ocrx_word' id='word_1_313' title='bbox 524 2443 696 2481; x_wconf 90' lang='lat' dir='ltr'>alterius</span> <span class='ocrx_word' id='word_1_314' title='bbox 732 2442 830 2480; x_wconf 90' lang='lat' dir='ltr'>libri</span> <span class='ocrx_word' id='word_1_315' title='bbox 864 2455 948 2480; x_wconf 92' lang='lat' dir='ltr'>non</span> <span class='ocrx_word' id='word_1_316' title='bbox 985 2441 1067 2479; x_wconf 90' lang='lat' dir='ltr'>nisi</span> <span class='ocrx_word' id='word_1_317' title='bbox 1103 2442 1198 2490; x_wconf 90' lang='lat' dir='ltr'>post</span> <span class='ocrx_word' id='word_1_318' title='bbox 1235 2442 1412 2479; x_wconf 89' lang='lat' dir='ltr'>mortem</span> <span class='ocrx_word' id='word_1_319' title='bbox 1445 2440 1640 2478; x_wconf 90' lang='lat' dir='ltr'>damnati.</span> <span class='ocrx_word' id='word_1_320' title='bbox 1703 2440 1820 2488; x_wconf 77' lang='lat' dir='ltr'>Quod</span> <span class='ocrx_word' id='word_1_321' title='bbox 1859 2441 1895 2478; x_wconf 88' lang='lat' dir='ltr'>si</span> 
     </span>
    </p>
   </div>
   <div class='ocr_carea' id='block_1_3' title="bbox 294 2581 1894 2840">
    <p class='ocr_par' dir='ltr' id='par_1_14' title="bbox 294 2581 1894 2840">
     <span class='ocr_line' id='line_1_37' title="bbox 339 2581 1894 2624; baseline -0.002 -8"><span class='ocrx_word' id='word_1_322' title='bbox 339 2586 413 2624; x_wconf 88' lang='lat'><strong>296.</strong></span> <span class='ocrx_word' id='word_1_323' title='bbox 450 2595 508 2615; x_wconf 88' lang='lat' dir='ltr'>me</span> <span class='ocrx_word' id='word_1_324' title='bbox 537 2607 545 2616; x_wconf 88' lang='lat'><em>.</em></span> <span class='ocrx_word' id='word_1_325' title='bbox 574 2608 583 2616; x_wconf 86' lang='lat'><strong>.</strong></span> <span class='ocrx_word' id='word_1_326' title='bbox 613 2608 621 2616; x_wconf 94' lang='lat'><strong>.</strong></span> <span class='ocrx_word' id='word_1_327' title='bbox 652 2593 726 2624; x_wconf 88' lang='lat'><strong>297.</strong></span> <span class='ocrx_word' id='word_1_328' title='bbox 755 2583 929 2614; x_wconf 82' lang='lat' dir='ltr'>vanitatis</span> <span class='ocrx_word' id='word_1_329' title='bbox 952 2586 1002 2613; x_wconf 90' lang='lat' dir='ltr'>D:</span> <span class='ocrx_word' id='word_1_330' title='bbox 1034 2592 1151 2614; x_wconf 82' lang='lat' dir='ltr'>meam</span> <span class='ocrx_word' id='word_1_331' title='bbox 1175 2606 1183 2614; x_wconf 90' lang='lat'>.</span> <span class='ocrx_word' id='word_1_332' title='bbox 1208 2605 1217 2613; x_wconf 90' lang='lat'><strong>.</strong></span> <span class='ocrx_word' id='word_1_333' title='bbox 1244 2607 1252 2614; x_wconf 94' lang='lat'><strong>.</strong></span> <span class='ocrx_word' id='word_1_334' title='bbox 1278 2583 1480 2613; x_wconf 84' lang='lat' dir='ltr'>vanitatem</span> <span class='ocrx_word' id='word_1_335' title='bbox 1510 2585 1544 2613; x_wconf 81' lang='lat' dir='ltr'>F.</span> <span class='ocrx_word' id='word_1_336' title='bbox 1721 2591 1797 2621; x_wconf 84' lang='lat'><strong>323.</strong></span> <span class='ocrx_word' id='word_1_337' title='bbox 1828 2581 1894 2613; x_wconf 76' lang='lat' dir='ltr'>D²z</span> 
     </span>
     <span class='ocr_line' id='line_1_38' title="bbox 294 2628 513 2661; baseline 0.005 -1"><span class='ocrx_word' id='word_1_338' title='bbox 294 2630 437 2660; x_wconf 87' lang='lat' dir='ltr'>Vuicles</span> <span class='ocrx_word' id='word_1_339' title='bbox 460 2628 513 2661; x_wconf 81' lang='lat' dir='ltr'>D¹.</span> 
     </span>
     <span class='ocr_line' id='line_1_39' title="bbox 339 2797 1891 2840; baseline -0.001 -12"><span class='ocrx_word' id='word_1_340' title='bbox 339 2806 414 2836; x_wconf 84' lang='lat'>315.</span> <span class='ocrx_word' id='word_1_341' title='bbox 440 2797 640 2839; x_wconf 81' lang='lat' dir='ltr'>cooptatus]</span> <span class='ocrx_word' id='word_1_342' title='bbox 659 2798 712 2830; x_wconf 88' lang='lat' dir='ltr'>Cf.</span> <span class='ocrx_word' id='word_1_343' title='bbox 731 2798 795 2838; x_wconf 89' lang='lat' dir='ltr'>Ep.</span> <span class='ocrx_word' id='word_1_344' title='bbox 811 2799 886 2837; x_wconf 87' lang='lat'><strong>637.</strong></span> <span class='ocrx_word' id='word_1_345' title='bbox 907 2807 994 2830; x_wconf 85' lang='grc'>1011.</span> <span class='ocrx_word' id='word_1_346' title='bbox 1130 2797 1312 2836; x_wconf 59' lang='grc'>1415131111</span> <span class='ocrx_word' id='word_1_347' title='bbox 1327 2798 1469 2829; x_wconf 84' lang='lat' dir='ltr'>Jerome</span> <span class='ocrx_word' id='word_1_348' title='bbox 1485 2798 1524 2829; x_wconf 87' lang='lat' dir='ltr'>of</span> <span class='ocrx_word' id='word_1_349' title='bbox 1537 2797 1672 2838; x_wconf 83' lang='lat' dir='ltr'>Prague</span> <span class='ocrx_word' id='word_1_350' title='bbox 1690 2797 1733 2840; x_wconf 93' lang='lat' dir='ltr'>(c.</span> <span class='ocrx_word' id='word_1_351' title='bbox 1752 2798 1834 2837; x_wconf 89' lang='lat'>1378</span> <span class='ocrx_word' id='word_1_352' title='bbox 1850 2816 1891 2821; x_wconf 90' lang='lat'>—</span> 
     </span>
    </p>
   </div>
   <div class='ocr_carea' id='block_1_4' title="bbox 297 2840 1891 3013">
    <p class='ocr_par' dir='ltr' id='par_1_15' title="bbox 297 2840 1891 3013">
     <span class='ocr_line' id='line_1_40' title="bbox 339 2840 1891 2882; baseline 0.001 -11"><span class='ocrx_word' id='word_1_353' title='bbox 339 2850 414 2879; x_wconf 85' lang='lat'><strong>323.</strong></span> <span class='ocrx_word' id='word_1_354' title='bbox 428 2841 692 2881; x_wconf 78' lang='lat' dir='ltr'>Hieronymum</span> <span class='ocrx_word' id='word_1_355' title='bbox 705 2842 801 2882; x_wconf 87' lang='lat' dir='ltr'>Hus]</span> <span class='ocrx_word' id='word_1_356' title='bbox 813 2842 984 2873; x_wconf 85' lang='lat' dir='ltr'>Erasmus</span> <span class='ocrx_word' id='word_1_357' title='bbox 995 2840 1061 2872; x_wconf 88' lang='lat' dir='ltr'>has</span> <span class='ocrx_word' id='word_1_358' title='bbox 1127 2849 1171 2879; x_wconf 90' lang='lat'>30</span> <span class='ocrx_word' id='word_1_359' title='bbox 1184 2841 1266 2881; x_wconf 81' lang='lat' dir='ltr'>May</span> <span class='ocrx_word' id='word_1_360' title='bbox 1279 2842 1377 2882; x_wconf 88' lang='lat'>1416)</span> <span class='ocrx_word' id='word_1_361' title='bbox 1390 2853 1397 2872; x_wconf 89' lang='lat'><strong>:</strong></span> <span class='ocrx_word' id='word_1_362' title='bbox 1411 2851 1449 2872; x_wconf 87' lang='lat' dir='ltr'>or</span> <span class='ocrx_word' id='word_1_363' title='bbox 1461 2841 1508 2872; x_wconf 89' lang='lat' dir='ltr'>he</span> <span class='ocrx_word' id='word_1_364' title='bbox 1520 2850 1603 2881; x_wconf 82' lang='lat' dir='ltr'>may</span> <span class='ocrx_word' id='word_1_365' title='bbox 1616 2842 1708 2872; x_wconf 88' lang='lat' dir='ltr'>have</span> <span class='ocrx_word' id='word_1_366' title='bbox 1717 2840 1891 2872; x_wconf 86' lang='lat' dir='ltr'>intended</span> 
     </span>
     <span class='ocr_line' id='line_1_41' title="bbox 297 2883 1810 2926; baseline 0.001 -13"><span class='ocrx_word' id='word_1_367' title='bbox 297 2883 383 2914; x_wconf 87' lang='lat' dir='ltr'>here</span> <span class='ocrx_word' id='word_1_368' title='bbox 393 2885 559 2915; x_wconf 84' lang='lat' dir='ltr'>confused</span> <span class='ocrx_word' id='word_1_369' title='bbox 569 2885 734 2925; x_wconf 84' lang='lat' dir='ltr'>together</span> <span class='ocrx_word' id='word_1_370' title='bbox 746 2885 804 2926; x_wconf 85' lang='lat' dir='ltr'>(cf.</span> <span class='ocrx_word' id='word_1_371' title='bbox 817 2885 882 2925; x_wconf 89' lang='lat' dir='ltr'>Ep.</span> <span class='ocrx_word' id='word_1_372' title='bbox 894 2894 946 2925; x_wconf 84' lang='lat'>23.</span> <span class='ocrx_word' id='word_1_373' title='bbox 956 2886 998 2924; x_wconf 87' lang='lat'>63</span> <span class='ocrx_word' id='word_1_374' title='bbox 1008 2885 1062 2924; x_wconf 82' lang='lat' dir='ltr'>n.)</span> <span class='ocrx_word' id='word_1_375' title='bbox 1128 2893 1225 2916; x_wconf 88' lang='lat' dir='ltr'>some</span> <span class='ocrx_word' id='word_1_376' title='bbox 1243 2885 1328 2915; x_wconf 78' lang='lat' dir='ltr'>such</span> <span class='ocrx_word' id='word_1_377' title='bbox 1345 2884 1437 2916; x_wconf 89' lang='lat' dir='ltr'>form</span> <span class='ocrx_word' id='word_1_378' title='bbox 1455 2894 1492 2915; x_wconf 80' lang='lat' dir='ltr'>as</span> <span class='ocrx_word' id='word_1_379' title='bbox 1508 2885 1548 2915; x_wconf 92' lang='lat' dir='ltr'>in</span> <span class='ocrx_word' id='word_1_380' title='bbox 1564 2885 1626 2924; x_wconf 90' lang='lat' dir='ltr'>Ep.</span> <span class='ocrx_word' id='word_1_381' title='bbox 1646 2894 1719 2924; x_wconf 90' lang='lat'><strong>347.</strong></span> <span class='ocrx_word' id='word_1_382' title='bbox 1739 2885 1810 2923; x_wconf 90' lang='lat'>164.</span> 
     </span>
     <span class='ocr_line' id='line_1_42' title="bbox 297 2928 1889 2969; baseline 0.001 -12"><span class='ocrx_word' id='word_1_383' title='bbox 297 2928 359 2957; x_wconf 85' lang='lat' dir='ltr'>the</span> <span class='ocrx_word' id='word_1_384' title='bbox 386 2936 510 2958; x_wconf 83' lang='lat' dir='ltr'>names</span> <span class='ocrx_word' id='word_1_385' title='bbox 536 2928 574 2958; x_wconf 87' lang='lat' dir='ltr'>of</span> <span class='ocrx_word' id='word_1_386' title='bbox 598 2929 661 2960; x_wconf 87' lang='lat' dir='ltr'>the</span> <span class='ocrx_word' id='word_1_387' title='bbox 686 2931 757 2960; x_wconf 86' lang='lat' dir='ltr'>two</span> <span class='ocrx_word' id='word_1_388' title='bbox 783 2929 983 2960; x_wconf 86' lang='lat' dir='ltr'>Bohemian</span> <span class='ocrx_word' id='word_1_389' title='bbox 1009 2938 1062 2959; x_wconf 89' lang='lat' dir='ltr'>re·</span> <span class='ocrx_word' id='word_1_390' title='bbox 1215 2928 1374 2969; x_wconf 87' lang='lat' dir='ltr'>Vuiclef]</span> <span class='ocrx_word' id='word_1_391' title='bbox 1409 2928 1483 2960; x_wconf 82' lang='lat' dir='ltr'>The</span> <span class='ocrx_word' id='word_1_392' title='bbox 1517 2928 1671 2968; x_wconf 74' lang='lat' dir='ltr'>English</span> <span class='ocrx_word' id='word_1_393' title='bbox 1705 2928 1889 2966; x_wconf 85' lang='lat' dir='ltr'>reformer,</span> 
     </span>
     <span class='ocr_line' id='line_1_43' title="bbox 298 2970 1733 3013; baseline 0.002 -13"><span class='ocrx_word' id='word_1_394' title='bbox 298 2971 458 3010; x_wconf 69' lang='lat' dir='ltr'>formem,</span> <span class='ocrx_word' id='word_1_395' title='bbox 481 2971 577 3002; x_wconf 81' lang='lat' dir='ltr'>John</span> <span class='ocrx_word' id='word_1_396' title='bbox 602 2972 681 3003; x_wconf 86' lang='lat' dir='ltr'>Hus</span> <span class='ocrx_word' id='word_1_397' title='bbox 706 2973 750 3013; x_wconf 85' lang='lat' dir='ltr'>(c.</span> <span class='ocrx_word' id='word_1_398' title='bbox 777 2981 859 3012; x_wconf 88' lang='lat'><strong>1374</strong></span> <span class='ocrx_word' id='word_1_399' title='bbox 875 2991 917 2996; x_wconf 86' lang='lat'><em>—</em></span> <span class='ocrx_word' id='word_1_400' title='bbox 932 2973 955 3003; x_wconf 90' lang='lat'><strong>6</strong></span> <span class='ocrx_word' id='word_1_401' title='bbox 975 2971 1062 3012; x_wconf 86' lang='lat' dir='ltr'>July</span> <span class='ocrx_word' id='word_1_402' title='bbox 1127 2971 1224 3003; x_wconf 84' lang='lat' dir='ltr'>John</span> <span class='ocrx_word' id='word_1_403' title='bbox 1240 2971 1408 3011; x_wconf 87' lang='lat' dir='ltr'>Wycliffe</span> <span class='ocrx_word' id='word_1_404' title='bbox 1427 2972 1505 3013; x_wconf 86' lang='lat'><em>(†31</em></span> <span class='ocrx_word' id='word_1_405' title='bbox 1525 2973 1605 3004; x_wconf 87' lang='lat' dir='ltr'>Dec.</span> <span class='ocrx_word' id='word_1_406' title='bbox 1625 2970 1733 3013; x_wconf 88' lang='lat'>1384).</span> 
     </span>
    </p>
   </div>
  </div>
 </body>
</html>
