2034 3433
93 162 197 234 359]
615 184 684 223 rro
726 183 992 224 WILLIAM
1033 184 1182 224 OROY
1617 188 1696 225 571

97 286 375 335 prudentiam,
396 300 478 326 non
497 287 641 326 eadem
661 288 819 327 ratione
839 302 946 339 opes,
965 290 1156 337 formam,
1176 288 1459 328 valetudinem
1479 288 1641 339 aliaque
1660 290 1702 328 id

100 364 231 401 genus
250 351 361 391 bona
381 353 462 391 dici
482 366 562 403 qua
582 353 794 393 virtutem.
854 354 922 393 Sic
942 355 1055 393 enim
1075 355 1175 393 haec
1194 354 1305 394 bona
1323 356 1538 403 vocantur,
1560 368 1701 405 quem·
1724 364 1761 398 75

98 416 326 456 admodum
351 431 496 468 regum
522 419 806 458 caduceatores
833 432 947 469 reges
967 419 1158 468 dicimus,
1181 420 1290 469 quod
1311 419 1477 470 regibus
1504 420 1699 460 seruiant.

99 482 211 531 Quae
225 483 353 522 Stoici
366 483 552 522 fortassis
563 484 821 534 appellarent
832 485 1059 533 commoda,
1074 485 1343 534 Peripatetici
1356 485 1526 524 dilatata
1542 486 1702 536 ratione

99 548 282 587 nominis
310 549 418 587 bona
443 549 643 599 quaedam
673 549 896 599 appellant.
957 550 1126 589 Virtute
1156 563 1278 589 nemo
1304 552 1440 600 potest
1465 551 1604 599 abuti;
1635 551 1702 590 his

98 612 331 652 abutuntur
359 614 496 662 multi,
525 615 596 653 sed
623 628 709 663 suo,
736 628 821 653 non
850 628 989 654 rerum
1012 615 1131 654 vicio.
1193 615 1353 655 Rursus
1382 618 1481 655 sunt
1502 617 1702 666 quaedam

19 696 22 697 ⁷
98 691 173 727 pro
185 678 461 717 incommodis
475 680 585 718 mala
600 682 746 718 vocata
758 680 1052 730 Peripateticis,
1072 692 1176 730 quae
1191 693 1310 730 saepe
1326 682 1468 719 tamen
1479 683 1703 720 vertuntur
1720 684 1762 715 80

98 744 143 782 in
170 744 390 783 materiam
409 745 604 793 virtutis3
633 747 675 783 et
701 745 891 784 fortassis
917 746 1056 796 plures
1082 746 1314 796 corrumpit
1338 748 1556 796 paupertas
1577 760 1701 797 quam

99 809 315 858 opulentia
353 811 574 849 moderata.
635 811 695 849 At
727 810 870 850 Cicero
908 811 1138 850 demiratur
1175 824 1199 850 a
1236 811 1382 861 priscis
1412 811 1576 851 Latinis
1613 825 1702 851 rem

98 874 347 913 familiarem
382 875 490 914 bona
519 876 629 923 dici;
670 877 752 924 sed,
784 877 867 915 nisi
900 876 1032 925 fallor,
1066 876 1195 915 Stoici
1223 890 1440 926 personam
1469 890 1595 927 agens
1624 877 1702 916 hoc

99 940 340 979 demiratur.
391 941 530 979 Aliter
545 941 659 980 Deus
679 941 831 980 dicitur
849 942 994 991 bonus,
1015 941 1134 980 aliter
1149 942 1213 980 vir
1232 942 1396 992 probus,
1419 942 1538 981 aliter
1558 956 1698 993 equus,

97 1005 218 1044 aliter
236 1018 446 1044 nummus.
499 1006 706 1054 Quorsum
725 1009 867 1046 autem
881 1007 1032 1046 attinet
1052 1007 1195 1045 mirari
1215 1008 1394 1057 corporis
1414 1008 1635 1046 sanitatem
1656 1021 1701 1046 ac
1720 1010 1760 1049 85

99 1071 208 1109 vires
233 1071 342 1109 bona
367 1071 458 1119 dici,
488 1085 583 1110 cum
613 1073 730 1111 iuxta
754 1072 1024 1122 philosophos
1052 1085 1225 1122 prorsus
1251 1073 1295 1111 in
1321 1073 1464 1111 eadem
1492 1075 1700 1123 competat

97 1135 207 1174 entis
237 1149 284 1175 ac
312 1137 412 1175 boni
449 1136 704 1187 appellatio?
760 1138 845 1177 Nec
876 1138 926 1176 de
954 1138 1007 1176 iis
1039 1138 1185 1188 loquor
1214 1151 1316 1189 quae
1349 1138 1474 1176 luxus
1506 1138 1698 1188 repperit,

98 1201 226 1240 etiam
259 1202 295 1240 si
327 1202 427 1240 haec
459 1216 620 1253 quoque
657 1203 765 1242 male
804 1205 968 1254 reperta
1006 1203 1114 1242 nihil
1143 1205 1256 1242 vetat
1294 1204 1339 1242 in
1376 1203 1568 1242 meliores
1601 1216 1701 1242 vsus

98 1269 269 1306 vertere.
329 1267 444 1306 Illud
465 1267 614 1307 salsius
640 1271 703 1307 est
723 1282 850 1319 quam
874 1269 1084 1319 argutius:
1119 1268 1186 1307 ‘Si
1205 1269 1304 1307 felix
1330 1282 1414 1308 non
1435 1271 1506 1315 est,
1531 1268 1613 1307 nisi
1633 1269 1700 1308 cui

99 1331 209 1370 color
229 1334 292 1371 est
311 1333 486 1372 candido
505 1333 714 1384 rubroque
733 1334 902 1382 mixtus,
922 1334 1066 1373 nullus
1079 1334 1284 1384 Aethiops
1304 1334 1431 1372 felix.’
1473 1334 1568 1373 Non
1587 1334 1700 1373 enim
1719 1343 1760 1374 90

99 1398 300 1436 continuo
320 1398 527 1438 formosus
547 1399 733 1449 quisquis
753 1399 831 1438 hoc
852 1399 986 1438 colore
1005 1399 1072 1446 sit,
1095 1413 1228 1449 neque
1248 1400 1467 1450 quicquam
1485 1401 1599 1438 vetat
1620 1412 1701 1449 quo

99 1463 243 1502 minus
262 1464 468 1514 Aethiops
487 1465 596 1514 apud
615 1465 845 1515 Aethiopes
865 1477 939 1503 suo
959 1465 1123 1515 nigrore
1144 1465 1350 1504 formosus
1369 1465 1435 1504 sit.
1482 1465 1646 1504 Christo
1666 1465 1702 1503 si

98 1529 210 1567 nihil
225 1529 405 1578 accessit,
426 1530 526 1579 quid
545 1532 608 1568 est
627 1530 756 1580 igitur
774 1531 883 1580 quod
903 1530 1026 1569 toties
1044 1531 1150 1581 petit
1169 1543 1193 1569 a
1211 1530 1336 1569 Patre
1349 1532 1369 1569 ⁸?
1397 1530 1496 1580 quid
1516 1532 1579 1568 est
1593 1530 1701 1580 quod

98 1594 302 1644 gloriatur
320 1595 401 1634 sibi
421 1596 559 1634 datam
578 1597 831 1645 potestatem
849 1597 895 1634 in
916 1596 1027 1634 coelo
1048 1598 1089 1634 et
1109 1596 1154 1634 in
1174 1597 1282 1634 terra
1294 1597 1315 1634 ⁶?

153 1660 233 1699 Sed
263 1660 479 1701 Christum
512 1661 610 1700 huic
640 1661 922 1711 disputationi,
957 1662 1122 1712 quando
1156 1661 1215 1700 ita
1241 1661 1423 1709 videtur,
1451 1673 1536 1698 non
1574 1659 1702 1698 admi·
1718 1663 1758 1696 95

98 1738 292 1764 secamus.
354 1725 471 1774 Quod
490 1727 715 1776 Apostolos
740 1740 941 1777 pauperes
968 1740 1054 1766 esse
1074 1726 1220 1775 voluit,
1244 1739 1330 1765 non
1354 1725 1472 1765 docet
1492 1738 1588 1775 opes
1614 1738 1701 1764 esse

98 1791 240 1840 malas,
265 1792 336 1830 sed
355 1791 490 1830 noluit
510 1792 732 1843 Euangelii
758 1793 932 1843 gloriam
958 1793 1083 1831 huius
1110 1791 1259 1831 mundi
1277 1791 1495 1841 praesidiis
1513 1790 1696 1830 asscribi.

99 1856 184 1895 Nec
221 1857 383 1896 inficior
411 1871 531 1908 saepe
568 1858 748 1897 incidere
775 1861 821 1897 vt
849 1859 950 1897 haec
987 1859 1073 1897 sint
1101 1857 1342 1905 abiicienda,
1375 1857 1410 1895 si
1443 1857 1486 1895 id
1519 1855 1701 1906 postulet

98 1922 239 1971 pietas.

154 1987 278 2025 Nunc
296 1988 404 2026 mihi
423 1988 611 2027 vicissim
638 1989 852 2038 responde.
912 1988 956 2027 Si
975 1988 1076 2027 haec
1095 1987 1203 2025 bona
1223 2000 1309 2025 non
1332 1989 1440 2034 sunt,
1463 1999 1545 2036 qua
1562 1985 1699 2025 fronte
1721 1996 1781 2018 100

100 2066 147 2091 ea
165 2053 342 2102 publicis
368 2054 494 2092 etiam
513 2054 705 2104 precibus
731 2054 966 2103 flagitamus
986 2054 1037 2092 ab
1058 2066 1106 2092 eo
1127 2052 1199 2103 qui
1224 2052 1333 2091 nihil
1352 2052 1496 2101 largiri
1514 2064 1588 2089 nec
1607 2050 1700 2089 vult

101 2131 175 2156 nec
201 2120 337 2168 potest
363 2118 447 2157 nisi
465 2118 607 2158 bona?
661 2119 788 2158 Absit
814 2120 952 2158 autem
972 2121 1018 2157 vt
1046 2118 1233 2157 dicamus
1261 2118 1434 2156 miseros
1453 2117 1525 2166 qui
1542 2115 1700 2155 virtute

100 2183 275 2232 praediti
303 2185 428 2230 sunt;
465 2183 551 2222 imo
578 2183 842 2223 felicissimos
871 2184 1060 2232 dicimus,
1092 2183 1161 2222 sed
1195 2181 1525 2222 consummatius
1557 2180 1699 2219 felices

101 2248 251 2298 quibus
278 2248 378 2287 haec
406 2248 557 2287 adsunt
584 2249 654 2287 vel
681 2251 827 2298 sponte
857 2248 994 2287 oblata
1019 2248 1087 2288 vel
1116 2262 1213 2287 cum
1242 2248 1364 2286 laude
1392 2246 1584 2297 quaesita,
1615 2245 1700 2285 nisi

102 2313 199 2363 quid
216 2326 331 2352 secus
349 2314 533 2363 postulet
552 2314 751 2363 temporis
770 2314 887 2352 ratio.
1718 2323 1776 2354 105

154 2378 355 2418 Desinam
381 2378 666 2428 philosophari
687 2379 724 2417 si
744 2379 792 2416 R.
817 2379 862 2416 Τ.
882 2379 930 2418 D.
955 2378 1029 2417 vni
1049 2378 1176 2417 etiam
1202 2377 1511 2428 rogatiunculae
1536 2389 1699 2426 respon·

102 2443 220 2482 derit.
281 2443 410 2493 Finge
436 2443 540 2481 mihi
563 2444 677 2491 duos,
700 2444 879 2482 alterum
899 2444 1032 2482 forma
1051 2443 1283 2491 Thersiten,
1304 2443 1544 2492 paupertate
1563 2441 1693 2488 Irum,

101 2509 340 2548 valetudine
359 2508 607 2556 miserrima,
624 2509 769 2558 lingua
787 2507 920 2556 balba,
938 2508 1052 2547 futili
1071 2508 1282 2556 memoria,
1299 2506 1468 2557 ingenio
1487 2506 1692 2556 plumbeo,

100 2587 248 2624 genere
279 2573 482 2623 pudendo,
515 2573 702 2612 inuisum
735 2573 942 2623 omnibus,
974 2573 1149 2620 exulem,
1181 2572 1358 2622 denique
1391 2584 1534 2610 senem
1567 2571 1698 2610 decre-

101 2639 263 2688 pitum;
292 2639 471 2676 alterum
497 2638 653 2677 virenti
681 2641 823 2686 aetate,
850 2639 1008 2678 formae
1037 2638 1240 2688 dignitate
1265 2636 1561 2683 venerandum,
1584 2636 1696 2674 felici
1717 2648 1778 2671 110

101 2703 349 2749 valetudine,
371 2702 515 2752 lingua
533 2703 666 2742 vocali
692 2705 732 2741 et
758 2704 961 2754 expedita,
985 2703 1185 2742 memoria
1205 2702 1328 2749 fideli,
1352 2701 1518 2751 ingenio
1538 2701 1696 2749 dextro,

101 2770 315 2819 potentem
335 2768 492 2817 opibus,
516 2767 671 2807 clarum
690 2769 911 2817 natalibus,
932 2770 1142 2819 postremo
1161 2780 1324 2806 summa
1344 2766 1545 2816 dignitate
1565 2765 1698 2815 suspi-

146 2875 198 2904 77.
223 2868 252 2896 F
268 2877 275 2896 z
299 2866 412 2896 dilata
427 2868 465 2897 E.
577 2876 630 2904 92.
656 2869 705 2897 F:
729 2867 776 2897 sit
791 2866 944 2906 Christo,
962 2866 991 2897 si
1007 2865 1104 2897 nihil
1119 2865 1278 2896 accessit.
1325 2864 1412 2904 quid
1429 2866 1468 2894 E.
1579 2873 1633 2902 94.
1659 2866 1694 2895 et

101 2909 142 2940 in
157 2908 232 2939 ΕΝ2
247 2920 254 2939 :
277 2911 313 2940 et
326 2908 416 2940 HNss.
533 2911 605 2940 106.
631 2909 670 2941 R.
689 2910 728 2941 T.
746 2909 790 2941 D.
809 2921 868 2942 om.
885 2913 928 2941 H.
1019 2909 1244 2949 responderis
1259 2911 1302 2939 H.
1410 2917 1480 2946 107.
1505 2906 1695 2938 Thersiten

101 2955 234 2990 scripsi:
258 2952 421 2983 Thersite
438 2955 487 2983 E:
511 2953 711 2984 Thersitem
725 2955 769 2984 H.

678 3042 730 3080 89.
757 3041 872 3082 Illud]
886 3042 949 3081 Ep.
966 3041 1040 3081 958.
1060 3040 1156 3079 56-8.
