2034 3433
190 521 228 543 10

208 2087 246 2109 10

210 2413 248 2443 15

244 136 298 173 86
709 129 960 170 LETTERS
998 128 1069 167 OF
1105 125 1373 167 ERASMUS
1716 121 1835 175 [1517

243 237 403 277 Verum
433 239 481 276 vt
510 238 551 275 et
579 247 714 274 meam
748 246 843 282 erga
871 234 913 270 te
942 231 1250 269 obseruantiam
1288 242 1497 280 agnoscas,
1530 228 1646 267 effeci
1675 229 1721 266 vt
1749 225 1839 265 illu-

244 304 475 343 strissimus
504 301 702 350 Princeps
731 311 861 343 meus,
888 295 1236 346 Archiepiscopus
1263 296 1399 334 verius
1432 297 1540 341 tuus,
1571 292 1648 331 tibi
1676 292 1842 342 propria

245 381 373 407 manu
394 367 600 407 scriberet.
661 364 752 411 Ille,
776 377 857 412 quo
883 375 956 411 ego
976 360 1166 411 pluribus
1188 361 1366 411 negotiis
1386 360 1560 398 obrutus
1582 357 1842 396 breuioribus

245 436 384 472 tecum
406 446 493 482 ago,
517 432 632 469 tanto
657 430 744 478 ipse
772 426 1031 477 longioribus
1060 428 1100 464 te
1130 427 1359 465 conueniet.
1418 425 1559 463 Velim
1588 423 1729 461 credas
1757 422 1843 460 suis

246 498 434 548 scriptis3
464 509 539 535 sua
567 494 772 544 siquidem
801 491 1034 541 amplitudo
1064 504 1147 529 non
1173 491 1271 529 facit
1293 491 1515 530 dissidium
1535 489 1616 527 oris
1635 490 1677 526 et
1696 487 1840 526 cordis.

247 563 509 603 Concordant
537 561 583 599 in
611 572 657 598 eo
687 558 795 597 labia
821 570 917 596 cum
940 558 1091 595 mente.
1152 556 1267 604 Vale,
1291 557 1413 595 decus
1435 555 1546 594 orbis
1574 553 1844 602 omniumque

248 630 475 674 doctorum,
498 628 540 664 et
559 638 627 664 me
646 627 770 662 tuum
793 622 1104 661 vocalissimum
1131 635 1350 671 preconem
1370 621 1709 659 commendatum
1728 618 1846 656 habe.

301 694 457 732 Datum
485 690 696 729 celerrime
717 687 948 738 Steynhem
969 686 1118 726 Idibus
1137 686 1386 736 septembris
1405 688 1531 725 Anno
1552 686 1644 735 post
1664 683 1846 722 natalem

249 757 404 798 Christi
430 767 544 804 1517.

863 818 992 857 Totus
1012 819 1111 857 tuus
1130 817 1340 857 Hem-icus
1361 818 1549 857 Stromer
1567 815 1843 855 Aurbachius.

499 965 833 1021 607ν642,6436636ῗὸ
895 965 1024 1006 FROM
1058 965 1308 1006 CUTHBERT
1340 964 1597 1005 TUNSTALL.

297 1060 486 1096 Deventer
505 1057 583 1092 MS.
604 1068 659 1103 91,
681 1057 705 1092 f.
729 1058 806 1092 208.
1495 1054 1652 1100 Bruges.

297 1118 353 1154 D1.
373 1130 408 1163 p.
432 1127 518 1162 129:
545 1115 602 1150 D2.
621 1127 656 1160 p.
681 1116 767 1150 128:
796 1114 833 1149 F.
853 1127 889 1159 p.
913 1116 998 1158 138:
1025 1112 1115 1148 HN:
1142 1113 1255 1149 Lond.
1349 1124 1390 1156 14
1410 1112 1630 1158 September
1650 1110 1804 1159 (1517).

392 1175 447 1210 iii.
466 1186 508 1210 2:
535 1173 606 1208 LB.
627 1183 708 1217 272.

295 1257 363 1298 [As
388 1258 427 1287 in
459 1256 523 1295 Ep.
564 1255 640 1294 611,
670 1266 690 1284 α
721 1252 869 1284 denotes
899 1252 963 1283 the
994 1253 1177 1284 Deventer
1208 1253 1441 1292 manuscript,
1474 1252 1547 1282 and
1579 1252 1610 1283 is
1640 1251 1787 1284 divided
1818 1253 1853 1283 to

253 1299 473 1341 ‹listinguisli
497 1299 560 1330 the
584 1299 663 1329 first
688 1297 789 1328 hand
812 1297 941 1338 (Hand
958 1296 1002 1337 B)
1028 1297 1100 1327 and
1124 1297 1187 1327 the
1210 1296 1416 1335 corrector]

586 1396 881 1427 CVTHBERTVS
911 1395 1113 1425 TVNSTAL
1146 1396 1326 1426 ERASMO
1359 1398 1392 1426 S.
1420 1396 1457 1427 P.
1485 1395 1525 1426 D.

309 1482 395 1520 V1x
433 1479 602 1518 tandem
633 1477 935 1527 Hispaniarum
964 1477 1053 1515 Rex
1082 1477 1126 1516 in
1155 1490 1332 1527 regnum
1370 1476 1594 1527 nauigauit,
1621 1478 1668 1521 ,et
1698 1488 1773 1525 ego
1807 1487 1857 1513 ex

257 1545 450 1586 Selandia
462 1558 558 1583 cum
574 1544 676 1582 meis
687 1543 759 1582 vix
774 1543 913 1581 saluus
927 1543 1058 1591 redeo,
1073 1556 1202 1593 vsque
1217 1542 1318 1581 adeo
1334 1544 1440 1580 tetro
1452 1543 1494 1579 et
1508 1541 1630 1591 plane
1644 1540 1857 1591 pestilenti

257 1611 360 1650 coeli
393 1610 507 1649 illius
537 1610 760 1649 infestatus
793 1608 931 1656 odore,
961 1610 1006 1647 vt
1040 1609 1269 1647 multorum
1302 1607 1464 1646 dierum
1497 1606 1637 1645 inedia
1667 1606 1856 1644 nondum

258 1676 416 1714 febrem
459 1674 719 1714 accedentem
757 1673 929 1711 omnino
968 1673 1207 1723 depulerim.
1267 1673 1367 1711 Tres
1397 1686 1447 1711 ex
1484 1672 1700 1721 ministris,
1734 1673 1858 1721 atque

259 1741 326 1780 his
352 1741 520 1791 quidem
548 1738 909 1786 commodioribus,
931 1752 981 1777 ex
1005 1738 1117 1777 febre
1142 1739 1258 1789 prius
1285 1738 1568 1777 decubuerant
1589 1751 1714 1788 quam
1739 1736 1858 1775 illinc

261 1805 452 1844 discessi:
494 1802 596 1855 quos
625 1804 708 1842 nisi
737 1804 975 1843 consulente
1005 1805 1164 1843 medico
1193 1804 1297 1843 coeli
1326 1804 1521 1842 mutandi
1553 1804 1686 1853 gratia
1714 1802 1859 1842 statim

261 1871 558 1918 amandassem,
584 1883 728 1908 omnes
754 1872 849 1908 ante
875 1870 986 1908 hunc
1013 1869 1256 1908 extulissem
1280 1870 1402 1908 diem.
1459 1869 1612 1919 Magno
1633 1868 1860 1909 deciderem

262 1936 330 1975 vel
357 1949 468 1974 nunc
498 1936 660 1974 futuros
685 1935 833 1973 saluos.
896 1935 1038 1985 Neque
1064 1936 1139 1973 hec
1167 1949 1259 1974 mea
1283 1948 1372 1973 sors
1398 1935 1536 1974 solius.
1598 1935 1749 1984 Magna
1768 1945 1861 1983 pars

263 2001 491 2040 aulicorum
521 2000 779 2050 aegrotabat:
819 1999 1008 2039 habenda
1036 2003 1098 2039 est
1128 2001 1214 2039 Deo
1243 2000 1385 2050 gratia,
1418 2000 1527 2050 quod
1557 2000 1644 2038 Rex
1671 1998 1857 2038 euaserit.

264 2068 328 2106 Ex
342 2066 579 2117 purpuratis
593 2066 733 2104 afflicti
749 2068 857 2104 certe
872 2066 1032 2116 aliquot
1046 2081 1056 2115 3
1087 2067 1145 2105 ita
1161 2066 1372 2105 neminem
1390 2079 1474 2104 non
1488 2068 1684 2104 vexatum
1700 2063 1862 2104 dimisit

264 2133 338 2171 illa
356 2132 502 2170 insula.
561 2131 734 2181 Stygem
754 2131 932 2170 arbitror
951 2145 1036 2170 non
1055 2132 1177 2181 longe
1198 2132 1316 2170 illinc
1342 2132 1493 2178 abesse,
1516 2145 1562 2170 ea
1580 2133 1644 2169 est
1663 2142 1862 2181 aquarum

265 2198 478 2248 nigritudo
493 2199 616 2246 atque
637 2197 922 2236 amarulentia.
972 2197 1016 2236 Si
1036 2197 1150 2236 domi
1169 2199 1211 2235 te
1231 2198 1276 2235 in
1298 2197 1446 2248 oppido
1462 2197 1660 2244 contines,
1678 2195 1863 2245 vndique

265 2276 315 2302 ex
345 2262 501 2301 vicinia
534 2262 796 2312 glebularum
825 2263 968 2302 fumus
998 2263 1080 2312 (his
1114 2276 1279 2313 nanque
1308 2262 1398 2301 vice
1430 2262 1641 2313 lignorum
1671 2258 1864 2308 vtuntur)

267 2342 386 2368 nares
418 2328 565 2379 opplet.
625 2328 716 2367 Hae
746 2343 795 2367 ex
823 2329 1027 2379 vliginoso
1057 2332 1098 2367 et
1127 2329 1235 2367 salso
1262 2329 1430 2367 effossae
1459 2328 1557 2377 solo,
1591 2327 1864 2378 quantumuis

269 2393 464 2432 arefactae
502 2392 600 2441 sole,
636 2393 737 2431 dum
774 2393 932 2442 ardent,
969 2394 1134 2433 fumum
1167 2393 1345 2432 reddunt
1378 2393 1422 2430 in
1456 2393 1545 2442 ipsa
1576 2392 1864 2443 penetrantem

268 2458 513 2509 praecordia,
543 2460 697 2508 pectus,
728 2472 855 2507 nares,
889 2461 1024 2509 caput,
1054 2459 1193 2497 omnia
1219 2460 1463 2496 tentantem.
1522 2457 1682 2496 Audiui
1720 2456 1772 2494 ab
1807 2456 1866 2494 in·

269 2524 431 2574 digenis
450 2525 651 2562 vestrates
671 2524 942 2563 Hollandicas
967 2538 1016 2562 ex
1041 2524 1207 2562 mitiore
1231 2525 1371 2561 erutas
1397 2522 1484 2560 solo
1509 2522 1609 2560 thus
1635 2521 1745 2560 olere
1770 2534 1866 2571 prae

271 2589 365 2627 illis.
426 2588 542 2636 Quod
566 2589 600 2627 si
627 2589 841 2628 fastidium
868 2589 1010 2639 oppidi
1037 2589 1172 2627 leuare
1201 2587 1537 2627 obambulatione
1554 2585 1659 2626 velis
1679 2586 1737 2635 (id
1757 2585 1865 2636 quod

272 2654 442 2692 interim
458 2654 646 2692 factitare
661 2654 882 2704 consueui),
898 2654 966 2692 via
981 2655 1079 2705 ipsa,
1099 2654 1231 2692 imbre
1250 2665 1467 2702 conspersa
1485 2652 1552 2690 vel
1571 2651 1663 2700 leui,
1682 2650 1867 2690 tenacius

318 2763 394 2794 662.
418 2774 450 2802 9.
476 2772 540 2802 ago
555 2762 608 2795 a2:
635 2772 697 2802 ego
713 2762 758 2794 al.
861 2773 910 2803 13.
936 2763 1072 2794 Datum
1089 2762 1147 2793 11²:
1170 2762 1273 2793 Datis
1287 2760 1332 2792 al.
1437 2761 1513 2792 663.
1537 2771 1569 2800 3.
1594 2761 1795 2792 multorum
1810 2759 1866 2792 11²:

276 2806 472 2837 multarum
489 2805 533 2837 al.
703 2817 732 2845 7.
759 2806 953 2838 deciderim
969 2809 1012 2839 N.
1180 2806 1211 2837 8.
1235 2805 1345 2835 solius
1360 2807 1406 2836 D:
1431 2804 1505 2836 sola
1521 2816 1552 2836 α.
1715 2815 1750 2844 9.
1771 2804 1868 2844 gatia

275 2861 295 2878 α
452 2859 500 2881 10.
527 2849 667 2881 dimisit
682 2849 735 2881 12²:
761 2851 882 2882 emisit
899 2850 945 2883 a1.
1097 2859 1146 2881 12.
1171 2849 1356 2880 contineas
1368 2850 1407 2879 D.
1556 2858 1608 2887 17.
1632 2847 1868 2880 Hollandicas

275 2872 328 2924 05:
353 2892 555 2924 Hollidicas
570 2892 614 2926 αι.

323 2978 398 3010 663.
428 2988 455 3009 1.
481 2978 552 3009 Vix
568 2978 731 3020 tandem]
751 2988 795 3010 on
814 2990 830 3018 7
849 2980 943 3019 Sept.
1286 2987 1334 3009 11.
1359 2977 1495 3019 insula]
1513 2976 1739 3009 Walcheren.
