<?xml version="1.0" encoding="UTF-8"?>
<!DOCTYPE html PUBLIC "-//W3C//DTD XHTML 1.0 Transitional//EN"
    "http://www.w3.org/TR/xhtml1/DTD/xhtml1-transitional.dtd">
<html xmlns="http://www.w3.org/1999/xhtml" xml:lang="en" lang="en">
 <head>
  <title>
</title>
<meta http-equiv="Content-Type" content="text/html;charset=utf-8" />
  <meta name='ocr-system' content='tesseract 3.04.00' />
  <meta name='ocr-capabilities' content='ocr_page ocr_carea ocr_par ocr_line ocrx_word'/>
</head>
<body>
  <div class='ocr_page' id='page_1' title='image "./opusepistolarumd03erasuoft_0669.png"; bbox 0 0 2034 3433; ppageno 0'>
   <div class='ocr_carea' id='block_1_1' title="bbox 128 133 1700 189">
    <p class='ocr_par' dir='ltr' id='par_1_1' title="bbox 128 133 1700 189">
     <span class='ocr_line' id='line_1_1' title="bbox 128 133 1700 189; baseline 0.001 -16"><span class='ocrx_word' id='word_1_1' title='bbox 128 133 226 189; x_wconf 91' lang='lat'>986]</span> <span class='ocrx_word' id='word_1_2' title='bbox 578 135 730 176; x_wconf 84' lang='lat' dir='ltr'>FROM</span> <span class='ocrx_word' id='word_1_3' title='bbox 768 135 984 176; x_wconf 89' lang='lat' dir='ltr'>ULRICH</span> <span class='ocrx_word' id='word_1_4' title='bbox 1020 135 1254 175; x_wconf 75' lang='lat' dir='ltr'><strong>HUTTEN</strong></span> <span class='ocrx_word' id='word_1_5' title='bbox 1622 138 1700 175; x_wconf 85' lang='lat'>615</span> 
     </span>
    </p>
   </div>
   <div class='ocr_carea' id='block_1_2' title="bbox 118 238 1761 2238">
    <p class='ocr_par' dir='ltr' id='par_1_2' title="bbox 126 238 1761 613">
     <span class='ocr_line' id='line_1_2' title="bbox 129 238 1697 290; baseline -0.001 -11"><span class='ocrx_word' id='word_1_6' title='bbox 129 241 332 289; x_wconf 89' lang='lat' dir='ltr'>deaurato,</span> <span class='ocrx_word' id='word_1_7' title='bbox 363 242 522 290; x_wconf 88' lang='lat' dir='ltr'>praeter</span> <span class='ocrx_word' id='word_1_8' title='bbox 554 239 596 277; x_wconf 91' lang='lat' dir='ltr'>id</span> <span class='ocrx_word' id='word_1_9' title='bbox 626 239 734 289; x_wconf 89' lang='lat' dir='ltr'>quod</span> <span class='ocrx_word' id='word_1_10' title='bbox 761 239 939 288; x_wconf 90' lang='lat' dir='ltr'>pondere</span> <span class='ocrx_word' id='word_1_11' title='bbox 966 251 1187 288; x_wconf 86' lang='lat' dir='ltr'>permagna</span> <span class='ocrx_word' id='word_1_12' title='bbox 1214 241 1284 286; x_wconf 88' lang='lat' dir='ltr'>est,</span> <span class='ocrx_word' id='word_1_13' title='bbox 1315 242 1401 277; x_wconf 90' lang='lat' dir='ltr'>arte</span> <span class='ocrx_word' id='word_1_14' title='bbox 1427 238 1559 277; x_wconf 90' lang='lat' dir='ltr'>adhuc</span> <span class='ocrx_word' id='word_1_15' title='bbox 1592 252 1697 278; x_wconf 89' lang='lat' dir='ltr'>com-</span> 
     </span>
     <span class='ocr_line' id='line_1_3' title="bbox 128 302 1699 354; baseline -0.001 -10"><span class='ocrx_word' id='word_1_16' title='bbox 128 305 385 344; x_wconf 88' lang='lat' dir='ltr'>mendabilis.</span> <span class='ocrx_word' id='word_1_17' title='bbox 445 304 540 343; x_wconf 88' lang='lat' dir='ltr'>Non</span> <span class='ocrx_word' id='word_1_18' title='bbox 558 302 760 342; x_wconf 89' lang='lat' dir='ltr'>iudicabis</span> <span class='ocrx_word' id='word_1_19' title='bbox 778 302 998 353; x_wconf 88' lang='lat' dir='ltr'>indignum</span> <span class='ocrx_word' id='word_1_20' title='bbox 1020 303 1211 353; x_wconf 83' lang='lat' dir='ltr'>Principe</span> <span class='ocrx_word' id='word_1_21' title='bbox 1234 315 1401 342; x_wconf 89' lang='lat' dir='ltr'>munus.</span> <span class='ocrx_word' id='word_1_22' title='bbox 1459 303 1699 354; x_wconf 81' lang='lat' dir='ltr'>Quanquam</span> 
     </span>
     <span class='ocr_line' id='line_1_4' title="bbox 126 367 1698 420; baseline -0.001 -13"><span class='ocrx_word' id='word_1_23' title='bbox 126 369 213 420; x_wconf 87' lang='lat' dir='ltr'>ipse</span> <span class='ocrx_word' id='word_1_24' title='bbox 250 370 359 409; x_wconf 87' lang='lat' dir='ltr'>dicat</span> <span class='ocrx_word' id='word_1_25' title='bbox 390 369 466 408; x_wconf 91' lang='lat' dir='ltr'>hoc</span> <span class='ocrx_word' id='word_1_26' title='bbox 496 381 539 407; x_wconf 87' lang='lat' dir='ltr'>se</span> <span class='ocrx_word' id='word_1_27' title='bbox 573 368 667 406; x_wconf 87' lang='lat' dir='ltr'>dare</span> <span class='ocrx_word' id='word_1_28' title='bbox 699 367 874 417; x_wconf 77' lang='lat' dir='ltr'>fugienti</span> <span class='ocrx_word' id='word_1_29' title='bbox 901 367 1006 406; x_wconf 91' lang='lat' dir='ltr'>tibi:</span> <span class='ocrx_word' id='word_1_30' title='bbox 1051 368 1257 417; x_wconf 87' lang='lat' dir='ltr'>daturum,</span> <span class='ocrx_word' id='word_1_31' title='bbox 1289 368 1489 419; x_wconf 90' lang='lat' dir='ltr'>siquando</span> <span class='ocrx_word' id='word_1_32' title='bbox 1525 368 1698 414; x_wconf 82' lang='lat' dir='ltr'>accedas,</span> 
     </span>
     <span class='ocr_line' id='line_1_5' title="bbox 126 432 1701 484; baseline -0.002 -11"><span class='ocrx_word' id='word_1_33' title='bbox 126 434 326 484; x_wconf 75' lang='lat' dir='ltr'><strong>amphora</strong></span> <span class='ocrx_word' id='word_1_34' title='bbox 361 433 520 481; x_wconf 84' lang='lat' dir='ltr'>multa;</span> <span class='ocrx_word' id='word_1_35' title='bbox 559 434 756 482; x_wconf 87' lang='lat' dir='ltr'>vocatque</span> <span class='ocrx_word' id='word_1_36' title='bbox 792 433 945 472; x_wconf 89' lang='lat' dir='ltr'>amoris</span> <span class='ocrx_word' id='word_1_37' title='bbox 981 432 1056 471; x_wconf 88' lang='lat' dir='ltr'>hoc</span> <span class='ocrx_word' id='word_1_38' title='bbox 1093 433 1297 483; x_wconf 90' lang='lat' dir='ltr'>poculum.</span> <span class='ocrx_word' id='word_1_39' title='bbox 1374 433 1470 484; x_wconf 90' lang='lat' dir='ltr'>Ipse</span> <span class='ocrx_word' id='word_1_40' title='bbox 1508 447 1587 483; x_wconf 91' lang='lat' dir='ltr'>quo</span> <span class='ocrx_word' id='word_1_41' title='bbox 1624 432 1701 471; x_wconf 91' lang='lat' dir='ltr'>tibi</span> 
     </span>
     <span class='ocr_line' id='line_1_6' title="bbox 128 497 1761 548; baseline -0.001 -11"><span class='ocrx_word' id='word_1_42' title='bbox 128 499 294 538; x_wconf 89' lang='lat' dir='ltr'>mittam</span> <span class='ocrx_word' id='word_1_43' title='bbox 319 499 469 538; x_wconf 89' lang='lat' dir='ltr'>dubius</span> <span class='ocrx_word' id='word_1_44' title='bbox 495 511 615 537; x_wconf 88' lang='lat' dir='ltr'>sum:</span> <span class='ocrx_word' id='word_1_45' title='bbox 644 510 740 536; x_wconf 88' lang='lat' dir='ltr'>nam</span> <span class='ocrx_word' id='word_1_46' title='bbox 766 497 811 535; x_wconf 89' lang='lat' dir='ltr'>in</span> <span class='ocrx_word' id='word_1_47' title='bbox 839 497 1036 548; x_wconf 89' lang='lat' dir='ltr'>Angliam</span> <span class='ocrx_word' id='word_1_48' title='bbox 1062 498 1179 537; x_wconf 85' lang='lat' dir='ltr'>aiunt</span> <span class='ocrx_word' id='word_1_49' title='bbox 1204 498 1316 537; x_wconf 91' lang='lat' dir='ltr'>abire</span> <span class='ocrx_word' id='word_1_50' title='bbox 1335 501 1385 538; x_wconf 86' lang='lat' dir='ltr'>te.</span> <span class='ocrx_word' id='word_1_51' title='bbox 1444 498 1582 538; x_wconf 87' lang='lat' dir='ltr'>Scribe</span> <span class='ocrx_word' id='word_1_52' title='bbox 1601 497 1700 548; x_wconf 91' lang='lat' dir='ltr'>quid</span> <span class='ocrx_word' id='word_1_53' title='bbox 1720 512 1761 542; x_wconf 82' lang='lat'>40</span> 
     </span>
     <span class='ocr_line' id='line_1_7' title="bbox 127 561 1390 613; baseline -0.002 -11"><span class='ocrx_word' id='word_1_54' title='bbox 127 563 217 602; x_wconf 89' lang='lat' dir='ltr'>fieri</span> <span class='ocrx_word' id='word_1_55' title='bbox 235 564 340 603; x_wconf 87' lang='lat' dir='ltr'>velis</span> <span class='ocrx_word' id='word_1_56' title='bbox 359 564 408 602; x_wconf 90' lang='lat' dir='ltr'>de</span> <span class='ocrx_word' id='word_1_57' title='bbox 425 565 562 613; x_wconf 91' lang='lat' dir='ltr'>patera</span> <span class='ocrx_word' id='word_1_58' title='bbox 580 562 773 612; x_wconf 87' lang='lat' dir='ltr'>primum,</span> <span class='ocrx_word' id='word_1_59' title='bbox 797 561 944 600; x_wconf 89' lang='lat' dir='ltr'>deinde</span> <span class='ocrx_word' id='word_1_60' title='bbox 963 563 1061 612; x_wconf 91' lang='lat' dir='ltr'>quid</span> <span class='ocrx_word' id='word_1_61' title='bbox 1081 563 1158 601; x_wconf 90' lang='lat' dir='ltr'>tibi</span> <span class='ocrx_word' id='word_1_62' title='bbox 1176 577 1390 613; x_wconf 84' lang='lat' dir='ltr'>proponas.</span> 
     </span>
    </p>

    <p class='ocr_par' dir='ltr' id='par_1_3' title="bbox 118 626 1759 2106">
     <span class='ocr_line' id='line_1_8' title="bbox 180 626 1697 679; baseline -0.001 -12"><span class='ocrx_word' id='word_1_63' title='bbox 180 629 289 667; x_wconf 92' lang='lat' dir='ltr'>Belli</span> <span class='ocrx_word' id='word_1_64' title='bbox 320 641 509 679; x_wconf 86' lang='lat' dir='ltr'>prospere</span> <span class='ocrx_word' id='word_1_65' title='bbox 545 626 685 665; x_wconf 88' lang='lat' dir='ltr'>omnia</span> <span class='ocrx_word' id='word_1_66' title='bbox 720 629 958 666; x_wconf 89' lang='lat' dir='ltr'>euenerunt.</span> <span class='ocrx_word' id='word_1_67' title='bbox 1017 627 1166 677; x_wconf 89' lang='lat' dir='ltr'>Magno</span> <span class='ocrx_word' id='word_1_68' title='bbox 1204 628 1470 667; x_wconf 60' lang='lat' dir='ltr'>Germaniam</span> <span class='ocrx_word' id='word_1_69' title='bbox 1507 626 1697 677; x_wconf 89' lang='lat' dir='ltr'>periculo,</span> 
     </span>
     <span class='ocr_line' id='line_1_9' title="bbox 127 691 1700 743; baseline -0.002 -11"><span class='ocrx_word' id='word_1_70' title='bbox 127 693 290 743; x_wconf 92' lang='lat' dir='ltr'>publico</span> <span class='ocrx_word' id='word_1_71' title='bbox 327 695 441 732; x_wconf 87' lang='lat' dir='ltr'>metu</span> <span class='ocrx_word' id='word_1_72' title='bbox 470 691 748 731; x_wconf 88' lang='lat' dir='ltr'>liberauimus.</span> <span class='ocrx_word' id='word_1_73' title='bbox 807 691 912 740; x_wconf 81' lang='lat' dir='ltr'>Quid</span> <span class='ocrx_word' id='word_1_74' title='bbox 946 704 1188 741; x_wconf 78' lang='lat' dir='ltr'>magnopere</span> <span class='ocrx_word' id='word_1_75' title='bbox 1224 706 1413 731; x_wconf 91' lang='lat' dir='ltr'>curemus</span> <span class='ocrx_word' id='word_1_76' title='bbox 1450 694 1562 731; x_wconf 85' lang='lat' dir='ltr'>enim</span> <span class='ocrx_word' id='word_1_77' title='bbox 1594 691 1700 741; x_wconf 90' lang='lat' dir='ltr'>quod</span> 
     </span>
     <span class='ocr_line' id='line_1_10' title="bbox 126 756 1700 807; baseline -0.001 -10"><span class='ocrx_word' id='word_1_78' title='bbox 126 758 240 798; x_wconf 86' lang='lat' dir='ltr'>viuat</span> <span class='ocrx_word' id='word_1_79' title='bbox 259 758 331 796; x_wconf 93' lang='lat' dir='ltr'>ille</span> <span class='ocrx_word' id='word_1_80' title='bbox 343 759 364 796; x_wconf 73' lang='grc' dir='ltr'>Ῥ</span> <span class='ocrx_word' id='word_1_81' title='bbox 390 758 456 796; x_wconf 92' lang='lat' dir='ltr'>cui</span> <span class='ocrx_word' id='word_1_82' title='bbox 475 757 571 807; x_wconf 87' lang='lat' dir='ltr'>quia</span> <span class='ocrx_word' id='word_1_83' title='bbox 589 756 818 795; x_wconf 84' lang='lat' dir='ltr'>ademimus</span> <span class='ocrx_word' id='word_1_84' title='bbox 838 756 986 803; x_wconf 90' lang='lat' dir='ltr'>omnia,</span> <span class='ocrx_word' id='word_1_85' title='bbox 1006 756 1233 795; x_wconf 88' lang='lat' dir='ltr'>viuendum</span> <span class='ocrx_word' id='word_1_86' title='bbox 1258 757 1404 796; x_wconf 86' lang='lat' dir='ltr'>misere</span> <span class='ocrx_word' id='word_1_87' title='bbox 1425 760 1495 796; x_wconf 89' lang='lat' dir='ltr'>est.</span> <span class='ocrx_word' id='word_1_88' title='bbox 1554 757 1700 795; x_wconf 85' lang='lat' dir='ltr'>Totam</span> 
     </span>
     <span class='ocr_line' id='line_1_11' title="bbox 125 820 1758 873; baseline -0.001 -12"><span class='ocrx_word' id='word_1_89' title='bbox 125 822 347 873; x_wconf 85' lang='lat' dir='ltr'>aliquando</span> <span class='ocrx_word' id='word_1_90' title='bbox 388 835 475 861; x_wconf 90' lang='lat' dir='ltr'>rem</span> <span class='ocrx_word' id='word_1_91' title='bbox 515 822 637 871; x_wconf 86' lang='lat' dir='ltr'>leges.</span> <span class='ocrx_word' id='word_1_92' title='bbox 699 820 964 870; x_wconf 88' lang='lat' dir='ltr'>Studgardiae</span> <span class='ocrx_word' id='word_1_93' title='bbox 1005 820 1259 871; x_wconf 88' lang='lat' dir='ltr'>Capnionem</span> <span class='ocrx_word' id='word_1_94' title='bbox 1297 823 1483 869; x_wconf 90' lang='lat' dir='ltr'>conueni,</span> <span class='ocrx_word' id='word_1_95' title='bbox 1517 822 1698 871; x_wconf 89' lang='lat' dir='ltr'>positum</span> <span class='ocrx_word' id='word_1_96' title='bbox 1718 837 1758 867; x_wconf 84' lang='lat'>45</span> 
     </span>
     <span class='ocr_line' id='line_1_12' title="bbox 127 885 1699 938; baseline -0.001 -12"><span class='ocrx_word' id='word_1_97' title='bbox 127 900 276 938; x_wconf 88' lang='lat' dir='ltr'>magno</span> <span class='ocrx_word' id='word_1_98' title='bbox 308 887 354 925; x_wconf 89' lang='lat' dir='ltr'>in</span> <span class='ocrx_word' id='word_1_99' title='bbox 386 887 543 925; x_wconf 87' lang='lat' dir='ltr'>timore.</span> <span class='ocrx_word' id='word_1_100' title='bbox 602 885 802 924; x_wconf 77' lang='lat' dir='ltr'>Militares</span> <span class='ocrx_word' id='word_1_101' title='bbox 836 885 993 924; x_wconf 83' lang='lat' dir='ltr'>furores</span> <span class='ocrx_word' id='word_1_102' title='bbox 1030 886 1237 925; x_wconf 76' lang='lat' dir='ltr'>metuebat</span> <span class='ocrx_word' id='word_1_103' title='bbox 1270 886 1402 925; x_wconf 93' lang='lat' dir='ltr'>bonus</span> <span class='ocrx_word' id='word_1_104' title='bbox 1438 888 1561 936; x_wconf 88' lang='lat' dir='ltr'>pater.</span> <span class='ocrx_word' id='word_1_105' title='bbox 1620 886 1699 925; x_wconf 88' lang='lat' dir='ltr'>Sed</span> 
     </span>
     <span class='ocr_line' id='line_1_13' title="bbox 125 950 1700 1002; baseline -0.003 -11"><span class='ocrx_word' id='word_1_106' title='bbox 125 965 199 1002; x_wconf 88' lang='lat' dir='ltr'>ego</span> <span class='ocrx_word' id='word_1_107' title='bbox 227 952 439 991; x_wconf 86' lang='lat' dir='ltr'>Francisco</span> <span class='ocrx_word' id='word_1_108' title='bbox 468 952 634 990; x_wconf 91' lang='lat' dir='ltr'>ductore</span> <span class='ocrx_word' id='word_1_109' title='bbox 661 950 769 1000; x_wconf 88' lang='lat' dir='ltr'>apud</span> <span class='ocrx_word' id='word_1_110' title='bbox 798 950 920 989; x_wconf 85' lang='lat' dir='ltr'>duces</span> <span class='ocrx_word' id='word_1_111' title='bbox 947 950 1225 989; x_wconf 84' lang='lat' dir='ltr'>intercedente</span> <span class='ocrx_word' id='word_1_112' title='bbox 1252 963 1448 998; x_wconf 83' lang='lat' dir='ltr'>caueram,</span> <span class='ocrx_word' id='word_1_113' title='bbox 1471 952 1505 989; x_wconf 91' lang='lat' dir='ltr'>si</span> <span class='ocrx_word' id='word_1_114' title='bbox 1533 952 1575 989; x_wconf 87' lang='lat' dir='ltr'>vi</span> <span class='ocrx_word' id='word_1_115' title='bbox 1598 950 1700 1001; x_wconf 90' lang='lat' dir='ltr'>capi-</span> 
     </span>
     <span class='ocr_line' id='line_1_14' title="bbox 124 1015 1700 1067; baseline -0.002 -11"><span class='ocrx_word' id='word_1_116' title='bbox 124 1017 228 1056; x_wconf 88' lang='lat' dir='ltr'>enda</span> <span class='ocrx_word' id='word_1_117' title='bbox 246 1016 492 1067; x_wconf 88' lang='lat' dir='ltr'>Studgardia</span> <span class='ocrx_word' id='word_1_118' title='bbox 510 1017 626 1063; x_wconf 90' lang='lat' dir='ltr'>esset,</span> <span class='ocrx_word' id='word_1_119' title='bbox 644 1015 688 1053; x_wconf 92' lang='lat' dir='ltr'>in</span> <span class='ocrx_word' id='word_1_120' title='bbox 707 1015 886 1054; x_wconf 81' lang='lat' dir='ltr'>exercitu</span> <span class='ocrx_word' id='word_1_121' title='bbox 905 1018 952 1053; x_wconf 84' lang='lat' dir='ltr'>vt</span> <span class='ocrx_word' id='word_1_122' title='bbox 969 1016 1290 1065; x_wconf 86' lang='lat' dir='ltr'>proclamaretur</span> <span class='ocrx_word' id='word_1_123' title='bbox 1308 1016 1530 1066; x_wconf 88' lang='lat' dir='ltr'>Capnionis</span> <span class='ocrx_word' id='word_1_124' title='bbox 1547 1015 1700 1065; x_wconf 89' lang='lat' dir='ltr'>penati-</span> 
     </span>
     <span class='ocr_line' id='line_1_15' title="bbox 126 1080 1700 1132; baseline -0.001 -12"><span class='ocrx_word' id='word_1_125' title='bbox 126 1082 202 1120; x_wconf 90' lang='lat' dir='ltr'>bus</span> <span class='ocrx_word' id='word_1_126' title='bbox 225 1082 372 1132; x_wconf 80' lang='lat' dir='ltr'>nequis</span> <span class='ocrx_word' id='word_1_127' title='bbox 401 1083 572 1120; x_wconf 87' lang='lat' dir='ltr'>noceret.</span> <span class='ocrx_word' id='word_1_128' title='bbox 634 1080 727 1119; x_wconf 89' lang='lat' dir='ltr'>Hoc</span> <span class='ocrx_word' id='word_1_129' title='bbox 754 1080 888 1118; x_wconf 90' lang='lat' dir='ltr'>nescis</span> <span class='ocrx_word' id='word_1_130' title='bbox 913 1082 1114 1130; x_wconf 90' lang='lat' dir='ltr'>quantum</span> <span class='ocrx_word' id='word_1_131' title='bbox 1144 1081 1214 1119; x_wconf 93' lang='lat' dir='ltr'>ille</span> <span class='ocrx_word' id='word_1_132' title='bbox 1244 1084 1284 1120; x_wconf 90' lang='lat' dir='ltr'>et</span> <span class='ocrx_word' id='word_1_133' title='bbox 1312 1082 1430 1131; x_wconf 89' lang='lat' dir='ltr'>quale</span> <span class='ocrx_word' id='word_1_134' title='bbox 1455 1081 1700 1119; x_wconf 90' lang='lat' dir='ltr'>beneficium</span> 
     </span>
     <span class='ocr_line' id='line_1_16' title="bbox 125 1144 1759 1196; baseline -0.002 -11"><span class='ocrx_word' id='word_1_135' title='bbox 125 1147 427 1196; x_wconf 85' lang='lat' dir='ltr'>interpretetur,</span> <span class='ocrx_word' id='word_1_136' title='bbox 448 1159 543 1184; x_wconf 90' lang='lat' dir='ltr'>cum</span> <span class='ocrx_word' id='word_1_137' title='bbox 558 1159 631 1196; x_wconf 91' lang='lat' dir='ltr'>ego</span> <span class='ocrx_word' id='word_1_138' title='bbox 651 1144 836 1184; x_wconf 89' lang='lat' dir='ltr'>conscius</span> <span class='ocrx_word' id='word_1_139' title='bbox 854 1144 960 1182; x_wconf 89' lang='lat' dir='ltr'>mihi</span> <span class='ocrx_word' id='word_1_140' title='bbox 978 1144 1058 1183; x_wconf 88' lang='lat' dir='ltr'>sim</span> <span class='ocrx_word' id='word_1_141' title='bbox 1075 1144 1198 1183; x_wconf 88' lang='lat' dir='ltr'>officii</span> <span class='ocrx_word' id='word_1_142' title='bbox 1215 1146 1299 1184; x_wconf 89' lang='lat' dir='ltr'>mei</span> <span class='ocrx_word' id='word_1_143' title='bbox 1313 1145 1438 1184; x_wconf 83' lang='lat' dir='ltr'>fuisse</span> <span class='ocrx_word' id='word_1_144' title='bbox 1457 1148 1501 1184; x_wconf 87' lang='lat' dir='ltr'>vt</span> <span class='ocrx_word' id='word_1_145' title='bbox 1515 1145 1699 1183; x_wconf 87' lang='lat' dir='ltr'>viderem</span> <span class='ocrx_word' id='word_1_146' title='bbox 1718 1161 1759 1191; x_wconf 81' lang='lat'>50</span> 
     </span>
     <span class='ocr_line' id='line_1_17' title="bbox 124 1209 1700 1261; baseline -0.001 -11"><span class='ocrx_word' id='word_1_147' title='bbox 124 1211 277 1261; x_wconf 89' lang='lat' dir='ltr'>nequid</span> <span class='ocrx_word' id='word_1_148' title='bbox 295 1213 504 1261; x_wconf 88' lang='lat' dir='ltr'>pateretur</span> <span class='ocrx_word' id='word_1_149' title='bbox 517 1224 560 1249; x_wconf 92' lang='lat' dir='ltr'>se</span> <span class='ocrx_word' id='word_1_150' title='bbox 578 1209 798 1260; x_wconf 88' lang='lat' dir='ltr'>indignum</span> <span class='ocrx_word' id='word_1_151' title='bbox 816 1209 882 1247; x_wconf 85' lang='lat' dir='ltr'>vir</span> <span class='ocrx_word' id='word_1_152' title='bbox 900 1209 1165 1248; x_wconf 89' lang='lat' dir='ltr'>doctissimus</span> <span class='ocrx_word' id='word_1_153' title='bbox 1187 1212 1306 1260; x_wconf 88' lang='lat' dir='ltr'>atque</span> <span class='ocrx_word' id='word_1_154' title='bbox 1333 1210 1525 1260; x_wconf 91' lang='lat' dir='ltr'>optimus.</span> <span class='ocrx_word' id='word_1_155' title='bbox 1583 1209 1700 1249; x_wconf 90' lang='lat' dir='ltr'>Prae·</span> 
     </span>
     <span class='ocr_line' id='line_1_18' title="bbox 124 1274 1701 1327; baseline -0.001 -13"><span class='ocrx_word' id='word_1_156' title='bbox 124 1277 242 1327; x_wconf 83' lang='lat' dir='ltr'>cipue</span> <span class='ocrx_word' id='word_1_157' title='bbox 274 1289 320 1315; x_wconf 91' lang='lat' dir='ltr'>eo</span> <span class='ocrx_word' id='word_1_158' title='bbox 353 1275 399 1314; x_wconf 91' lang='lat' dir='ltr'>in</span> <span class='ocrx_word' id='word_1_159' title='bbox 429 1275 592 1325; x_wconf 89' lang='lat' dir='ltr'>negotio</span> <span class='ocrx_word' id='word_1_160' title='bbox 625 1274 955 1324; x_wconf 80' lang='lat' dir='ltr'>magnitudinem</span> <span class='ocrx_word' id='word_1_161' title='bbox 987 1287 1106 1313; x_wconf 90' lang='lat' dir='ltr'>suam</span> <span class='ocrx_word' id='word_1_162' title='bbox 1141 1274 1320 1314; x_wconf 88' lang='lat' dir='ltr'>ostendit</span> <span class='ocrx_word' id='word_1_163' title='bbox 1353 1275 1602 1322; x_wconf 87' lang='lat' dir='ltr'>Franciscus,</span> <span class='ocrx_word' id='word_1_164' title='bbox 1635 1275 1701 1313; x_wconf 90' lang='lat' dir='ltr'>vir</span> 
     </span>
     <span class='ocr_line' id='line_1_19' title="bbox 122 1338 1699 1393; baseline -0.001 -13"><span class='ocrx_word' id='word_1_165' title='bbox 122 1341 287 1393; x_wconf 89' lang='lat' dir='ltr'>qualem</span> <span class='ocrx_word' id='word_1_166' title='bbox 307 1340 380 1379; x_wconf 93' lang='lat' dir='ltr'>diu</span> <span class='ocrx_word' id='word_1_167' title='bbox 398 1353 482 1379; x_wconf 92' lang='lat' dir='ltr'>non</span> <span class='ocrx_word' id='word_1_168' title='bbox 501 1339 647 1378; x_wconf 91' lang='lat' dir='ltr'>habuit</span> <span class='ocrx_word' id='word_1_169' title='bbox 667 1338 897 1387; x_wconf 85' lang='lat' dir='ltr'>Germania,</span> <span class='ocrx_word' id='word_1_170' title='bbox 921 1340 961 1376; x_wconf 88' lang='lat' dir='ltr'>et</span> <span class='ocrx_word' id='word_1_171' title='bbox 980 1339 1051 1389; x_wconf 91' lang='lat' dir='ltr'>qui</span> <span class='ocrx_word' id='word_1_172' title='bbox 1069 1342 1249 1378; x_wconf 89' lang='lat' dir='ltr'>meretur</span> <span class='ocrx_word' id='word_1_173' title='bbox 1261 1342 1308 1378; x_wconf 84' lang='lat' dir='ltr'>vt</span> <span class='ocrx_word' id='word_1_174' title='bbox 1327 1353 1422 1379; x_wconf 88' lang='lat' dir='ltr'>eum</span> <span class='ocrx_word' id='word_1_175' title='bbox 1440 1340 1525 1378; x_wconf 91' lang='lat' dir='ltr'>tuis</span> <span class='ocrx_word' id='word_1_176' title='bbox 1543 1353 1699 1390; x_wconf 86' lang='lat' dir='ltr'>quoque</span> 
     </span>
     <span class='ocr_line' id='line_1_20' title="bbox 121 1403 1698 1456; baseline -0.002 -11"><span class='ocrx_word' id='word_1_177' title='bbox 121 1406 255 1446; x_wconf 89' lang='lat' dir='ltr'>literis</span> <span class='ocrx_word' id='word_1_178' title='bbox 280 1405 511 1456; x_wconf 86' lang='lat' dir='ltr'>posteritati</span> <span class='ocrx_word' id='word_1_179' title='bbox 535 1404 806 1443; x_wconf 89' lang='lat' dir='ltr'>commendes.</span> <span class='ocrx_word' id='word_1_180' title='bbox 864 1403 968 1442; x_wconf 88' lang='lat' dir='ltr'>Mihi</span> <span class='ocrx_word' id='word_1_181' title='bbox 996 1404 1164 1454; x_wconf 91' lang='lat' dir='ltr'>quidem</span> <span class='ocrx_word' id='word_1_182' title='bbox 1190 1418 1283 1454; x_wconf 90' lang='lat' dir='ltr'>spes</span> <span class='ocrx_word' id='word_1_183' title='bbox 1310 1407 1373 1443; x_wconf 92' lang='lat' dir='ltr'>est</span> <span class='ocrx_word' id='word_1_184' title='bbox 1399 1418 1593 1455; x_wconf 90' lang='lat' dir='ltr'>magnam</span> <span class='ocrx_word' id='word_1_185' title='bbox 1621 1405 1698 1443; x_wconf 93' lang='lat' dir='ltr'>hoc</span> 
     </span>
     <span class='ocr_line' id='line_1_21' title="bbox 121 1469 1757 1520; baseline -0.002 -9"><span class='ocrx_word' id='word_1_186' title='bbox 121 1485 170 1511; x_wconf 87' lang='lat' dir='ltr'>ex</span> <span class='ocrx_word' id='word_1_187' title='bbox 185 1471 275 1511; x_wconf 87' lang='lat' dir='ltr'>viro</span> <span class='ocrx_word' id='word_1_188' title='bbox 289 1471 454 1510; x_wconf 91' lang='lat' dir='ltr'>laudem</span> <span class='ocrx_word' id='word_1_189' title='bbox 468 1482 718 1509; x_wconf 88' lang='lat' dir='ltr'>accessuram</span> <span class='ocrx_word' id='word_1_190' title='bbox 731 1469 828 1508; x_wconf 88' lang='lat' dir='ltr'>huic</span> <span class='ocrx_word' id='word_1_191' title='bbox 842 1469 1008 1508; x_wconf 88' lang='lat' dir='ltr'>nationi.</span> <span class='ocrx_word' id='word_1_192' title='bbox 1063 1469 1178 1507; x_wconf 91' lang='lat' dir='ltr'>Nihil</span> <span class='ocrx_word' id='word_1_193' title='bbox 1193 1470 1239 1508; x_wconf 92' lang='lat' dir='ltr'>in</span> <span class='ocrx_word' id='word_1_194' title='bbox 1252 1470 1434 1520; x_wconf 87' lang='lat' dir='ltr'>antiquis</span> <span class='ocrx_word' id='word_1_195' title='bbox 1448 1471 1700 1508; x_wconf 86' lang='lat' dir='ltr'>admiramur</span> <span class='ocrx_word' id='word_1_196' title='bbox 1718 1485 1757 1516; x_wconf 82' lang='lat'>55</span> 
     </span>
     <span class='ocr_line' id='line_1_22' title="bbox 121 1533 1697 1588; baseline -0.001 -13"><span class='ocrx_word' id='word_1_197' title='bbox 121 1537 229 1588; x_wconf 93' lang='lat' dir='ltr'>quod</span> <span class='ocrx_word' id='word_1_198' title='bbox 257 1549 343 1575; x_wconf 91' lang='lat' dir='ltr'>non</span> <span class='ocrx_word' id='word_1_199' title='bbox 367 1534 550 1574; x_wconf 87' lang='lat' dir='ltr'>studiose</span> <span class='ocrx_word' id='word_1_200' title='bbox 575 1534 764 1572; x_wconf 88' lang='lat' dir='ltr'>imitetur</span> <span class='ocrx_word' id='word_1_201' title='bbox 788 1533 870 1572; x_wconf 92' lang='lat' dir='ltr'>ille.</span> <span class='ocrx_word' id='word_1_202' title='bbox 928 1533 1053 1583; x_wconf 87' lang='lat' dir='ltr'>Viget</span> <span class='ocrx_word' id='word_1_203' title='bbox 1076 1534 1121 1572; x_wconf 91' lang='lat' dir='ltr'>in</span> <span class='ocrx_word' id='word_1_204' title='bbox 1147 1534 1317 1573; x_wconf 88' lang='lat' dir='ltr'>homine</span> <span class='ocrx_word' id='word_1_205' title='bbox 1337 1534 1564 1580; x_wconf 89' lang='lat' dir='ltr'>consilium,</span> <span class='ocrx_word' id='word_1_206' title='bbox 1586 1535 1697 1585; x_wconf 82' lang='lat' dir='ltr'>viget</span> 
     </span>
     <span class='ocr_line' id='line_1_23' title="bbox 122 1598 1698 1651; baseline -0.002 -11"><span class='ocrx_word' id='word_1_207' title='bbox 122 1600 365 1651; x_wconf 89' lang='lat' dir='ltr'>eloquentia,</span> <span class='ocrx_word' id='word_1_208' title='bbox 384 1599 570 1638; x_wconf 87' lang='lat' dir='ltr'>alacriter</span> <span class='ocrx_word' id='word_1_209' title='bbox 589 1599 727 1637; x_wconf 91' lang='lat' dir='ltr'>omnia</span> <span class='ocrx_word' id='word_1_210' title='bbox 737 1598 982 1648; x_wconf 89' lang='lat' dir='ltr'>adgreditur,</span> <span class='ocrx_word' id='word_1_211' title='bbox 1000 1598 1202 1637; x_wconf 84' lang='lat' dir='ltr'>industria</span> <span class='ocrx_word' id='word_1_212' title='bbox 1223 1601 1284 1638; x_wconf 89' lang='lat' dir='ltr'>est</span> <span class='ocrx_word' id='word_1_213' title='bbox 1299 1599 1461 1649; x_wconf 88' lang='lat' dir='ltr'>qualem</span> <span class='ocrx_word' id='word_1_214' title='bbox 1475 1600 1520 1637; x_wconf 91' lang='lat' dir='ltr'>in</span> <span class='ocrx_word' id='word_1_215' title='bbox 1536 1612 1698 1638; x_wconf 89' lang='lat' dir='ltr'>summo</span> 
     </span>
     <span class='ocr_line' id='line_1_24' title="bbox 121 1663 1698 1715; baseline -0.002 -10"><span class='ocrx_word' id='word_1_216' title='bbox 121 1667 223 1706; x_wconf 87' lang='lat' dir='ltr'>duce</span> <span class='ocrx_word' id='word_1_217' title='bbox 251 1678 431 1715; x_wconf 89' lang='lat' dir='ltr'>quaeras.</span> <span class='ocrx_word' id='word_1_218' title='bbox 489 1664 605 1702; x_wconf 88' lang='lat' dir='ltr'>Nihil</span> <span class='ocrx_word' id='word_1_219' title='bbox 633 1663 846 1702; x_wconf 89' lang='lat' dir='ltr'>humiliter</span> <span class='ocrx_word' id='word_1_220' title='bbox 872 1663 982 1711; x_wconf 90' lang='lat' dir='ltr'>dicit,</span> <span class='ocrx_word' id='word_1_221' title='bbox 1007 1663 1115 1701; x_wconf 89' lang='lat' dir='ltr'>nihil</span> <span class='ocrx_word' id='word_1_222' title='bbox 1142 1663 1266 1712; x_wconf 80' lang='lat' dir='ltr'>facit3</span> <span class='ocrx_word' id='word_1_223' title='bbox 1303 1666 1344 1703; x_wconf 88' lang='lat' dir='ltr'>et</span> <span class='ocrx_word' id='word_1_224' title='bbox 1368 1665 1451 1703; x_wconf 89' lang='lat' dir='ltr'>iam</span> <span class='ocrx_word' id='word_1_225' title='bbox 1479 1665 1582 1703; x_wconf 85' lang='lat' dir='ltr'>forte</span> <span class='ocrx_word' id='word_1_226' title='bbox 1611 1677 1698 1703; x_wconf 89' lang='lat' dir='ltr'>rem</span> 
     </span>
     <span class='ocr_line' id='line_1_25' title="bbox 119 1728 1699 1780; baseline -0.002 -9"><span class='ocrx_word' id='word_1_227' title='bbox 119 1731 293 1771; x_wconf 89' lang='lat' dir='ltr'>molitur</span> <span class='ocrx_word' id='word_1_228' title='bbox 311 1731 430 1780; x_wconf 87' lang='lat' dir='ltr'>longe</span> <span class='ocrx_word' id='word_1_229' title='bbox 447 1729 778 1779; x_wconf 86' lang='lat' dir='ltr'>pulcherrimam.</span> <span class='ocrx_word' id='word_1_230' title='bbox 825 1728 937 1766; x_wconf 87' lang='lat' dir='ltr'>Deus</span> <span class='ocrx_word' id='word_1_231' title='bbox 957 1728 1051 1778; x_wconf 90' lang='lat' dir='ltr'>Opt.</span> <span class='ocrx_word' id='word_1_232' title='bbox 1067 1728 1174 1767; x_wconf 86' lang='lat' dir='ltr'>Max.</span> <span class='ocrx_word' id='word_1_233' title='bbox 1195 1729 1413 1768; x_wconf 86' lang='lat' dir='ltr'>fortissimi</span> <span class='ocrx_word' id='word_1_234' title='bbox 1431 1729 1512 1768; x_wconf 86' lang='lat' dir='ltr'>viri</span> <span class='ocrx_word' id='word_1_235' title='bbox 1531 1732 1699 1768; x_wconf 90' lang='lat' dir='ltr'>conatus</span> 
     </span>
     <span class='ocr_line' id='line_1_26' title="bbox 120 1793 1758 1844; baseline -0.002 -9"><span class='ocrx_word' id='word_1_236' title='bbox 120 1797 298 1836; x_wconf 89' lang='lat' dir='ltr'>adiuuet.</span> <span class='ocrx_word' id='word_1_237' title='bbox 356 1795 518 1833; x_wconf 88' lang='lat' dir='ltr'>Mecum</span> <span class='ocrx_word' id='word_1_238' title='bbox 545 1793 632 1844; x_wconf 89' lang='lat' dir='ltr'>ipse</span> <span class='ocrx_word' id='word_1_239' title='bbox 661 1793 913 1844; x_wconf 88' lang='lat' dir='ltr'>Capnionem</span> <span class='ocrx_word' id='word_1_240' title='bbox 940 1793 1087 1832; x_wconf 88' lang='lat' dir='ltr'>affatus</span> <span class='ocrx_word' id='word_1_241' title='bbox 1115 1796 1179 1832; x_wconf 88' lang='lat' dir='ltr'>est</span> <span class='ocrx_word' id='word_1_242' title='bbox 1205 1807 1401 1844; x_wconf 90' lang='lat' dir='ltr'>perquam</span> <span class='ocrx_word' id='word_1_243' title='bbox 1423 1794 1694 1843; x_wconf 88' lang='lat' dir='ltr'>familiariter,</span> <span class='ocrx_word' id='word_1_244' title='bbox 1715 1805 1758 1837; x_wconf 88' lang='lat'>60</span> 
     </span>
     <span class='ocr_line' id='line_1_27' title="bbox 120 1858 1699 1912; baseline -0.001 -13"><span class='ocrx_word' id='word_1_245' title='bbox 120 1861 280 1912; x_wconf 88' lang='lat' dir='ltr'>quinos</span> <span class='ocrx_word' id='word_1_246' title='bbox 295 1859 509 1899; x_wconf 89' lang='lat' dir='ltr'>salutando</span> <span class='ocrx_word' id='word_1_247' title='bbox 530 1858 757 1908; x_wconf 85' lang='lat' dir='ltr'>Flagellum</span> <span class='ocrx_word' id='word_1_248' title='bbox 778 1858 853 1896; x_wconf 93' lang='lat' dir='ltr'>Dei</span> <span class='ocrx_word' id='word_1_249' title='bbox 873 1858 1111 1908; x_wconf 90' lang='lat' dir='ltr'>appellabat.</span> <span class='ocrx_word' id='word_1_250' title='bbox 1162 1859 1441 1909; x_wconf 90' lang='lat' dir='ltr'>Promisitque</span> <span class='ocrx_word' id='word_1_251' title='bbox 1460 1858 1699 1897; x_wconf 88' lang='lat' dir='ltr'>Franciscus</span> 
     </span>
     <span class='ocr_line' id='line_1_28' title="bbox 119 1923 1697 1976; baseline -0.002 -11"><span class='ocrx_word' id='word_1_252' title='bbox 119 1939 238 1976; x_wconf 91' lang='lat' dir='ltr'>opem</span> <span class='ocrx_word' id='word_1_253' title='bbox 262 1924 381 1964; x_wconf 88' lang='lat' dir='ltr'>nobis</span> <span class='ocrx_word' id='word_1_254' title='bbox 406 1936 572 1962; x_wconf 92' lang='lat' dir='ltr'>omnem</span> <span class='ocrx_word' id='word_1_255' title='bbox 598 1936 726 1961; x_wconf 88' lang='lat' dir='ltr'>suam.</span> <span class='ocrx_word' id='word_1_256' title='bbox 786 1923 893 1971; x_wconf 80' lang='lat' dir='ltr'>Quid</span> <span class='ocrx_word' id='word_1_257' title='bbox 919 1923 1081 1962; x_wconf 80' lang='lat' dir='ltr'>multa?</span> <span class='ocrx_word' id='word_1_258' title='bbox 1135 1923 1344 1973; x_wconf 87' lang='lat' dir='ltr'>Intelligis</span> <span class='ocrx_word' id='word_1_259' title='bbox 1369 1923 1487 1974; x_wconf 87' lang='lat' dir='ltr'>quale</span> <span class='ocrx_word' id='word_1_260' title='bbox 1509 1923 1630 1962; x_wconf 90' lang='lat' dir='ltr'>nobis</span> <span class='ocrx_word' id='word_1_261' title='bbox 1648 1937 1697 1962; x_wconf 80' lang='lat' dir='ltr'>ex</span> 
     </span>
     <span class='ocr_line' id='line_1_29' title="bbox 119 1987 1696 2040; baseline -0.001 -11"><span class='ocrx_word' id='word_1_262' title='bbox 119 1990 193 2029; x_wconf 92' lang='lat' dir='ltr'>illo</span> <span class='ocrx_word' id='word_1_263' title='bbox 219 1989 468 2040; x_wconf 90' lang='lat' dir='ltr'>praesidium</span> <span class='ocrx_word' id='word_1_264' title='bbox 496 2001 582 2026; x_wconf 89' lang='lat' dir='ltr'>esse</span> <span class='ocrx_word' id='word_1_265' title='bbox 609 1987 766 2037; x_wconf 88' lang='lat' dir='ltr'>possit:</span> <span class='ocrx_word' id='word_1_266' title='bbox 800 1988 1005 2037; x_wconf 84' lang='lat' dir='ltr'>imprimis</span> <span class='ocrx_word' id='word_1_267' title='bbox 1033 1988 1285 2037; x_wconf 90' lang='lat' dir='ltr'>Capnionem</span> <span class='ocrx_word' id='word_1_268' title='bbox 1314 2002 1397 2027; x_wconf 90' lang='lat' dir='ltr'>non</span> <span class='ocrx_word' id='word_1_269' title='bbox 1423 1988 1601 2038; x_wconf 89' lang='lat' dir='ltr'>patietur</span> <span class='ocrx_word' id='word_1_270' title='bbox 1630 2002 1696 2039; x_wconf 89' lang='lat' dir='ltr'>op-</span> 
     </span>
     <span class='ocr_line' id='line_1_30' title="bbox 118 2052 1013 2106; baseline -0.004 -12"><span class='ocrx_word' id='word_1_271' title='bbox 118 2055 254 2106; x_wconf 89' lang='lat' dir='ltr'>primi.</span> <span class='ocrx_word' id='word_1_272' title='bbox 314 2054 425 2093; x_wconf 91' lang='lat' dir='ltr'>Haec</span> <span class='ocrx_word' id='word_1_273' title='bbox 444 2066 592 2102; x_wconf 90' lang='lat' dir='ltr'>magna</span> <span class='ocrx_word' id='word_1_274' title='bbox 610 2052 729 2091; x_wconf 93' lang='lat' dir='ltr'>nobis</span> <span class='ocrx_word' id='word_1_275' title='bbox 747 2052 897 2091; x_wconf 90' lang='lat' dir='ltr'>fiducia</span> <span class='ocrx_word' id='word_1_276' title='bbox 915 2054 1013 2091; x_wconf 84' lang='lat' dir='ltr'>esto.</span> 
     </span>
    </p>

    <p class='ocr_par' dir='ltr' id='par_1_4' title="bbox 120 2116 1752 2238">
     <span class='ocr_line' id='line_1_31' title="bbox 172 2116 1752 2169; baseline -0.001 -10"><span class='ocrx_word' id='word_1_277' title='bbox 172 2119 285 2167; x_wconf 90' lang='lat' dir='ltr'>Vale,</span> <span class='ocrx_word' id='word_1_278' title='bbox 325 2118 509 2167; x_wconf 76' lang='lat' dir='ltr'>mihique</span> <span class='ocrx_word' id='word_1_279' title='bbox 547 2117 744 2166; x_wconf 83' lang='lat' dir='ltr'>oeyssime</span> <span class='ocrx_word' id='word_1_280' title='bbox 781 2116 912 2155; x_wconf 88' lang='lat' dir='ltr'>scribe</span> <span class='ocrx_word' id='word_1_281' title='bbox 950 2117 1000 2155; x_wconf 89' lang='lat' dir='ltr'>de</span> <span class='ocrx_word' id='word_1_282' title='bbox 1035 2117 1156 2156; x_wconf 89' lang='lat' dir='ltr'>rebus</span> <span class='ocrx_word' id='word_1_283' title='bbox 1186 2118 1474 2156; x_wconf 91' lang='lat' dir='ltr'>communibus</span> <span class='ocrx_word' id='word_1_284' title='bbox 1511 2118 1668 2167; x_wconf 90' lang='lat' dir='ltr'>copiose</span> <span class='ocrx_word' id='word_1_285' title='bbox 1685 2133 1694 2166; x_wconf 84' lang='lat'><em>3</em></span> <span class='ocrx_word' id='word_1_286' title='bbox 1713 2127 1752 2169; x_wconf 84' lang='lat'>65</span> 
     </span>
     <span class='ocr_line' id='line_1_32' title="bbox 120 2181 1457 2238; baseline -0.004 -13"><span class='ocrx_word' id='word_1_287' title='bbox 120 2186 218 2238; x_wconf 89' lang='lat' dir='ltr'>quid</span> <span class='ocrx_word' id='word_1_288' title='bbox 236 2185 349 2223; x_wconf 91' lang='lat' dir='ltr'>enim</span> <span class='ocrx_word' id='word_1_289' title='bbox 367 2184 512 2222; x_wconf 90' lang='lat' dir='ltr'>breues</span> <span class='ocrx_word' id='word_1_290' title='bbox 529 2184 624 2220; x_wconf 92' lang='lat' dir='ltr'>tuas</span> <span class='ocrx_word' id='word_1_291' title='bbox 641 2181 835 2231; x_wconf 87' lang='lat' dir='ltr'>epistolas</span> <span class='ocrx_word' id='word_1_292' title='bbox 854 2182 959 2220; x_wconf 90' lang='lat' dir='ltr'>mihi</span> <span class='ocrx_word' id='word_1_293' title='bbox 974 2182 1115 2220; x_wconf 89' lang='lat' dir='ltr'>obiicis</span> <span class='ocrx_word' id='word_1_294' title='bbox 1128 2183 1148 2221; x_wconf 67' lang='lat'>⁵?</span> <span class='ocrx_word' id='word_1_295' title='bbox 1177 2182 1337 2221; x_wconf 91' lang='lat' dir='ltr'>Iterum</span> <span class='ocrx_word' id='word_1_296' title='bbox 1356 2182 1457 2220; x_wconf 87' lang='lat' dir='ltr'>vale.</span> 
     </span>
    </p>
   </div>
   <div class='ocr_carea' id='block_1_3' title="bbox 173 2246 1110 2417">
    <p class='ocr_par' dir='ltr' id='par_1_5' title="bbox 173 2246 1110 2417">
     <span class='ocr_line' id='line_1_33' title="bbox 173 2246 703 2299; baseline -0.011 -9"><span class='ocrx_word' id='word_1_297' title='bbox 173 2249 411 2299; x_wconf 86' lang='lat' dir='ltr'>Moguntiae</span> <span class='ocrx_word' id='word_1_298' title='bbox 430 2247 562 2286; x_wconf 88' lang='lat' dir='ltr'>Nonis</span> <span class='ocrx_word' id='word_1_299' title='bbox 582 2246 703 2285; x_wconf 91' lang='lat' dir='ltr'>Iunii.</span> 
     </span>
     <span class='ocr_line' id='line_1_34' title="bbox 699 2375 1110 2417; baseline -0.005 -9"><span class='ocrx_word' id='word_1_300' title='bbox 699 2387 752 2417; x_wconf 88' lang='lat'>54.</span> <span class='ocrx_word' id='word_1_301' title='bbox 775 2378 817 2411; x_wconf 81' lang='lat' dir='ltr'>B:</span> <span class='ocrx_word' id='word_1_302' title='bbox 841 2375 1067 2408; x_wconf 87' lang='lat' dir='ltr'>commendas</span> <span class='ocrx_word' id='word_1_303' title='bbox 1080 2387 1110 2407; x_wconf 84' lang='grc' dir='ltr'>α.</span> 
     </span>
    </p>
   </div>
   <div class='ocr_carea' id='block_1_4' title="bbox 121 2494 1692 2584">
    <p class='ocr_par' dir='ltr' id='par_1_6' title="bbox 121 2494 1692 2584">
     <span class='ocr_line' id='line_1_35' title="bbox 122 2494 1692 2540; baseline -0.003 -9"><span class='ocrx_word' id='word_1_304' title='bbox 122 2501 216 2540; x_wconf 83' lang='grc'><strong>1536,</strong></span> <span class='ocrx_word' id='word_1_305' title='bbox 231 2500 398 2530; x_wconf 86' lang='lat' dir='ltr'>Erasmus</span> <span class='ocrx_word' id='word_1_306' title='bbox 409 2498 474 2528; x_wconf 86' lang='lat' dir='ltr'>left</span> <span class='ocrx_word' id='word_1_307' title='bbox 487 2498 516 2528; x_wconf 89' lang='lat' dir='ltr'>it</span> <span class='ocrx_word' id='word_1_308' title='bbox 532 2499 569 2528; x_wconf 84' lang='lat' dir='ltr'>to</span> <span class='ocrx_word' id='word_1_309' title='bbox 584 2496 725 2527; x_wconf 85' lang='lat' dir='ltr'>Jerome</span> <span class='ocrx_word' id='word_1_310' title='bbox 741 2496 876 2527; x_wconf 87' lang='lat' dir='ltr'>Froben</span> <span class='ocrx_word' id='word_1_311' title='bbox 937 2494 1112 2526; x_wconf 84' lang='lat' dir='ltr'>Reuchlin</span> <span class='ocrx_word' id='word_1_312' title='bbox 1143 2495 1330 2526; x_wconf 88' lang='lat' dir='ltr'>withdrew</span> <span class='ocrx_word' id='word_1_313' title='bbox 1361 2498 1396 2526; x_wconf 87' lang='lat' dir='ltr'>to</span> <span class='ocrx_word' id='word_1_314' title='bbox 1426 2496 1624 2536; x_wconf 79' lang='lat' dir='ltr'>Ingolstadt</span> <span class='ocrx_word' id='word_1_315' title='bbox 1654 2498 1692 2527; x_wconf 88' lang='lat' dir='ltr'>in</span> 
     </span>
     <span class='ocr_line' id='line_1_36' title="bbox 121 2538 1689 2584; baseline -0.003 -9"><span class='ocrx_word' id='word_1_316' title='bbox 121 2544 173 2584; x_wconf 86' lang='lat' dir='ltr'>(Q.</span> <span class='ocrx_word' id='word_1_317' title='bbox 192 2553 250 2583; x_wconf 92' lang='lat' dir='ltr'>pp.</span> <span class='ocrx_word' id='word_1_318' title='bbox 271 2542 391 2582; x_wconf 84' lang='lat'>122‚3).</span> <span class='ocrx_word' id='word_1_319' title='bbox 439 2541 475 2571; x_wconf 92' lang='lat' dir='ltr'>It</span> <span class='ocrx_word' id='word_1_320' title='bbox 490 2541 522 2571; x_wconf 87' lang='lat' dir='ltr'>is</span> <span class='ocrx_word' id='word_1_321' title='bbox 536 2550 616 2571; x_wconf 87' lang='lat' dir='ltr'>now</span> <span class='ocrx_word' id='word_1_322' title='bbox 628 2541 667 2570; x_wconf 92' lang='lat' dir='ltr'>in</span> <span class='ocrx_word' id='word_1_323' title='bbox 682 2540 743 2570; x_wconf 85' lang='lat' dir='ltr'>the</span> <span class='ocrx_word' id='word_1_324' title='bbox 759 2539 877 2571; x_wconf 83' lang='lat' dir='ltr'>Histo-</span> <span class='ocrx_word' id='word_1_325' title='bbox 939 2538 1026 2569; x_wconf 85' lang='lat' dir='ltr'>Nov.</span> <span class='ocrx_word' id='word_1_326' title='bbox 1062 2538 1126 2569; x_wconf 88' lang='lat' dir='ltr'>See</span> <span class='ocrx_word' id='word_1_327' title='bbox 1143 2539 1279 2578; x_wconf 87' lang='lat' dir='ltr'>Geiger,</span> <span class='ocrx_word' id='word_1_328' title='bbox 1298 2541 1458 2578; x_wconf 76' lang='lat' dir='ltr'>Reucmin,</span> <span class='ocrx_word' id='word_1_329' title='bbox 1476 2549 1532 2579; x_wconf 86' lang='lat' dir='ltr'>pp.</span> <span class='ocrx_word' id='word_1_330' title='bbox 1552 2542 1689 2579; x_wconf 85' lang='lat'>459-61.</span> 
     </span>
    </p>
   </div>
   <div class='ocr_carea' id='block_1_5' title="bbox 118 2581 1691 2756">
    <p class='ocr_par' dir='ltr' id='par_1_7' title="bbox 118 2581 1691 2756">
     <span class='ocr_line' id='line_1_37' title="bbox 120 2581 1691 2622; baseline -0.003 -4"><span class='ocrx_word' id='word_1_331' title='bbox 120 2587 206 2618; x_wconf 81' lang='lat' dir='ltr'>rical</span> <span class='ocrx_word' id='word_1_332' title='bbox 222 2586 384 2617; x_wconf 81' lang='lat' dir='ltr'>Museum</span> <span class='ocrx_word' id='word_1_333' title='bbox 398 2587 434 2615; x_wconf 85' lang='lat' dir='ltr'>at</span> <span class='ocrx_word' id='word_1_334' title='bbox 450 2583 563 2615; x_wconf 86' lang='lat' dir='ltr'>Basle.</span> <span class='ocrx_word' id='word_1_335' title='bbox 980 2582 1032 2620; x_wconf 85' lang='lat'>46.</span> <span class='ocrx_word' id='word_1_336' title='bbox 1057 2581 1199 2622; x_wconf 83' lang='lat' dir='ltr'>timore]</span> <span class='ocrx_word' id='word_1_337' title='bbox 1238 2581 1294 2612; x_wconf 88' lang='lat' dir='ltr'>He</span> <span class='ocrx_word' id='word_1_338' title='bbox 1331 2582 1403 2613; x_wconf 88' lang='lat' dir='ltr'>had</span> <span class='ocrx_word' id='word_1_339' title='bbox 1438 2592 1526 2622; x_wconf 86' lang='lat' dir='ltr'>gone</span> <span class='ocrx_word' id='word_1_340' title='bbox 1563 2586 1599 2613; x_wconf 86' lang='lat' dir='ltr'>to</span> <span class='ocrx_word' id='word_1_341' title='bbox 1629 2584 1691 2614; x_wconf 90' lang='lat' dir='ltr'>the</span> 
     </span>
     <span class='ocr_line' id='line_1_38' title="bbox 163 2624 1691 2669; baseline -0.002 -9"><span class='ocrx_word' id='word_1_342' title='bbox 163 2641 216 2669; x_wconf 79' lang='lat'>40.</span> <span class='ocrx_word' id='word_1_343' title='bbox 241 2630 281 2660; x_wconf 88' lang='lat' dir='ltr'>in</span> <span class='ocrx_word' id='word_1_344' title='bbox 312 2627 498 2668; x_wconf 85' lang='lat' dir='ltr'>Angliam]</span> <span class='ocrx_word' id='word_1_345' title='bbox 528 2627 579 2658; x_wconf 83' lang='lat' dir='ltr'>Cf.</span> <span class='ocrx_word' id='word_1_346' title='bbox 609 2626 671 2667; x_wconf 88' lang='lat' dir='ltr'>Ep.</span> <span class='ocrx_word' id='word_1_347' title='bbox 706 2627 779 2665; x_wconf 90' lang='lat'>867.</span> <span class='ocrx_word' id='word_1_348' title='bbox 814 2626 877 2664; x_wconf 87' lang='lat'>86;</span> <span class='ocrx_word' id='word_1_349' title='bbox 938 2625 1061 2664; x_wconf 89' lang='lat' dir='ltr'>length</span> <span class='ocrx_word' id='word_1_350' title='bbox 1085 2624 1123 2655; x_wconf 89' lang='lat' dir='ltr'>of</span> <span class='ocrx_word' id='word_1_351' title='bbox 1151 2625 1303 2664; x_wconf 84' lang='lat' dir='ltr'>burying</span> <span class='ocrx_word' id='word_1_352' title='bbox 1330 2625 1386 2655; x_wconf 83' lang='lat' dir='ltr'>his</span> <span class='ocrx_word' id='word_1_353' title='bbox 1416 2636 1511 2657; x_wconf 89' lang='lat' dir='ltr'>more</span> <span class='ocrx_word' id='word_1_354' title='bbox 1533 2627 1691 2666; x_wconf 88' lang='lat' dir='ltr'>precious</span> 
     </span>
     <span class='ocr_line' id='line_1_39' title="bbox 118 2668 1306 2712; baseline -0.006 -7"><span class='ocrx_word' id='word_1_355' title='bbox 118 2673 189 2705; x_wconf 85' lang='lat' dir='ltr'>and</span> <span class='ocrx_word' id='word_1_356' title='bbox 205 2683 261 2704; x_wconf 90' lang='lat' dir='ltr'>see</span> <span class='ocrx_word' id='word_1_357' title='bbox 276 2672 350 2703; x_wconf 85' lang='lat' dir='ltr'>also</span> <span class='ocrx_word' id='word_1_358' title='bbox 365 2682 396 2712; x_wconf 91' lang='lat' dir='ltr'>p.</span> <span class='ocrx_word' id='word_1_359' title='bbox 415 2671 489 2710; x_wconf 90' lang='lat'>578.</span> <span class='ocrx_word' id='word_1_360' title='bbox 937 2668 1042 2699; x_wconf 86' lang='lat' dir='ltr'>books</span> <span class='ocrx_word' id='word_1_361' title='bbox 1056 2678 1064 2706; x_wconf 88' lang='lat'>;</span> <span class='ocrx_word' id='word_1_362' title='bbox 1086 2668 1128 2699; x_wconf 91' lang='lat' dir='ltr'>cf.</span> <span class='ocrx_word' id='word_1_363' title='bbox 1146 2668 1214 2698; x_wconf 85' lang='lat' dir='ltr'>RE.</span> <span class='ocrx_word' id='word_1_364' title='bbox 1231 2669 1306 2698; x_wconf 84' lang='lat'>282.</span> 
     </span>
     <span class='ocr_line' id='line_1_40' title="bbox 162 2710 1688 2756; baseline -0.002 -9"><span class='ocrx_word' id='word_1_365' title='bbox 162 2727 215 2755; x_wconf 84' lang='lat'>44.</span> <span class='ocrx_word' id='word_1_366' title='bbox 239 2714 317 2756; x_wconf 87' lang='lat' dir='ltr'>ille]</span> <span class='ocrx_word' id='word_1_367' title='bbox 334 2714 461 2747; x_wconf 86' lang='lat' dir='ltr'>Ulrich</span> <span class='ocrx_word' id='word_1_368' title='bbox 476 2713 513 2745; x_wconf 83' lang='lat' dir='ltr'>of</span> <span class='ocrx_word' id='word_1_369' title='bbox 521 2712 778 2752; x_wconf 83' lang='lat' dir='ltr'>Wurtemberg.</span> <span class='ocrx_word' id='word_1_370' title='bbox 980 2721 1030 2749; x_wconf 87' lang='lat'>47.</span> <span class='ocrx_word' id='word_1_371' title='bbox 1055 2710 1254 2752; x_wconf 84' lang='lat' dir='ltr'>Francisco]</span> <span class='ocrx_word' id='word_1_372' title='bbox 1272 2712 1309 2742; x_wconf 85' lang='lat' dir='ltr'>of</span> <span class='ocrx_word' id='word_1_373' title='bbox 1326 2712 1516 2752; x_wconf 86' lang='lat' dir='ltr'>Sickingen</span> <span class='ocrx_word' id='word_1_374' title='bbox 1533 2723 1541 2750; x_wconf 78' lang='lat'><em>3</em></span> <span class='ocrx_word' id='word_1_375' title='bbox 1564 2712 1608 2743; x_wconf 90' lang='lat' dir='ltr'>cf.</span> <span class='ocrx_word' id='word_1_376' title='bbox 1626 2713 1688 2753; x_wconf 88' lang='lat' dir='ltr'>Ep.</span> 
     </span>
    </p>
   </div>
   <div class='ocr_carea' id='block_1_6' title="bbox 118 2755 1690 3014">
    <p class='ocr_par' dir='ltr' id='par_1_8' title="bbox 118 2755 1690 3014">
     <span class='ocr_line' id='line_1_41' title="bbox 161 2755 1116 2799; baseline -0.007 -8"><span class='ocrx_word' id='word_1_377' title='bbox 161 2769 215 2799; x_wconf 87' lang='lat'>45.</span> <span class='ocrx_word' id='word_1_378' title='bbox 238 2757 484 2799; x_wconf 85' lang='lat' dir='ltr'>Studgardiae]</span> <span class='ocrx_word' id='word_1_379' title='bbox 511 2757 583 2787; x_wconf 87' lang='lat' dir='ltr'>The</span> <span class='ocrx_word' id='word_1_380' title='bbox 611 2758 707 2786; x_wconf 86' lang='lat' dir='ltr'>town</span> <span class='ocrx_word' id='word_1_381' title='bbox 734 2765 875 2786; x_wconf 84' lang='lat' dir='ltr'>surren-</span> <span class='ocrx_word' id='word_1_382' title='bbox 936 2755 1010 2794; x_wconf 86' lang='lat'>582.</span> <span class='ocrx_word' id='word_1_383' title='bbox 1028 2764 1066 2792; x_wconf 90' lang='lat'>27</span> <span class='ocrx_word' id='word_1_384' title='bbox 1080 2764 1116 2784; x_wconf 90' lang='lat' dir='ltr'>n.</span> 
     </span>
     <span class='ocr_line' id='line_1_42' title="bbox 120 2797 1689 2839; baseline -0.003 -5"><span class='ocrx_word' id='word_1_385' title='bbox 120 2802 227 2834; x_wconf 86' lang='lat' dir='ltr'>dered</span> <span class='ocrx_word' id='word_1_386' title='bbox 242 2805 279 2834; x_wconf 88' lang='lat' dir='ltr'>to</span> <span class='ocrx_word' id='word_1_387' title='bbox 294 2802 356 2832; x_wconf 88' lang='lat' dir='ltr'>the</span> <span class='ocrx_word' id='word_1_388' title='bbox 379 2801 542 2832; x_wconf 85' lang='lat' dir='ltr'>Swabian</span> <span class='ocrx_word' id='word_1_389' title='bbox 560 2809 660 2839; x_wconf 87' lang='lat' dir='ltr'>army</span> <span class='ocrx_word' id='word_1_390' title='bbox 676 2809 720 2830; x_wconf 89' lang='lat' dir='ltr'>on</span> <span class='ocrx_word' id='word_1_391' title='bbox 738 2809 756 2838; x_wconf 98' lang='lat'>7</span> <span class='ocrx_word' id='word_1_392' title='bbox 773 2799 876 2838; x_wconf 88' lang='lat' dir='ltr'>April</span> <span class='ocrx_word' id='word_1_393' title='bbox 978 2808 1031 2836; x_wconf 90' lang='lat'>49.</span> <span class='ocrx_word' id='word_1_394' title='bbox 1055 2798 1182 2836; x_wconf 88' lang='lat' dir='ltr'>nequis</span> <span class='ocrx_word' id='word_1_395' title='bbox 1225 2797 1381 2838; x_wconf 84' lang='lat' dir='ltr'>noceret]</span> <span class='ocrx_word' id='word_1_396' title='bbox 1419 2797 1511 2829; x_wconf 80' lang='lat' dir='ltr'>That</span> <span class='ocrx_word' id='word_1_397' title='bbox 1548 2798 1689 2830; x_wconf 77' lang='lat' dir='ltr'>Hutten</span> 
     </span>
     <span class='ocr_line' id='line_1_43' title="bbox 122 2841 1690 2886; baseline -0.004 -8"><span class='ocrx_word' id='word_1_398' title='bbox 122 2856 214 2886; x_wconf 87' lang='lat'>1519,</span> <span class='ocrx_word' id='word_1_399' title='bbox 242 2847 308 2876; x_wconf 86' lang='lat' dir='ltr'>but</span> <span class='ocrx_word' id='word_1_400' title='bbox 338 2842 591 2883; x_wconf 88' lang='lat' dir='ltr'>subsequently</span> <span class='ocrx_word' id='word_1_401' title='bbox 622 2842 754 2873; x_wconf 87' lang='lat' dir='ltr'>retired</span> <span class='ocrx_word' id='word_1_402' title='bbox 783 2842 875 2872; x_wconf 85' lang='lat' dir='ltr'>from</span> <span class='ocrx_word' id='word_1_403' title='bbox 936 2841 1057 2871; x_wconf 87' lang='lat' dir='ltr'>makes</span> <span class='ocrx_word' id='word_1_404' title='bbox 1085 2850 1131 2871; x_wconf 89' lang='lat' dir='ltr'>no</span> <span class='ocrx_word' id='word_1_405' title='bbox 1162 2841 1337 2872; x_wconf 87' lang='lat' dir='ltr'>reference</span> <span class='ocrx_word' id='word_1_406' title='bbox 1364 2844 1401 2872; x_wconf 92' lang='lat' dir='ltr'>to</span> <span class='ocrx_word' id='word_1_407' title='bbox 1438 2841 1500 2872; x_wconf 82' lang='lat' dir='ltr'>the</span> <span class='ocrx_word' id='word_1_408' title='bbox 1529 2842 1690 2881; x_wconf 82' lang='lat' dir='ltr'>example</span> 
     </span>
     <span class='ocr_line' id='line_1_44' title="bbox 118 2883 1689 2928; baseline -0.003 -7"><span class='ocrx_word' id='word_1_409' title='bbox 118 2891 180 2921; x_wconf 87' lang='lat' dir='ltr'>the</span> <span class='ocrx_word' id='word_1_410' title='bbox 202 2889 349 2928; x_wconf 82' lang='lat' dir='ltr'>League.</span> <span class='ocrx_word' id='word_1_411' title='bbox 405 2888 455 2918; x_wconf 78' lang='lat' dir='ltr'>As</span> <span class='ocrx_word' id='word_1_412' title='bbox 476 2887 538 2917; x_wconf 89' lang='lat' dir='ltr'>the</span> <span class='ocrx_word' id='word_1_413' title='bbox 561 2885 671 2917; x_wconf 88' lang='lat' dir='ltr'>result</span> <span class='ocrx_word' id='word_1_414' title='bbox 693 2885 730 2916; x_wconf 86' lang='lat' dir='ltr'>of</span> <span class='ocrx_word' id='word_1_415' title='bbox 756 2885 875 2925; x_wconf 88' lang='lat' dir='ltr'>indig-</span> <span class='ocrx_word' id='word_1_416' title='bbox 937 2884 975 2914; x_wconf 87' lang='lat' dir='ltr'>of</span> <span class='ocrx_word' id='word_1_417' title='bbox 1008 2883 1211 2915; x_wconf 77' lang='lat' dir='ltr'>Alexander</span> <span class='ocrx_word' id='word_1_418' title='bbox 1254 2884 1344 2914; x_wconf 86' lang='lat' dir='ltr'>with</span> <span class='ocrx_word' id='word_1_419' title='bbox 1385 2884 1545 2915; x_wconf 85' lang='lat' dir='ltr'>Pindar&#39;s</span> <span class='ocrx_word' id='word_1_420' title='bbox 1579 2886 1689 2916; x_wconf 90' lang='lat' dir='ltr'>house</span> 
     </span>
     <span class='ocr_line' id='line_1_45' title="bbox 119 2927 1689 2967; baseline -0.003 -3"><span class='ocrx_word' id='word_1_421' title='bbox 119 2933 229 2964; x_wconf 86' lang='lat' dir='ltr'>nities</span> <span class='ocrx_word' id='word_1_422' title='bbox 265 2931 414 2963; x_wconf 81' lang='lat' dir='ltr'>suffered</span> <span class='ocrx_word' id='word_1_423' title='bbox 452 2930 560 2960; x_wconf 87' lang='lat' dir='ltr'>when</span> <span class='ocrx_word' id='word_1_424' title='bbox 608 2928 709 2960; x_wconf 89' lang='lat' dir='ltr'>Duke</span> <span class='ocrx_word' id='word_1_425' title='bbox 745 2928 873 2960; x_wconf 86' lang='lat' dir='ltr'>Ulrich</span> <span class='ocrx_word' id='word_1_426' title='bbox 933 2930 970 2958; x_wconf 86' lang='lat' dir='ltr'>at</span> <span class='ocrx_word' id='word_1_427' title='bbox 1018 2927 1163 2966; x_wconf 86' lang='lat' dir='ltr'>Thebes,</span> <span class='ocrx_word' id='word_1_428' title='bbox 1212 2929 1369 2967; x_wconf 78' lang='lat' dir='ltr'>suggests</span> <span class='ocrx_word' id='word_1_429' title='bbox 1420 2928 1500 2958; x_wconf 87' lang='lat' dir='ltr'>that</span> <span class='ocrx_word' id='word_1_430' title='bbox 1551 2928 1689 2960; x_wconf 83' lang='lat' dir='ltr'>similar</span> 
     </span>
     <span class='ocr_line' id='line_1_46' title="bbox 118 2970 1606 3014; baseline -0.003 -7"><span class='ocrx_word' id='word_1_431' title='bbox 118 2975 318 3007; x_wconf 84' lang='lat' dir='ltr'>re-entered</span> <span class='ocrx_word' id='word_1_432' title='bbox 339 2975 514 3014; x_wconf 85' lang='lat' dir='ltr'>Stuttgart</span> <span class='ocrx_word' id='word_1_433' title='bbox 531 2973 621 3003; x_wconf 83' lang='lat' dir='ltr'>later</span> <span class='ocrx_word' id='word_1_434' title='bbox 642 2972 681 3003; x_wconf 89' lang='lat' dir='ltr'>in</span> <span class='ocrx_word' id='word_1_435' title='bbox 698 2971 759 3002; x_wconf 89' lang='lat' dir='ltr'>the</span> <span class='ocrx_word' id='word_1_436' title='bbox 779 2981 870 3011; x_wconf 83' lang='lat' dir='ltr'>year,</span> <span class='ocrx_word' id='word_1_437' title='bbox 933 2970 1123 3002; x_wconf 85' lang='lat' dir='ltr'>situations</span> <span class='ocrx_word' id='word_1_438' title='bbox 1145 2979 1242 3001; x_wconf 87' lang='lat' dir='ltr'>arose</span> <span class='ocrx_word' id='word_1_439' title='bbox 1264 2972 1328 3002; x_wconf 92' lang='lat' dir='ltr'>not</span> <span class='ocrx_word' id='word_1_440' title='bbox 1350 2970 1606 3011; x_wconf 83' lang='lat' dir='ltr'>infrequently.</span> 
     </span>
    </p>
   </div>
  </div>
 </body>
</html>
