2034 3433
351 185 431 224 594
816 177 1068 222 LETTERS
1107 185 1175 223 OF
1213 183 1478 223 ERASMUS
1819 181 1943 235 [1519

348 293 510 341 praeter
541 291 641 329 alias
670 289 910 327 innumeras
943 289 1058 328 dotes
1091 288 1156 327 vir
1188 291 1251 328 est
1279 289 1435 338 insigni
1464 288 1680 338 vtriusque
1707 288 1944 327 literaturae

349 357 497 407 peritia
517 355 736 405 praeditus,
760 355 867 404 apud
889 354 1047 404 regiam
1076 355 1334 393 maiestatem
1364 355 1510 393 multis
1535 353 1778 392 nominibus
1801 354 1944 404 gratio·

350 421 551 468 sissimus,
591 419 673 458 fide
711 419 1012 469 syncerissima,
1056 419 1243 458 moribus
1283 420 1507 469 plusquam
1552 419 1697 467 niueis,
1737 420 1853 457 totus
1893 419 1942 458 ad

292 504 331 526 10
349 487 525 536 gratiam
562 488 602 523 et
639 484 867 523 amicitiam
906 486 1051 523 natus:
1094 498 1218 535 quem
1256 485 1291 523 si
1330 485 1567 534 dignaberis
1603 484 1775 535 propius
1811 497 1941 528 nosse.

349 551 441 599 scio,
461 550 657 601 gaudebis
672 551 712 588 te
727 563 750 588 a
766 550 885 588 nobis
897 550 1158 588 admonitum
1174 550 1311 589 fuisse.
1363 551 1488 600 Apud
1504 550 1666 599 Anglos
1679 550 1944 600 triumphant

349 617 477 654 bonae
497 616 652 654 literae.
710 616 797 654 Rex
827 615 913 665 ipse
939 629 1034 654 cum
1054 629 1128 654 sua
1147 616 1315 665 Regina,
1338 616 1576 654 Cardinales
1594 615 1728 664 ambo,
1751 615 1944 664 Episcopi

347 682 476 720 ferme
496 694 640 720 omnes
658 682 747 719 toto
767 684 927 730 pectore
947 683 1126 728 tuentur,
1149 681 1303 728 fouent,
1326 681 1448 719 alunt
1472 681 1714 730 ornantque.
1771 679 1946 719 Rabulis

348 747 543 785 omnibus
562 760 634 797 per
655 747 811 796 Regem
829 747 1073 796 impositum
1093 749 1156 785 est
1176 747 1404 785 silentium.
1461 746 1588 796 Spero
1608 746 1719 784 idem
1733 746 1821 784 fore
1835 745 1943 795 apud

268 813 271 814 ⁷
290 827 327 858 15
349 812 591 861 Germanos,
615 813 649 851 si
668 814 763 851 tuae
788 812 1153 851 reuerendissimae
1183 812 1402 862 dignitatis
1425 811 1572 862 tuique
1597 811 1803 849 similium
1826 811 1946 850 fauor

346 878 562 928 aspirarit:
593 878 702 927 quod
728 880 774 916 vt
799 878 932 917 faciat.
962 878 1087 916 etiam
1111 880 1232 928 atque
1257 877 1385 916 etiam
1411 890 1520 926 rogo.
1581 876 1700 914 Nihil
1725 877 1839 914 enim
1858 889 1944 915 non

348 943 578 982 moliuntur
600 943 876 993 sycophantae
907 943 1087 994 quidam,
1116 943 1361 993 praesertim
1390 942 1457 981 hic
1485 942 1557 980 vbi
1586 942 1794 980 barbaries
1822 942 1945 980 terris

346 1012 562 1048 excessura
592 1009 761 1048 videtur
790 1011 975 1048 extrema
1004 1009 1188 1058 posuisse
1220 1009 1411 1058 vestigia:
1446 1020 1684 1058 quanquam
1714 1009 1756 1046 et
1789 1008 1836 1047 hi
1869 1008 1943 1046 mi-

346 1075 520 1121 tescunt,
541 1074 830 1125 incipiuntque
852 1088 970 1113 suam
991 1074 1218 1113 stulticiam
1238 1087 1469 1123 agnoscere.

287 1152 327 1174 20
399 1139 579 1178 Hutteni
613 1140 829 1189 ingenium
866 1140 1000 1178 indies
1033 1140 1167 1190 magis
1197 1152 1242 1177 ac
1277 1140 1408 1189 magis
1445 1139 1738 1177 exosculantur
1772 1151 1942 1185 omnes3

345 1205 410 1243 cui
442 1207 515 1243 tua
546 1205 746 1244 celsitudo
779 1208 865 1243 tam
898 1205 1070 1245 candide
1103 1205 1248 1243 fauens
1273 1204 1457 1243 multum
1487 1204 1632 1251 laudis,
1660 1204 1745 1242 imo
1773 1203 1939 1254 gratiae,

343 1269 425 1308 sibi
458 1271 566 1320 parit
597 1271 704 1320 apud
736 1271 919 1310 eruditos
952 1283 1126 1309 omnes:
1168 1283 1293 1320 quam
1321 1270 1573 1308 incolumem
1602 1269 1672 1307 diu
1702 1271 1840 1308 seruet
1868 1269 1942 1307 im-

345 1335 532 1374 mortalis
552 1335 744 1375 Christus
765 1336 893 1375 Iesus.

397 1402 694 1451 Antuuerpiae.
715 1415 810 1440 XIII.
832 1402 1000 1441 Calend.
1025 1402 1180 1440 Iunias.
1203 1403 1331 1441 Anno
1350 1413 1529 1440 M.D.xlx.

577 1535 672 1575 969.
735 1535 798 1575 To
830 1535 1034 1584 ANTONY.
1066 1545 1149 1574 SON
1181 1545 1236 1574 OF
1268 1533 1393 1574 ‚JOHN
1419 1545 1476 1575 OF
1510 1533 1709 1576 BERGEN.

391 1622 554 1669 Farrago
571 1636 605 1669 p.
630 1633 706 1668 155.
1295 1616 1298 1620 ’
1518 1616 1521 1618 v
1662 1624 1854 1669 Antwerp.

390 1681 429 1715 F.
448 1693 484 1726 p.
504 1691 596 1727 299:
626 1681 715 1716 HN:
742 1681 855 1717 Lond.
875 1682 922 1716 vi.
941 1693 1007 1717 20:
1037 1682 1108 1716 LB.
1127 1692 1208 1725 420.
1619 1693 1664 1716 20
1682 1681 1770 1727 May
1792 1691 1891 1727 1519.

593 1761 891 1802 [Contemporary
907 1750 997 1793 with
1015 1762 1078 1802 Ep.
1095 1763 1169 1801 968.
1219 1762 1287 1792 For
1303 1763 1453 1802 Antony
1472 1773 1527 1793 see
1543 1773 1577 1802 p.
1602 1761 1692 1803 197.]

526 1847 736 1879 ILLVSTRI
767 1850 928 1880 IVVENI
962 1851 1002 1880 D.
1032 1850 1233 1881 ANTONIO
1264 1851 1324 1881 DE
1355 1851 1515 1882 BERGIS
1545 1851 1752 1899 ERASMVS
1810 1888 1813 1889 ⁷

908 1918 1239 1949 ROTERODAMVS
1273 1920 1305 1950 S.
1334 1920 1376 1950 D.

397 1999 681 2038 ORNATISSIME
710 2000 885 2047 iuuenis,
918 2000 1094 2039 antehac
1123 2014 1205 2040 vno
1235 2002 1405 2040 nomine
1435 2002 1639 2040 duntaxat
1667 2002 1858 2040 amabam
1886 2005 1937 2046 te,

344 2066 452 2115 quod
490 2065 678 2104 honestis
716 2065 868 2104 studiis
905 2079 950 2104 ac
988 2066 1174 2105 moribus
1217 2066 1476 2106 delectareris
1520 2069 1680 2117 praeter
1719 2067 1937 2118 vulgatum

342 2144 500 2169 morem
529 2130 756 2169 nobilium:
796 2144 908 2169 nunc
940 2131 1017 2170 hoc
1052 2145 1213 2182 quoque
1242 2133 1368 2171 debeo
1398 2133 1577 2181 nomine,
1608 2133 1717 2183 quod
1745 2136 1939 2183 expertus

343 2209 435 2234 sum
466 2197 624 2235 mirum
654 2196 781 2246 patris
809 2197 873 2235 tui
902 2197 949 2234 in
978 2210 1045 2235 me
1075 2197 1273 2236 studium.
1345 2198 1448 2237 Eius
1475 2200 1605 2237 totam
1640 2212 1757 2248 spem
1791 2199 1835 2237 in
1868 2200 1939 2238 tua

305 2270 322 2301 5
343 2261 479 2300 indole
510 2261 635 2300 sitam
666 2275 753 2300 esse
782 2275 831 2300 ex
859 2262 975 2300 illius
1003 2275 1192 2301 sermone
1221 2265 1483 2313 perspectum
1511 2263 1665 2312 habeo;
1695 2277 1770 2303 nec
1794 2264 1938 2303 dubito

342 2326 442 2375 quin
462 2325 609 2375 optimi
628 2327 757 2377 patris
776 2327 1052 2376 expectationi
1071 2328 1128 2366 sis
1147 2341 1220 2377 per
1241 2328 1379 2367 omnia
1399 2342 1680 2378 responsurus.

395 2391 537 2430 Bonae
565 2392 708 2430 literae
736 2393 891 2443 passim
924 2392 1193 2440 efflorescunt,
1224 2393 1378 2432 frustra
1410 2395 1670 2433 reluctantur
1696 2395 1848 2434 veteris
1877 2395 1937 2434 in·

342 2457 482 2495 scitiae
524 2458 702 2507 patroni.
780 2458 904 2508 Apud
945 2458 1109 2508 Anglos
1148 2459 1411 2508 triumphant
1456 2462 1565 2498 recta
1604 2459 1752 2508 studia,
1797 2460 1932 2511 Regis,

342 2521 622 2560 Cardinalium
642 2525 682 2561 et
702 2524 1003 2573 Episcoporum
1022 2524 1188 2562 auxilio.
1246 2523 1420 2563 Rabulis
1447 2525 1519 2575 qui
1547 2527 1715 2563 tantum
1743 2525 1794 2564 ad
1813 2526 1936 2565 male-

385 2607 459 2639 968.
488 2617 537 2647 15.
565 2609 884 2640 reuerendissimae
900 2611 951 2639 E:
975 2610 1216 2649 amplissimae
1232 2613 1275 2642 H.
1396 2610 1470 2640 969.
1494 2620 1556 2642 TIT.
1581 2621 1736 2642 ILLvsrm
1760 2619 1884 2642 Ivvnm
1899 2621 1934 2643 D.

341 2661 398 2682 om.
416 2653 458 2682 H.
1886 2663 1890 2665 Π

341 2740 508 2771 Erasmus
538 2741 691 2780 perhaps
721 2741 1001 2781 accompanying
1026 2741 1104 2771 him
1172 2742 1302 2781 Mainz,
1335 2752 1374 2773 10
1397 2743 1510 2773 June:
1537 2743 1656 2774 where
1679 2744 1724 2775 he
1748 2742 1932 2775 remained

340 2784 421 2814 thus
452 2784 506 2814 far
537 2784 614 2823 (Ep.
648 2784 739 2823 971).
788 2785 843 2815 On
872 2795 914 2824 29
945 2786 1028 2824 May
1058 2785 1102 2815 he
1170 2786 1265 2816 until
1292 2786 1439 2817 Charles
1461 2796 1534 2818 was
1557 2786 1722 2818 declax-ed
1747 2787 1930 2827 Emperor.
1992 2797 1994 2799 ’

340 2827 487 2857 reached
506 2827 659 2867 Cologne
674 2828 834 2867 (Brewer
849 2828 901 2860 iii.
921 2829 1012 2868 274),
1030 2829 1103 2860 and
1170 2829 1211 2859 28
1226 2829 1322 2860 June
1341 2830 1440 2870 (ibid.
1457 2831 1531 2870 283,
1551 2831 1668 2870 296-7‚
1686 2829 1821 2871 338-9).

340 2869 431 2901 after
454 2871 604 2910 visiting
629 2871 693 2901 the
718 2872 809 2911 Abp.
838 2874 874 2902 at
897 2872 954 2903 his
981 2872 1100 2910 castle,
1213 2873 1286 2903 968.
1301 2872 1632 2913 11.ApudAnglos]
1642 2873 1930 2914 Cf.Ep.917.11n.

339 2923 411 2943 was
431 2914 507 2945 still
528 2915 631 2945 there
651 2924 671 2952 3
691 2915 796 2955 June,
818 2916 925 2955 going
944 2926 989 2946 on
1013 2916 1104 2947 later
1217 2926 1266 2946 12.
1298 2916 1503 2948 Cal-dinales
1539 2917 1657 2958 ambo]
1690 2917 1834 2957 Wolsey
1860 2918 1930 2948 and

340 2958 375 2985 to
400 2957 600 2989 Frankfort.
657 2958 773 2997 Being
803 2958 978 2990 excluded
1009 2960 1101 2989 with
1170 2959 1358 2999 Campegio
1372 2970 1380 2997 ς
1396 2960 1451 2991 for
1461 2960 1524 2991 the
1537 2960 1644 2991 latter
1659 2970 1716 2991 see
1731 2970 1765 3001 p.
1782 2970 1858 3000 573.

339 3000 401 3029 the
442 3001 545 3031 other
584 3002 827 3033 ambassadors
871 3002 1003 3042 during
1039 3003 1102 3033 the
1216 3004 1265 3033 18.
1284 3003 1448 3044 vestigia]
1466 3004 1517 3035 Cf.
1530 3004 1633 3043 Verg.
1650 3007 1683 3035 G.
1701 3014 1732 3035 2.
1746 3014 1856 3044 473.4.

340 3042 500 3083 election,
531 3044 576 3075 he
601 3044 666 3075 left
692 3055 714 3084 9
738 3045 759 3075 J
763 3048 849 3076 une'>
858 3047 930 3077 and
953 3046 1102 3077 reached
1213 3046 1287 3077 969.
1308 3058 1337 3085 4.
1364 3047 1540 3088 studium]
1554 3046 1606 3078 Cf.
1622 3047 1773 3087 Ep.952.
1790 3049 1844 3078 62.
