<?xml version="1.0" encoding="UTF-8"?>
<!DOCTYPE html PUBLIC "-//W3C//DTD XHTML 1.0 Transitional//EN"
    "http://www.w3.org/TR/xhtml1/DTD/xhtml1-transitional.dtd">
<html xmlns="http://www.w3.org/1999/xhtml" xml:lang="en" lang="en">
 <head>
  <title>
</title>
<meta http-equiv="Content-Type" content="text/html;charset=utf-8" />
  <meta name='ocr-system' content='tesseract 3.04.00' />
  <meta name='ocr-capabilities' content='ocr_page ocr_carea ocr_par ocr_line ocrx_word'/>
</head>
<body>
  <div class='ocr_page' id='page_1' title='image "./opusepistolarumd03erasuoft_0081.png"; bbox 0 0 2034 3433; ppageno 0'>
   <div class='ocr_carea' id='block_1_1' title="bbox 105 179 1696 235">
    <p class='ocr_par' dir='ltr' id='par_1_1' title="bbox 105 179 1696 235">
     <span class='ocr_line' id='line_1_1' title="bbox 105 179 1696 235; baseline -0.002 -14"><span class='ocrx_word' id='word_1_1' title='bbox 105 181 204 235; x_wconf 91' lang='lat'>620]</span> <span class='ocrx_word' id='word_1_2' title='bbox 547 181 617 220; x_wconf 90' lang='grc' dir='ltr'>ΤΟ</span> <span class='ocrx_word' id='word_1_3' title='bbox 657 180 972 220; x_wconf 84' lang='lat' dir='ltr'><strong>GERMANUS</strong></span> <span class='ocrx_word' id='word_1_4' title='bbox 1010 179 1252 219; x_wconf 86' lang='lat' dir='ltr'><strong>BRIXIUS</strong></span> <span class='ocrx_word' id='word_1_5' title='bbox 1645 182 1696 219; x_wconf 85' lang='lat'>43</span> 
     </span>
    </p>
   </div>
   <div class='ocr_carea' id='block_1_2' title="bbox 103 282 1756 791">
    <p class='ocr_par' dir='ltr' id='par_1_2' title="bbox 103 282 1756 791">
     <span class='ocr_line' id='line_1_2' title="bbox 105 282 1695 335; baseline -0.003 -11"><span class='ocrx_word' id='word_1_6' title='bbox 105 285 274 325; x_wconf 91' lang='lat' dir='ltr'>nomine</span> <span class='ocrx_word' id='word_1_7' title='bbox 294 285 443 324; x_wconf 82' lang='lat' dir='ltr'>harum</span> <span class='ocrx_word' id='word_1_8' title='bbox 462 285 622 334; x_wconf 79' lang='lat' dir='ltr'><strong>mystas</strong></span> <span class='ocrx_word' id='word_1_9' title='bbox 640 283 750 323; x_wconf 90' lang='lat' dir='ltr'>inter</span> <span class='ocrx_word' id='word_1_10' title='bbox 769 296 857 322; x_wconf 91' lang='lat' dir='ltr'>sese</span> <span class='ocrx_word' id='word_1_11' title='bbox 877 283 1142 335; x_wconf 80' lang='grc' dir='ltr'>συγκρητίζειν,</span> <span class='ocrx_word' id='word_1_12' title='bbox 1165 283 1431 332; x_wconf 76' lang='lat' dir='ltr'>posteaquam</span> <span class='ocrx_word' id='word_1_13' title='bbox 1450 283 1538 320; x_wconf 88' lang='lat' dir='ltr'>tam</span> <span class='ocrx_word' id='word_1_14' title='bbox 1558 282 1695 320; x_wconf 86' lang='lat' dir='ltr'>odiose</span> 
     </span>
     <span class='ocr_line' id='line_1_3' title="bbox 106 347 1692 400; baseline -0.003 -11"><span class='ocrx_word' id='word_1_15' title='bbox 106 351 345 400; x_wconf 88' lang='lat' dir='ltr'>conspirant</span> <span class='ocrx_word' id='word_1_16' title='bbox 378 350 412 388; x_wconf 85' lang='grc' dir='ltr'>οἱ</span> <span class='ocrx_word' id='word_1_17' title='bbox 440 350 680 400; x_wconf 86' lang='grc' dir='ltr'>μισόμουσοι.</span> <span class='ocrx_word' id='word_1_18' title='bbox 737 349 954 389; x_wconf 88' lang='lat' dir='ltr'>Postremo</span> <span class='ocrx_word' id='word_1_19' title='bbox 987 348 1122 387; x_wconf 90' lang='lat' dir='ltr'>nolim</span> <span class='ocrx_word' id='word_1_20' title='bbox 1156 360 1225 386; x_wconf 91' lang='lat' dir='ltr'>eos</span> <span class='ocrx_word' id='word_1_21' title='bbox 1256 347 1366 386; x_wconf 88' lang='lat' dir='ltr'>inter</span> <span class='ocrx_word' id='word_1_22' title='bbox 1399 360 1442 385; x_wconf 90' lang='lat' dir='ltr'>se</span> <span class='ocrx_word' id='word_1_23' title='bbox 1476 347 1692 386; x_wconf 76' lang='lat' dir='ltr'>dissentire</span> 
     </span>
     <span class='ocr_line' id='line_1_4' title="bbox 106 413 1754 466; baseline -0.004 -12"><span class='ocrx_word' id='word_1_24' title='bbox 106 428 282 466; x_wconf 91' lang='lat' dir='ltr'>quorum</span> <span class='ocrx_word' id='word_1_25' title='bbox 301 416 512 465; x_wconf 89' lang='lat' dir='ltr'>vtrunque</span> <span class='ocrx_word' id='word_1_26' title='bbox 530 414 620 465; x_wconf 86' lang='lat' dir='ltr'>pari</span> <span class='ocrx_word' id='word_1_27' title='bbox 637 413 887 463; x_wconf 89' lang='lat' dir='ltr'>complector</span> <span class='ocrx_word' id='word_1_28' title='bbox 904 426 1055 452; x_wconf 90' lang='lat' dir='ltr'>amore.</span> <span class='ocrx_word' id='word_1_29' title='bbox 1714 428 1754 458; x_wconf 90' lang='lat'>40</span> 
     </span>
     <span class='ocr_line' id='line_1_5' title="bbox 160 477 1694 530; baseline -0.003 -11"><span class='ocrx_word' id='word_1_30' title='bbox 160 480 252 530; x_wconf 86' lang='lat' dir='ltr'>Hic,</span> <span class='ocrx_word' id='word_1_31' title='bbox 274 481 366 528; x_wconf 83' lang='lat' dir='ltr'>scio,</span> <span class='ocrx_word' id='word_1_32' title='bbox 396 479 592 519; x_wconf 88' lang='lat' dir='ltr'>clamabis</span> <span class='ocrx_word' id='word_1_33' title='bbox 620 493 687 518; x_wconf 89' lang='lat' dir='ltr'>me</span> <span class='ocrx_word' id='word_1_34' title='bbox 713 479 934 529; x_wconf 82' lang='lat' dir='ltr'>plusquam</span> <span class='ocrx_word' id='word_1_35' title='bbox 962 477 1209 517; x_wconf 83' lang='lat' dir='ltr'>Diomedem</span> <span class='ocrx_word' id='word_1_36' title='bbox 1236 490 1366 527; x_wconf 88' lang='lat' dir='ltr'>agere,</span> <span class='ocrx_word' id='word_1_37' title='bbox 1395 477 1467 527; x_wconf 90' lang='lat' dir='ltr'>qui</span> <span class='ocrx_word' id='word_1_38' title='bbox 1495 479 1581 515; x_wconf 88' lang='lat' dir='ltr'>tam</span> <span class='ocrx_word' id='word_1_39' title='bbox 1607 489 1694 525; x_wconf 89' lang='lat' dir='ltr'>pro-</span> 
     </span>
     <span class='ocr_line' id='line_1_6' title="bbox 104 541 1694 596; baseline -0.003 -12"><span class='ocrx_word' id='word_1_40' title='bbox 104 545 210 584; x_wconf 82' lang='lat' dir='ltr'>lixae</span> <span class='ocrx_word' id='word_1_41' title='bbox 248 545 445 596; x_wconf 87' lang='lat' dir='ltr'>epistolae</span> <span class='ocrx_word' id='word_1_42' title='bbox 486 546 652 595; x_wconf 87' lang='lat' dir='ltr'>tamque</span> <span class='ocrx_word' id='word_1_43' title='bbox 691 545 868 584; x_wconf 79' lang='lat' dir='ltr'>disertae</span> <span class='ocrx_word' id='word_1_44' title='bbox 905 544 1040 583; x_wconf 88' lang='lat' dir='ltr'>tribus</span> <span class='ocrx_word' id='word_1_45' title='bbox 1077 542 1263 583; x_wconf 87' lang='lat' dir='ltr'>versibus</span> <span class='ocrx_word' id='word_1_46' title='bbox 1298 542 1430 592; x_wconf 87' lang='lat' dir='ltr'>iisque</span> <span class='ocrx_word' id='word_1_47' title='bbox 1467 541 1694 580; x_wconf 89' lang='lat' dir='ltr'>inconditis</span> 
     </span>
     <span class='ocr_line' id='line_1_7' title="bbox 104 606 1693 661; baseline -0.003 -13"><span class='ocrx_word' id='word_1_48' title='bbox 104 611 401 661; x_wconf 82' lang='lat' dir='ltr'>respondeam3</span> <span class='ocrx_word' id='word_1_49' title='bbox 434 610 507 649; x_wconf 90' lang='lat' dir='ltr'>sed</span> <span class='ocrx_word' id='word_1_50' title='bbox 535 610 702 661; x_wconf 86' lang='lat' dir='ltr'>aequior</span> <span class='ocrx_word' id='word_1_51' title='bbox 728 609 809 648; x_wconf 89' lang='lat' dir='ltr'>eris</span> <span class='ocrx_word' id='word_1_52' title='bbox 838 609 968 657; x_wconf 90' lang='lat' dir='ltr'>nobis,</span> <span class='ocrx_word' id='word_1_53' title='bbox 999 610 1062 648; x_wconf 88' lang='lat' dir='ltr'>sat</span> <span class='ocrx_word' id='word_1_54' title='bbox 1090 608 1185 656; x_wconf 85' lang='lat' dir='ltr'>scio,</span> <span class='ocrx_word' id='word_1_55' title='bbox 1217 607 1253 647; x_wconf 91' lang='lat' dir='ltr'>si</span> <span class='ocrx_word' id='word_1_56' title='bbox 1280 607 1434 657; x_wconf 87' lang='lat' dir='ltr'>cogites</span> <span class='ocrx_word' id='word_1_57' title='bbox 1461 606 1568 645; x_wconf 90' lang='lat' dir='ltr'>mihi</span> <span class='ocrx_word' id='word_1_58' title='bbox 1597 619 1693 645; x_wconf 87' lang='lat' dir='ltr'>cum</span> 
     </span>
     <span class='ocr_line' id='line_1_8' title="bbox 103 671 1694 726; baseline -0.004 -11"><span class='ocrx_word' id='word_1_59' title='bbox 103 675 296 715; x_wconf 83' lang='lat' dir='ltr'>maximis</span> <span class='ocrx_word' id='word_1_60' title='bbox 325 674 610 715; x_wconf 81' lang='lat' dir='ltr'>voluminibus</span> <span class='ocrx_word' id='word_1_61' title='bbox 638 689 726 714; x_wconf 91' lang='lat' dir='ltr'>rem</span> <span class='ocrx_word' id='word_1_62' title='bbox 758 688 857 725; x_wconf 85' lang='lat' dir='ltr'>esse,</span> <span class='ocrx_word' id='word_1_63' title='bbox 890 675 1004 726; x_wconf 88' lang='lat' dir='ltr'>sique</span> <span class='ocrx_word' id='word_1_64' title='bbox 1038 675 1212 724; x_wconf 88' lang='lat' dir='ltr'>reputes,</span> <span class='ocrx_word' id='word_1_65' title='bbox 1248 686 1355 712; x_wconf 88' lang='lat' dir='ltr'>vnus</span> <span class='ocrx_word' id='word_1_66' title='bbox 1389 685 1513 722; x_wconf 91' lang='lat' dir='ltr'>quam</span> <span class='ocrx_word' id='word_1_67' title='bbox 1546 671 1694 710; x_wconf 89' lang='lat' dir='ltr'>multis</span> 
     </span>
     <span class='ocr_line' id='line_1_9' title="bbox 104 734 1756 791; baseline -0.002 -13"><span class='ocrx_word' id='word_1_68' title='bbox 104 741 373 791; x_wconf 84' lang='lat' dir='ltr'>respondeam</span> <span class='ocrx_word' id='word_1_69' title='bbox 393 754 498 791; x_wconf 87' lang='lat' dir='ltr'>pene</span> <span class='ocrx_word' id='word_1_70' title='bbox 517 741 678 779; x_wconf 80' lang='lat' dir='ltr'>cotidie.</span> <span class='ocrx_word' id='word_1_71' title='bbox 738 741 851 779; x_wconf 88' lang='lat' dir='ltr'>Bene</span> <span class='ocrx_word' id='word_1_72' title='bbox 870 739 973 779; x_wconf 89' lang='lat' dir='ltr'>vale.</span> <span class='ocrx_word' id='word_1_73' title='bbox 1034 738 1223 777; x_wconf 90' lang='lat' dir='ltr'>Louanii.</span> <span class='ocrx_word' id='word_1_74' title='bbox 1246 751 1313 777; x_wconf 82' lang='lat' dir='ltr'>AN.</span> <span class='ocrx_word' id='word_1_75' title='bbox 1336 734 1594 789; x_wconf 80' lang='lat' dir='ltr'>M.D.xvl1[1].</span> <span class='ocrx_word' id='word_1_76' title='bbox 1716 752 1756 784; x_wconf 84' lang='lat'>45</span> 
     </span>
    </p>
   </div>
   <div class='ocr_carea' id='block_1_3' title="bbox 471 862 1336 919">
    <p class='ocr_par' dir='ltr' id='par_1_3' title="bbox 471 862 1336 919">
     <span class='ocr_line' id='line_1_10' title="bbox 471 862 1336 919; baseline -0.003 -14"><span class='ocrx_word' id='word_1_77' title='bbox 471 865 662 919; x_wconf 61' lang='grc'>·”’&lt;)8621652</span> <span class='ocrx_word' id='word_1_78' title='bbox 722 863 756 903; x_wconf 83' lang='lat' dir='ltr'>F</span> <span class='ocrx_word' id='word_1_79' title='bbox 759 874 853 904; x_wconf 84' lang='lat' dir='ltr'>ROM</span> <span class='ocrx_word' id='word_1_80' title='bbox 884 862 1035 903; x_wconf 77' lang='lat' dir='ltr'><strong>PETER</strong></span> <span class='ocrx_word' id='word_1_81' title='bbox 1068 862 1336 903; x_wconf 71' lang='lat' dir='ltr'>BARmmus.</span> 
     </span>
    </p>
   </div>
   <div class='ocr_carea' id='block_1_4' title="bbox 151 950 1650 1059">
    <p class='ocr_par' dir='ltr' id='par_1_4' title="bbox 151 950 1650 1059">
     <span class='ocr_line' id='line_1_11' title="bbox 151 950 1650 999; baseline -0.004 -9"><span class='ocrx_word' id='word_1_82' title='bbox 151 955 339 992; x_wconf 87' lang='lat' dir='ltr'>Deventer</span> <span class='ocrx_word' id='word_1_83' title='bbox 357 954 434 990; x_wconf 83' lang='lat' dir='ltr'>MS.</span> <span class='ocrx_word' id='word_1_84' title='bbox 456 965 515 999; x_wconf 84' lang='lat'>91,</span> <span class='ocrx_word' id='word_1_85' title='bbox 533 954 556 989; x_wconf 89' lang='lat' dir='ltr'>f.</span> <span class='ocrx_word' id='word_1_86' title='bbox 579 964 632 999; x_wconf 84' lang='lat'>54.</span> <span class='ocrx_word' id='word_1_87' title='bbox 1325 950 1376 986; x_wconf 87' lang='lat' dir='ltr'>St.</span> <span class='ocrx_word' id='word_1_88' title='bbox 1397 950 1650 996; x_wconf 85' lang='lat' dir='ltr'>Cybardeaux.</span> 
     </span>
     <span class='ocr_line' id='line_1_12' title="bbox 151 1009 1650 1059; baseline -0.003 -11"><span class='ocrx_word' id='word_1_89' title='bbox 151 1013 223 1049; x_wconf 90' lang='lat' dir='ltr'>LB.</span> <span class='ocrx_word' id='word_1_90' title='bbox 243 1013 339 1059; x_wconf 89' lang='lat' dir='ltr'>App.</span> <span class='ocrx_word' id='word_1_91' title='bbox 360 1022 437 1058; x_wconf 86' lang='lat'>159.</span> <span class='ocrx_word' id='word_1_92' title='bbox 1322 1020 1364 1045; x_wconf 88' lang='lat'>12</span> <span class='ocrx_word' id='word_1_93' title='bbox 1381 1009 1528 1054; x_wconf 86' lang='lat' dir='ltr'>August</span> <span class='ocrx_word' id='word_1_94' title='bbox 1550 1017 1650 1054; x_wconf 82' lang='lat'>1517.</span> 
     </span>
    </p>
   </div>
   <div class='ocr_carea' id='block_1_5' title="bbox 103 1084 1701 1259">
    <p class='ocr_par' dir='ltr' id='par_1_5' title="bbox 103 1084 1701 1259">
     <span class='ocr_line' id='line_1_13' title="bbox 147 1084 1701 1129; baseline -0.003 -10"><span class='ocrx_word' id='word_1_95' title='bbox 147 1087 238 1129; x_wconf 86' lang='lat' dir='ltr'>[The</span> <span class='ocrx_word' id='word_1_96' title='bbox 250 1088 350 1128; x_wconf 85' lang='lat' dir='ltr'>place</span> <span class='ocrx_word' id='word_1_97' title='bbox 365 1088 457 1119; x_wconf 89' lang='lat' dir='ltr'>from</span> <span class='ocrx_word' id='word_1_98' title='bbox 474 1088 595 1119; x_wconf 84' lang='lat' dir='ltr'>which</span> <span class='ocrx_word' id='word_1_99' title='bbox 610 1087 796 1118; x_wconf 85' lang='lat' dir='ltr'>Barbirius</span> <span class='ocrx_word' id='word_1_100' title='bbox 811 1086 933 1117; x_wconf 79' lang='lat' dir='ltr'>writes</span> <span class='ocrx_word' id='word_1_101' title='bbox 949 1087 979 1117; x_wconf 90' lang='lat' dir='ltr'>is</span> <span class='ocrx_word' id='word_1_102' title='bbox 993 1095 1014 1116; x_wconf 84' lang='lat' dir='ltr'>a</span> <span class='ocrx_word' id='word_1_103' title='bbox 1025 1086 1131 1117; x_wconf 87' lang='lat' dir='ltr'>small</span> <span class='ocrx_word' id='word_1_104' title='bbox 1143 1086 1272 1126; x_wconf 79' lang='lat' dir='ltr'>village</span> <span class='ocrx_word' id='word_1_105' title='bbox 1289 1087 1328 1117; x_wconf 90' lang='lat' dir='ltr'>in</span> <span class='ocrx_word' id='word_1_106' title='bbox 1340 1086 1403 1117; x_wconf 88' lang='lat' dir='ltr'>the</span> <span class='ocrx_word' id='word_1_107' title='bbox 1416 1085 1644 1126; x_wconf 84' lang='lat' dir='ltr'>department</span> <span class='ocrx_word' id='word_1_108' title='bbox 1662 1084 1701 1115; x_wconf 90' lang='lat' dir='ltr'>of</span> 
     </span>
     <span class='ocr_line' id='line_1_14' title="bbox 104 1129 1696 1172; baseline -0.002 -10"><span class='ocrx_word' id='word_1_109' title='bbox 104 1131 292 1172; x_wconf 82' lang='lat' dir='ltr'>Charente,</span> <span class='ocrx_word' id='word_1_110' title='bbox 311 1134 383 1162; x_wconf 88' lang='lat' dir='ltr'>two</span> <span class='ocrx_word' id='word_1_111' title='bbox 398 1131 502 1163; x_wconf 89' lang='lat' dir='ltr'>miles</span> <span class='ocrx_word' id='word_1_112' title='bbox 518 1131 558 1163; x_wconf 87' lang='grc' dir='ltr'>Ε.</span> <span class='ocrx_word' id='word_1_113' title='bbox 577 1131 615 1162; x_wconf 86' lang='lat' dir='ltr'>of</span> <span class='ocrx_word' id='word_1_114' title='bbox 628 1130 802 1170; x_wconf 75' lang='lat' dir='ltr'>Bouillae,</span> <span class='ocrx_word' id='word_1_115' title='bbox 817 1140 863 1161; x_wconf 92' lang='lat' dir='ltr'>on</span> <span class='ocrx_word' id='word_1_116' title='bbox 876 1130 938 1161; x_wconf 89' lang='lat' dir='ltr'>the</span> <span class='ocrx_word' id='word_1_117' title='bbox 954 1130 1040 1161; x_wconf 87' lang='lat' dir='ltr'>road</span> <span class='ocrx_word' id='word_1_118' title='bbox 1057 1130 1149 1161; x_wconf 84' lang='lat' dir='ltr'>from</span> <span class='ocrx_word' id='word_1_119' title='bbox 1165 1130 1318 1161; x_wconf 88' lang='lat' dir='ltr'>Poitiers</span> <span class='ocrx_word' id='word_1_120' title='bbox 1333 1131 1370 1160; x_wconf 85' lang='lat' dir='ltr'>to</span> <span class='ocrx_word' id='word_1_121' title='bbox 1387 1129 1581 1160; x_wconf 87' lang='lat' dir='ltr'>Bordeaux.</span> <span class='ocrx_word' id='word_1_122' title='bbox 1616 1129 1662 1160; x_wconf 89' lang='lat' dir='ltr'>In</span> <span class='ocrx_word' id='word_1_123' title='bbox 1676 1139 1696 1159; x_wconf 91' lang='lat' dir='ltr'>a</span> 
     </span>
     <span class='ocr_line' id='line_1_15' title="bbox 103 1172 1695 1215; baseline -0.003 -9"><span class='ocrx_word' id='word_1_124' title='bbox 103 1175 296 1206; x_wconf 84' lang='lat' dir='ltr'>document</span> <span class='ocrx_word' id='word_1_125' title='bbox 319 1175 443 1215; x_wconf 85' lang='lat' dir='ltr'>signed</span> <span class='ocrx_word' id='word_1_126' title='bbox 467 1176 514 1214; x_wconf 85' lang='lat' dir='ltr'>by</span> <span class='ocrx_word' id='word_1_127' title='bbox 542 1174 590 1205; x_wconf 88' lang='lat' dir='ltr'>Le</span> <span class='ocrx_word' id='word_1_128' title='bbox 616 1174 771 1214; x_wconf 81' lang='lat' dir='ltr'>Sauvage</span> <span class='ocrx_word' id='word_1_129' title='bbox 799 1184 844 1205; x_wconf 92' lang='lat' dir='ltr'>on</span> <span class='ocrx_word' id='word_1_130' title='bbox 869 1174 931 1204; x_wconf 91' lang='lat' dir='ltr'>the</span> <span class='ocrx_word' id='word_1_131' title='bbox 955 1183 1052 1204; x_wconf 87' lang='lat' dir='ltr'>same</span> <span class='ocrx_word' id='word_1_132' title='bbox 1077 1173 1159 1214; x_wconf 84' lang='lat' dir='ltr'>day,</span> <span class='ocrx_word' id='word_1_133' title='bbox 1185 1173 1249 1204; x_wconf 88' lang='lat' dir='ltr'>the</span> <span class='ocrx_word' id='word_1_134' title='bbox 1274 1182 1379 1204; x_wconf 89' lang='lat' dir='ltr'>name</span> <span class='ocrx_word' id='word_1_135' title='bbox 1402 1182 1551 1213; x_wconf 85' lang='lat' dir='ltr'>appears</span> <span class='ocrx_word' id='word_1_136' title='bbox 1574 1182 1611 1203; x_wconf 88' lang='lat' dir='ltr'>as</span> <span class='ocrx_word' id='word_1_137' title='bbox 1631 1172 1695 1202; x_wconf 86' lang='lat' dir='ltr'>‘de</span> 
     </span>
     <span class='ocr_line' id='line_1_16' title="bbox 104 1217 989 1259; baseline -0.001 -11"><span class='ocrx_word' id='word_1_138' title='bbox 104 1218 429 1258; x_wconf 85' lang='lat' dir='ltr'>Sanctocuparchio</span> <span class='ocrx_word' id='word_1_139' title='bbox 446 1218 489 1249; x_wconf 88' lang='lat' dir='ltr'>de</span> <span class='ocrx_word' id='word_1_140' title='bbox 502 1218 610 1249; x_wconf 84' lang='lat' dir='ltr'>Ilice’</span> <span class='ocrx_word' id='word_1_141' title='bbox 631 1217 791 1259; x_wconf 88' lang='lat' dir='ltr'>(Brewer</span> <span class='ocrx_word' id='word_1_142' title='bbox 803 1218 840 1248; x_wconf 91' lang='lat' dir='ltr'>ii.</span> <span class='ocrx_word' id='word_1_143' title='bbox 855 1217 989 1258; x_wconf 86' lang='lat'>3575.)]</span> 
     </span>
    </p>
   </div>
   <div class='ocr_carea' id='block_1_6' title="bbox 378 1314 1418 1347">
    <p class='ocr_par' dir='ltr' id='par_1_6' title="bbox 378 1314 1418 1347">
     <span class='ocr_line' id='line_1_17' title="bbox 378 1314 1418 1347; baseline -0.002 -1"><span class='ocrx_word' id='word_1_144' title='bbox 378 1316 648 1347; x_wconf 88' lang='lat' dir='ltr'>DOCTISSIMO</span> <span class='ocrx_word' id='word_1_145' title='bbox 679 1315 789 1345; x_wconf 86' lang='lat' dir='ltr'>VIRO</span> <span class='ocrx_word' id='word_1_146' title='bbox 819 1315 860 1347; x_wconf 88' lang='lat' dir='ltr'>D.</span> <span class='ocrx_word' id='word_1_147' title='bbox 886 1314 1068 1344; x_wconf 90' lang='lat' dir='ltr'><strong>ERASMO</strong></span> <span class='ocrx_word' id='word_1_148' title='bbox 1099 1314 1418 1345; x_wconf 81' lang='lat' dir='ltr'>ROTERODAMO.</span> 
     </span>
    </p>
   </div>
   <div class='ocr_carea' id='block_1_7' title="bbox 100 1397 1753 2687">
    <p class='ocr_par' dir='ltr' id='par_1_7' title="bbox 100 1397 1753 2428">
     <span class='ocr_line' id='line_1_18' title="bbox 158 1397 1693 1449; baseline -0.003 -9"><span class='ocrx_word' id='word_1_149' title='bbox 158 1401 306 1449; x_wconf 82' lang='lat' dir='ltr'>SALVE,</span> <span class='ocrx_word' id='word_1_150' title='bbox 338 1400 574 1440; x_wconf 86' lang='lat' dir='ltr'>doctissime</span> <span class='ocrx_word' id='word_1_151' title='bbox 599 1399 768 1438; x_wconf 91' lang='lat' dir='ltr'>domine</span> <span class='ocrx_word' id='word_1_152' title='bbox 792 1398 852 1437; x_wconf 90' lang='lat' dir='ltr'>mi</span> <span class='ocrx_word' id='word_1_153' title='bbox 880 1398 1063 1436; x_wconf 86' lang='lat' dir='ltr'>Erasme.</span> <span class='ocrx_word' id='word_1_154' title='bbox 1119 1397 1298 1436; x_wconf 83' lang='lat' dir='ltr'>Litteras</span> <span class='ocrx_word' id='word_1_155' title='bbox 1327 1399 1421 1436; x_wconf 90' lang='lat' dir='ltr'>tuas</span> <span class='ocrx_word' id='word_1_156' title='bbox 1449 1397 1499 1435; x_wconf 92' lang='lat' dir='ltr'>de</span> <span class='ocrx_word' id='word_1_157' title='bbox 1534 1398 1578 1434; x_wconf 88' lang='lat'>16</span> <span class='ocrx_word' id='word_1_158' title='bbox 1609 1397 1693 1436; x_wconf 84' lang='lat' dir='ltr'>Cal.</span> 
     </span>
     <span class='ocr_line' id='line_1_19' title="bbox 102 1461 1694 1516; baseline -0.003 -11"><span class='ocrx_word' id='word_1_159' title='bbox 102 1466 285 1516; x_wconf 87' lang='lat' dir='ltr'>Augusti</span> <span class='ocrx_word' id='word_1_160' title='bbox 311 1479 360 1505; x_wconf 84' lang='lat' dir='ltr'>ex</span> <span class='ocrx_word' id='word_1_161' title='bbox 385 1466 571 1505; x_wconf 92' lang='lat' dir='ltr'>Louanio</span> <span class='ocrx_word' id='word_1_162' title='bbox 597 1465 664 1504; x_wconf 89' lang='lat' dir='ltr'>his</span> <span class='ocrx_word' id='word_1_163' title='bbox 691 1464 835 1503; x_wconf 89' lang='lat' dir='ltr'>diebus</span> <span class='ocrx_word' id='word_1_164' title='bbox 857 1463 1028 1513; x_wconf 86' lang='lat' dir='ltr'>accoepi.</span> <span class='ocrx_word' id='word_1_165' title='bbox 1086 1462 1273 1501; x_wconf 85' lang='lat' dir='ltr'>Miserias</span> <span class='ocrx_word' id='word_1_166' title='bbox 1292 1465 1455 1501; x_wconf 86' lang='lat' dir='ltr'>nostras</span> <span class='ocrx_word' id='word_1_167' title='bbox 1479 1463 1524 1501; x_wconf 92' lang='lat' dir='ltr'>in</span> <span class='ocrx_word' id='word_1_168' title='bbox 1550 1461 1694 1500; x_wconf 89' lang='lat' dir='ltr'>trium-</span> 
     </span>
     <span class='ocr_line' id='line_1_20' title="bbox 101 1527 1691 1582; baseline -0.003 -12"><span class='ocrx_word' id='word_1_169' title='bbox 101 1530 207 1581; x_wconf 88' lang='lat' dir='ltr'>phos</span> <span class='ocrx_word' id='word_1_170' title='bbox 226 1531 419 1582; x_wconf 87' lang='lat' dir='ltr'>erigendo</span> <span class='ocrx_word' id='word_1_171' title='bbox 439 1531 613 1581; x_wconf 87' lang='lat' dir='ltr'>pulchre</span> <span class='ocrx_word' id='word_1_172' title='bbox 639 1530 810 1577; x_wconf 87' lang='lat' dir='ltr'>derides,</span> <span class='ocrx_word' id='word_1_173' title='bbox 832 1530 903 1568; x_wconf 88' lang='lat' dir='ltr'>sed</span> <span class='ocrx_word' id='word_1_174' title='bbox 928 1529 1005 1568; x_wconf 90' lang='lat' dir='ltr'>hoc</span> <span class='ocrx_word' id='word_1_175' title='bbox 1031 1529 1216 1568; x_wconf 88' lang='lat' dir='ltr'>moribus</span> <span class='ocrx_word' id='word_1_176' title='bbox 1235 1529 1320 1567; x_wconf 87' lang='lat' dir='ltr'>tuis</span> <span class='ocrx_word' id='word_1_177' title='bbox 1339 1529 1538 1567; x_wconf 89' lang='lat' dir='ltr'>condono.</span> <span class='ocrx_word' id='word_1_178' title='bbox 1598 1527 1691 1566; x_wconf 88' lang='lat' dir='ltr'>Non</span> 
     </span>
     <span class='ocr_line' id='line_1_21' title="bbox 101 1593 1694 1646; baseline -0.002 -12"><span class='ocrx_word' id='word_1_179' title='bbox 101 1597 287 1636; x_wconf 89' lang='lat' dir='ltr'>condono</span> <span class='ocrx_word' id='word_1_180' title='bbox 307 1599 446 1636; x_wconf 87' lang='lat' dir='ltr'>autem</span> <span class='ocrx_word' id='word_1_181' title='bbox 464 1596 584 1635; x_wconf 87' lang='lat' dir='ltr'>facile</span> <span class='ocrx_word' id='word_1_182' title='bbox 602 1609 676 1646; x_wconf 90' lang='lat' dir='ltr'>per</span> <span class='ocrx_word' id='word_1_183' title='bbox 702 1608 825 1645; x_wconf 89' lang='lat' dir='ltr'>quem</span> <span class='ocrx_word' id='word_1_184' title='bbox 844 1595 1000 1634; x_wconf 85' lang='lat' dir='ltr'>factum</span> <span class='ocrx_word' id='word_1_185' title='bbox 1027 1597 1089 1633; x_wconf 90' lang='lat' dir='ltr'>est</span> <span class='ocrx_word' id='word_1_186' title='bbox 1115 1607 1196 1645; x_wconf 91' lang='lat' dir='ltr'>quo</span> <span class='ocrx_word' id='word_1_187' title='bbox 1222 1594 1363 1632; x_wconf 89' lang='lat' dir='ltr'>minus</span> <span class='ocrx_word' id='word_1_188' title='bbox 1381 1596 1475 1633; x_wconf 92' lang='lat' dir='ltr'>tuas</span> <span class='ocrx_word' id='word_1_189' title='bbox 1493 1593 1694 1643; x_wconf 89' lang='lat' dir='ltr'>reciperes</span> 
     </span>
     <span class='ocr_line' id='line_1_22' title="bbox 100 1658 1730 1711; baseline -0.002 -10"><span class='ocrx_word' id='word_1_190' title='bbox 100 1662 307 1711; x_wconf 85' lang='lat' dir='ltr'>pecunias.</span> <span class='ocrx_word' id='word_1_191' title='bbox 384 1661 536 1700; x_wconf 90' lang='lat' dir='ltr'>Adhuc</span> <span class='ocrx_word' id='word_1_192' title='bbox 573 1661 686 1700; x_wconf 89' lang='lat' dir='ltr'>enim</span> <span class='ocrx_word' id='word_1_193' title='bbox 728 1660 838 1711; x_wconf 89' lang='lat' dir='ltr'>apud</span> <span class='ocrx_word' id='word_1_194' title='bbox 878 1658 1043 1698; x_wconf 88' lang='lat' dir='ltr'>Insulas</span> <span class='ocrx_word' id='word_1_195' title='bbox 1086 1660 1268 1698; x_wconf 83' lang='lat' dir='ltr'>existens</span> <span class='ocrx_word' id='word_1_196' title='bbox 1313 1660 1481 1697; x_wconf 86' lang='lat' dir='ltr'>centum</span> <span class='ocrx_word' id='word_1_197' title='bbox 1517 1658 1694 1697; x_wconf 91' lang='lat' dir='ltr'>florenos</span> <span class='ocrx_word' id='word_1_198' title='bbox 1714 1667 1730 1698; x_wconf 86' lang='lat'><strong><em>5</em></strong></span> 
     </span>
     <span class='ocr_line' id='line_1_23' title="bbox 100 1724 1690 1776; baseline -0.002 -11"><span class='ocrx_word' id='word_1_199' title='bbox 100 1727 329 1776; x_wconf 89' lang='lat' dir='ltr'>numeraui,</span> <span class='ocrx_word' id='word_1_200' title='bbox 366 1727 598 1766; x_wconf 84' lang='lat' dir='ltr'>exhibendo</span> <span class='ocrx_word' id='word_1_201' title='bbox 630 1726 725 1764; x_wconf 90' lang='lat' dir='ltr'>illos</span> <span class='ocrx_word' id='word_1_202' title='bbox 756 1726 806 1764; x_wconf 87' lang='lat' dir='ltr'>ad</span> <span class='ocrx_word' id='word_1_203' title='bbox 840 1738 989 1764; x_wconf 91' lang='lat' dir='ltr'>manus</span> <span class='ocrx_word' id='word_1_204' title='bbox 1023 1725 1183 1764; x_wconf 89' lang='lat' dir='ltr'>domini</span> <span class='ocrx_word' id='word_1_205' title='bbox 1214 1724 1376 1763; x_wconf 92' lang='lat' dir='ltr'>domini</span> <span class='ocrx_word' id='word_1_206' title='bbox 1407 1724 1457 1763; x_wconf 90' lang='lat' dir='ltr'>de</span> <span class='ocrx_word' id='word_1_207' title='bbox 1487 1724 1690 1774; x_wconf 90' lang='lat' dir='ltr'>Marques,</span> 
     </span>
     <span class='ocr_line' id='line_1_24' title="bbox 102 1789 1693 1842; baseline -0.001 -12"><span class='ocrx_word' id='word_1_208' title='bbox 102 1792 205 1842; x_wconf 90' lang='lat' dir='ltr'>regii</span> <span class='ocrx_word' id='word_1_209' title='bbox 230 1791 467 1832; x_wconf 84' lang='lat' dir='ltr'>consiliarii.</span> <span class='ocrx_word' id='word_1_210' title='bbox 523 1791 641 1840; x_wconf 78' lang='lat' dir='ltr'>Quod</span> <span class='ocrx_word' id='word_1_211' title='bbox 669 1792 809 1830; x_wconf 88' lang='lat' dir='ltr'>autem</span> <span class='ocrx_word' id='word_1_212' title='bbox 836 1792 923 1829; x_wconf 90' lang='lat' dir='ltr'>tam</span> <span class='ocrx_word' id='word_1_213' title='bbox 951 1803 1024 1840; x_wconf 92' lang='lat' dir='ltr'>pro</span> <span class='ocrx_word' id='word_1_214' title='bbox 1052 1789 1251 1840; x_wconf 90' lang='lat' dir='ltr'>pensione</span> <span class='ocrx_word' id='word_1_215' title='bbox 1275 1789 1540 1829; x_wconf 83' lang='lat' dir='ltr'>Ourtracensi</span> <span class='ocrx_word' id='word_1_216' title='bbox 1568 1802 1693 1839; x_wconf 86' lang='lat' dir='ltr'>quam</span> 
     </span>
     <span class='ocr_line' id='line_1_25' title="bbox 101 1854 1694 1908; baseline -0.003 -12"><span class='ocrx_word' id='word_1_217' title='bbox 101 1870 176 1907; x_wconf 90' lang='lat' dir='ltr'>pro</span> <span class='ocrx_word' id='word_1_218' title='bbox 207 1857 368 1908; x_wconf 89' lang='lat' dir='ltr'>reliquo</span> <span class='ocrx_word' id='word_1_219' title='bbox 405 1857 612 1907; x_wconf 91' lang='lat' dir='ltr'>stipendio</span> <span class='ocrx_word' id='word_1_220' title='bbox 649 1857 818 1894; x_wconf 90' lang='lat' dir='ltr'>centum</span> <span class='ocrx_word' id='word_1_221' title='bbox 850 1856 1029 1894; x_wconf 87' lang='lat' dir='ltr'>florenos</span> <span class='ocrx_word' id='word_1_222' title='bbox 1061 1857 1226 1893; x_wconf 84' lang='lat' dir='ltr'>tantum</span> <span class='ocrx_word' id='word_1_223' title='bbox 1263 1854 1477 1905; x_wconf 89' lang='lat' dir='ltr'>acceperis,</span> <span class='ocrx_word' id='word_1_224' title='bbox 1513 1867 1586 1904; x_wconf 89' lang='lat' dir='ltr'>per</span> <span class='ocrx_word' id='word_1_225' title='bbox 1618 1854 1694 1893; x_wconf 93' lang='lat' dir='ltr'>Hi·</span> 
     </span>
     <span class='ocr_line' id='line_1_26' title="bbox 101 1919 1690 1974; baseline -0.003 -12"><span class='ocrx_word' id='word_1_226' title='bbox 101 1935 279 1974; x_wconf 86' lang='lat' dir='ltr'>spanum</span> <span class='ocrx_word' id='word_1_227' title='bbox 307 1923 435 1971; x_wconf 89' lang='lat' dir='ltr'>stetit,</span> <span class='ocrx_word' id='word_1_228' title='bbox 465 1922 547 1973; x_wconf 90' lang='lat' dir='ltr'>qui,</span> <span class='ocrx_word' id='word_1_229' title='bbox 577 1935 672 1960; x_wconf 83' lang='lat' dir='ltr'>cum</span> <span class='ocrx_word' id='word_1_230' title='bbox 701 1922 868 1960; x_wconf 86' lang='lat' dir='ltr'>centum</span> <span class='ocrx_word' id='word_1_231' title='bbox 897 1920 1198 1971; x_wconf 86' lang='lat' dir='ltr'>quinquaginta</span> <span class='ocrx_word' id='word_1_232' title='bbox 1226 1920 1395 1959; x_wconf 85' lang='lat' dir='ltr'>ducatos</span> <span class='ocrx_word' id='word_1_233' title='bbox 1422 1919 1690 1970; x_wconf 85' lang='lat' dir='ltr'>promisisset,</span> 
     </span>
     <span class='ocr_line' id='line_1_27' title="bbox 101 1985 1753 2038; baseline -0.002 -11"><span class='ocrx_word' id='word_1_234' title='bbox 101 2001 176 2038; x_wconf 90' lang='lat' dir='ltr'>pro</span> <span class='ocrx_word' id='word_1_235' title='bbox 195 2001 308 2027; x_wconf 89' lang='lat' dir='ltr'>more</span> <span class='ocrx_word' id='word_1_236' title='bbox 327 1988 464 2038; x_wconf 87' lang='lat' dir='ltr'>gentis</span> <span class='ocrx_word' id='word_1_237' title='bbox 489 2000 587 2026; x_wconf 88' lang='lat' dir='ltr'>suae</span> <span class='ocrx_word' id='word_1_238' title='bbox 612 1986 774 2025; x_wconf 90' lang='lat' dir='ltr'>Punica</span> <span class='ocrx_word' id='word_1_239' title='bbox 792 1986 874 2024; x_wconf 87' lang='lat' dir='ltr'>fide</span> <span class='ocrx_word' id='word_1_240' title='bbox 899 1985 972 2025; x_wconf 80' lang='lat' dir='ltr'>vix</span> <span class='ocrx_word' id='word_1_241' title='bbox 996 1987 1164 2024; x_wconf 90' lang='lat' dir='ltr'>centum</span> <span class='ocrx_word' id='word_1_242' title='bbox 1184 1985 1336 2035; x_wconf 88' lang='lat' dir='ltr'>viginti</span> <span class='ocrx_word' id='word_1_243' title='bbox 1358 1985 1614 2024; x_wconf 91' lang='lat' dir='ltr'>numerauit:</span> <span class='ocrx_word' id='word_1_244' title='bbox 1644 1985 1694 2023; x_wconf 89' lang='lat' dir='ltr'>de</span> <span class='ocrx_word' id='word_1_245' title='bbox 1716 1995 1753 2016; x_wconf 91' lang='lat'>10</span> 
     </span>
     <span class='ocr_line' id='line_1_28' title="bbox 102 2049 1694 2103; baseline -0.003 -11"><span class='ocrx_word' id='word_1_246' title='bbox 102 2052 253 2103; x_wconf 86' lang='lat' dir='ltr'>quibus</span> <span class='ocrx_word' id='word_1_247' title='bbox 272 2055 441 2092; x_wconf 87' lang='lat' dir='ltr'>centum</span> <span class='ocrx_word' id='word_1_248' title='bbox 461 2052 605 2091; x_wconf 88' lang='lat' dir='ltr'>statim</span> <span class='ocrx_word' id='word_1_249' title='bbox 624 2051 792 2090; x_wconf 91' lang='lat' dir='ltr'>domino</span> <span class='ocrx_word' id='word_1_250' title='bbox 810 2064 903 2089; x_wconf 90' lang='lat' dir='ltr'>meo</span> <span class='ocrx_word' id='word_1_251' title='bbox 922 2051 1092 2099; x_wconf 88' lang='lat' dir='ltr'>reddidi,</span> <span class='ocrx_word' id='word_1_252' title='bbox 1115 2063 1218 2101; x_wconf 90' lang='lat' dir='ltr'>quos</span> <span class='ocrx_word' id='word_1_253' title='bbox 1243 2050 1332 2100; x_wconf 90' lang='lat' dir='ltr'>ipse</span> <span class='ocrx_word' id='word_1_254' title='bbox 1358 2051 1408 2089; x_wconf 92' lang='lat' dir='ltr'>de</span> <span class='ocrx_word' id='word_1_255' title='bbox 1426 2049 1601 2100; x_wconf 90' lang='lat' dir='ltr'>pecunia</span> <span class='ocrx_word' id='word_1_256' title='bbox 1620 2062 1694 2088; x_wconf 90' lang='lat' dir='ltr'>sua</span> 
     </span>
     <span class='ocr_line' id='line_1_29' title="bbox 102 2115 1691 2165; baseline -0.002 -9"><span class='ocrx_word' id='word_1_257' title='bbox 102 2117 292 2156; x_wconf 86' lang='lat' dir='ltr'>Gandaui</span> <span class='ocrx_word' id='word_1_258' title='bbox 328 2117 409 2156; x_wconf 89' lang='lat' dir='ltr'>tibi</span> <span class='ocrx_word' id='word_1_259' title='bbox 442 2130 657 2156; x_wconf 88' lang='lat' dir='ltr'>numerare</span> <span class='ocrx_word' id='word_1_260' title='bbox 688 2118 873 2156; x_wconf 89' lang='lat' dir='ltr'>iusserat.</span> <span class='ocrx_word' id='word_1_261' title='bbox 943 2116 1000 2154; x_wconf 88' lang='lat' dir='ltr'>Te</span> <span class='ocrx_word' id='word_1_262' title='bbox 1034 2117 1175 2154; x_wconf 88' lang='lat' dir='ltr'>tamen</span> <span class='ocrx_word' id='word_1_263' title='bbox 1212 2115 1394 2165; x_wconf 86' lang='lat' dir='ltr'>interim,</span> <span class='ocrx_word' id='word_1_264' title='bbox 1431 2115 1599 2154; x_wconf 89' lang='lat' dir='ltr'>domine</span> <span class='ocrx_word' id='word_1_265' title='bbox 1632 2115 1691 2153; x_wconf 91' lang='lat' dir='ltr'>mi</span> 
     </span>
     <span class='ocr_line' id='line_1_30' title="bbox 101 2180 1690 2232; baseline -0.002 -11"><span class='ocrx_word' id='word_1_266' title='bbox 101 2181 285 2232; x_wconf 86' lang='lat' dir='ltr'>Erasme,</span> <span class='ocrx_word' id='word_1_267' title='bbox 318 2195 388 2221; x_wconf 89' lang='lat' dir='ltr'>oro</span> <span class='ocrx_word' id='word_1_268' title='bbox 421 2184 469 2221; x_wconf 87' lang='lat' dir='ltr'>vt</span> <span class='ocrx_word' id='word_1_269' title='bbox 500 2182 702 2232; x_wconf 87' lang='lat' dir='ltr'>tantisper</span> <span class='ocrx_word' id='word_1_270' title='bbox 732 2182 936 2232; x_wconf 88' lang='lat' dir='ltr'>patienter</span> <span class='ocrx_word' id='word_1_271' title='bbox 969 2183 1154 2231; x_wconf 86' lang='lat' dir='ltr'>expectes</span> <span class='ocrx_word' id='word_1_272' title='bbox 1188 2181 1316 2220; x_wconf 91' lang='lat' dir='ltr'>donec</span> <span class='ocrx_word' id='word_1_273' title='bbox 1353 2181 1404 2219; x_wconf 90' lang='lat' dir='ltr'>ad</span> <span class='ocrx_word' id='word_1_274' title='bbox 1442 2180 1690 2230; x_wconf 89' lang='lat' dir='ltr'>Hispaniam</span> 
     </span>
     <span class='ocr_line' id='line_1_31' title="bbox 101 2245 1691 2298; baseline -0.002 -12"><span class='ocrx_word' id='word_1_275' title='bbox 101 2250 400 2297; x_wconf 88' lang='lat' dir='ltr'>perueniamus,</span> <span class='ocrx_word' id='word_1_276' title='bbox 423 2247 587 2298; x_wconf 89' lang='lat' dir='ltr'>quando</span> <span class='ocrx_word' id='word_1_277' title='bbox 614 2247 783 2285; x_wconf 88' lang='lat' dir='ltr'>domino</span> <span class='ocrx_word' id='word_1_278' title='bbox 807 2259 899 2285; x_wconf 90' lang='lat' dir='ltr'>meo</span> <span class='ocrx_word' id='word_1_279' title='bbox 923 2246 1059 2285; x_wconf 87' lang='lat' dir='ltr'>oblata</span> <span class='ocrx_word' id='word_1_280' title='bbox 1084 2247 1292 2285; x_wconf 84' lang='lat' dir='ltr'>occasione</span> <span class='ocrx_word' id='word_1_281' title='bbox 1319 2246 1369 2284; x_wconf 89' lang='lat' dir='ltr'>ad</span> <span class='ocrx_word' id='word_1_282' title='bbox 1390 2245 1632 2284; x_wconf 86' lang='lat' dir='ltr'>memoriam</span> <span class='ocrx_word' id='word_1_283' title='bbox 1652 2246 1691 2283; x_wconf 88' lang='lat' dir='ltr'>te</span> 
     </span>
     <span class='ocr_line' id='line_1_32' title="bbox 102 2310 1749 2363; baseline 0 -12"><span class='ocrx_word' id='word_1_284' title='bbox 102 2314 253 2362; x_wconf 87' lang='lat' dir='ltr'>tuaque</span> <span class='ocrx_word' id='word_1_285' title='bbox 285 2312 453 2363; x_wconf 86' lang='lat' dir='ltr'>negocia</span> <span class='ocrx_word' id='word_1_286' title='bbox 486 2312 694 2359; x_wconf 87' lang='lat' dir='ltr'>reducam,</span> <span class='ocrx_word' id='word_1_287' title='bbox 722 2311 961 2360; x_wconf 86' lang='lat' dir='ltr'>faciamque,</span> <span class='ocrx_word' id='word_1_288' title='bbox 996 2313 1202 2361; x_wconf 89' lang='lat' dir='ltr'>quantum</span> <span class='ocrx_word' id='word_1_289' title='bbox 1232 2311 1278 2349; x_wconf 91' lang='lat' dir='ltr'>in</span> <span class='ocrx_word' id='word_1_290' title='bbox 1312 2324 1379 2349; x_wconf 88' lang='lat' dir='ltr'>me</span> <span class='ocrx_word' id='word_1_291' title='bbox 1413 2311 1499 2358; x_wconf 87' lang='lat' dir='ltr'>erit,</span> <span class='ocrx_word' id='word_1_292' title='bbox 1533 2312 1580 2349; x_wconf 88' lang='lat' dir='ltr'>vt</span> <span class='ocrx_word' id='word_1_293' title='bbox 1612 2310 1690 2349; x_wconf 91' lang='lat' dir='ltr'>tibi</span> <span class='ocrx_word' id='word_1_294' title='bbox 1714 2319 1749 2351; x_wconf 86' lang='grc' dir='ltr'>Ι5</span> 
     </span>
     <span class='ocr_line' id='line_1_33' title="bbox 102 2377 566 2428; baseline 0 -12"><span class='ocrx_word' id='word_1_295' title='bbox 102 2389 226 2427; x_wconf 90' lang='lat' dir='ltr'>supra</span> <span class='ocrx_word' id='word_1_296' title='bbox 244 2390 361 2428; x_wconf 88' lang='lat' dir='ltr'>spem</span> <span class='ocrx_word' id='word_1_297' title='bbox 381 2377 566 2416; x_wconf 89' lang='lat' dir='ltr'>satisfiat.</span> 
     </span>
    </p>

    <p class='ocr_par' dir='ltr' id='par_1_8' title="bbox 101 2440 1751 2687">
     <span class='ocr_line' id='line_1_34' title="bbox 156 2440 1691 2489; baseline -0.002 -7"><span class='ocrx_word' id='word_1_298' title='bbox 156 2442 217 2481; x_wconf 92' lang='lat' dir='ltr'>De</span> <span class='ocrx_word' id='word_1_299' title='bbox 250 2443 370 2482; x_wconf 86' lang='lat' dir='ltr'>Card.</span> <span class='ocrx_word' id='word_1_300' title='bbox 404 2443 560 2482; x_wconf 86' lang='lat' dir='ltr'>nostris</span> <span class='ocrx_word' id='word_1_301' title='bbox 592 2441 723 2489; x_wconf 86' lang='lat' dir='ltr'>nouis,</span> <span class='ocrx_word' id='word_1_302' title='bbox 758 2454 810 2479; x_wconf 91' lang='lat' dir='ltr'>ne</span> <span class='ocrx_word' id='word_1_303' title='bbox 843 2440 947 2479; x_wconf 86' lang='lat' dir='ltr'>forte</span> <span class='ocrx_word' id='word_1_304' title='bbox 980 2453 1065 2479; x_wconf 90' lang='lat' dir='ltr'>non</span> <span class='ocrx_word' id='word_1_305' title='bbox 1099 2442 1206 2479; x_wconf 87' lang='lat' dir='ltr'>recta</span> <span class='ocrx_word' id='word_1_306' title='bbox 1242 2441 1427 2479; x_wconf 85' lang='lat' dir='ltr'>ferantur</span> <span class='ocrx_word' id='word_1_307' title='bbox 1462 2440 1512 2479; x_wconf 87' lang='lat' dir='ltr'>ad</span> <span class='ocrx_word' id='word_1_308' title='bbox 1550 2444 1590 2479; x_wconf 89' lang='lat' dir='ltr'>te</span> <span class='ocrx_word' id='word_1_309' title='bbox 1622 2440 1691 2479; x_wconf 86' lang='lat' dir='ltr'>via</span> 
     </span>
     <span class='ocr_line' id='line_1_35' title="bbox 101 2505 1685 2557; baseline -0.001 -10"><span class='ocrx_word' id='word_1_310' title='bbox 101 2510 262 2547; x_wconf 90' lang='lat' dir='ltr'>nostrae</span> <span class='ocrx_word' id='word_1_311' title='bbox 293 2507 465 2557; x_wconf 88' lang='lat' dir='ltr'>litterae,</span> <span class='ocrx_word' id='word_1_312' title='bbox 498 2508 629 2547; x_wconf 90' lang='lat' dir='ltr'>satius</span> <span class='ocrx_word' id='word_1_313' title='bbox 660 2509 792 2545; x_wconf 84' lang='lat' dir='ltr'>tacere</span> <span class='ocrx_word' id='word_1_314' title='bbox 822 2505 921 2544; x_wconf 85' lang='lat' dir='ltr'>duxi</span> <span class='ocrx_word' id='word_1_315' title='bbox 954 2519 1078 2556; x_wconf 89' lang='lat' dir='ltr'>quam</span> <span class='ocrx_word' id='word_1_316' title='bbox 1110 2506 1265 2556; x_wconf 85' lang='lat' dir='ltr'>aliquid</span> <span class='ocrx_word' id='word_1_317' title='bbox 1298 2506 1474 2545; x_wconf 87' lang='lat' dir='ltr'>scribere</span> <span class='ocrx_word' id='word_1_318' title='bbox 1503 2505 1685 2545; x_wconf 86' lang='lat' dir='ltr'>liberius.</span> 
     </span>
     <span class='ocr_line' id='line_1_36' title="bbox 101 2570 1685 2624; baseline -0.002 -12"><span class='ocrx_word' id='word_1_319' title='bbox 101 2572 230 2612; x_wconf 87' lang='lat' dir='ltr'>Miror</span> <span class='ocrx_word' id='word_1_320' title='bbox 257 2573 438 2612; x_wconf 88' lang='lat' dir='ltr'>Fabrum</span> <span class='ocrx_word' id='word_1_321' title='bbox 466 2574 687 2624; x_wconf 88' lang='lat' dir='ltr'>quicquam</span> <span class='ocrx_word' id='word_1_322' title='bbox 716 2571 766 2610; x_wconf 94' lang='lat' dir='ltr'>de</span> <span class='ocrx_word' id='word_1_323' title='bbox 794 2573 836 2609; x_wconf 87' lang='lat' dir='ltr'>te</span> <span class='ocrx_word' id='word_1_324' title='bbox 864 2570 930 2610; x_wconf 90' lang='lat' dir='ltr'>vel</span> <span class='ocrx_word' id='word_1_325' title='bbox 957 2570 1003 2609; x_wconf 90' lang='lat' dir='ltr'>in</span> <span class='ocrx_word' id='word_1_326' title='bbox 1031 2573 1072 2609; x_wconf 87' lang='lat' dir='ltr'>te</span> <span class='ocrx_word' id='word_1_327' title='bbox 1101 2584 1195 2609; x_wconf 90' lang='lat' dir='ltr'>cum</span> <span class='ocrx_word' id='word_1_328' title='bbox 1222 2571 1438 2610; x_wconf 84' lang='lat' dir='ltr'>stomacho</span> <span class='ocrx_word' id='word_1_329' title='bbox 1464 2571 1685 2621; x_wconf 86' lang='lat' dir='ltr'>scripsisse.</span> 
     </span>
     <span class='ocr_line' id='line_1_37' title="bbox 102 2636 1751 2687; baseline -0.001 -11"><span class='ocrx_word' id='word_1_330' title='bbox 102 2638 190 2687; x_wconf 86' lang='lat' dir='ltr'>Ego</span> <span class='ocrx_word' id='word_1_331' title='bbox 217 2638 342 2678; x_wconf 89' lang='lat' dir='ltr'>illum</span> <span class='ocrx_word' id='word_1_332' title='bbox 370 2639 549 2678; x_wconf 88' lang='lat' dir='ltr'>conueni</span> <span class='ocrx_word' id='word_1_333' title='bbox 575 2636 747 2676; x_wconf 90' lang='lat' dir='ltr'>Parisiis</span> <span class='ocrx_word' id='word_1_334' title='bbox 774 2638 815 2675; x_wconf 89' lang='lat' dir='ltr'>et</span> <span class='ocrx_word' id='word_1_335' title='bbox 843 2636 1140 2684; x_wconf 84' lang='lat' dir='ltr'>Clicthoueum,</span> <span class='ocrx_word' id='word_1_336' title='bbox 1170 2636 1288 2675; x_wconf 84' lang='lat' dir='ltr'>cuius</span> <span class='ocrx_word' id='word_1_337' title='bbox 1314 2638 1453 2675; x_wconf 88' lang='lat' dir='ltr'>tecum</span> <span class='ocrx_word' id='word_1_338' title='bbox 1481 2636 1688 2675; x_wconf 89' lang='lat' dir='ltr'>amiciciae</span> <span class='ocrx_word' id='word_1_339' title='bbox 1712 2647 1751 2668; x_wconf 91' lang='lat'>20</span> 
     </span>
    </p>
   </div>
   <div class='ocr_carea' id='block_1_8' title="bbox 251 2723 1545 2764">
    <p class='ocr_par' dir='ltr' id='par_1_9' title="bbox 251 2723 1545 2764">
     <span class='ocr_line' id='line_1_38' title="bbox 251 2723 1545 2764; baseline -0.001 -11"><span class='ocrx_word' id='word_1_340' title='bbox 251 2723 326 2755; x_wconf 81' lang='lat'>620.</span> <span class='ocrx_word' id='word_1_341' title='bbox 351 2733 405 2762; x_wconf 88' lang='lat'>42.</span> <span class='ocrx_word' id='word_1_342' title='bbox 432 2724 547 2764; x_wconf 88' lang='lat' dir='ltr'>iisque</span> <span class='ocrx_word' id='word_1_343' title='bbox 562 2726 611 2755; x_wconf 84' lang='lat' dir='ltr'>E:</span> <span class='ocrx_word' id='word_1_344' title='bbox 636 2723 767 2761; x_wconf 89' lang='lat' dir='ltr'>hisque</span> <span class='ocrx_word' id='word_1_345' title='bbox 784 2733 812 2753; x_wconf 90' lang='grc' dir='ltr'>α.</span> <span class='ocrx_word' id='word_1_346' title='bbox 905 2732 957 2760; x_wconf 87' lang='lat'>44.</span> <span class='ocrx_word' id='word_1_347' title='bbox 981 2723 1100 2761; x_wconf 87' lang='lat' dir='ltr'>sicque</span> <span class='ocrx_word' id='word_1_348' title='bbox 1115 2734 1144 2753; x_wconf 87' lang='grc' dir='ltr'>α.</span> <span class='ocrx_word' id='word_1_349' title='bbox 1238 2731 1290 2762; x_wconf 85' lang='lat'>45.</span> <span class='ocrx_word' id='word_1_350' title='bbox 1316 2732 1408 2763; x_wconf 88' lang='lat' dir='ltr'>pene</span> <span class='ocrx_word' id='word_1_351' title='bbox 1424 2732 1483 2752; x_wconf 87' lang='lat' dir='ltr'>om.</span> <span class='ocrx_word' id='word_1_352' title='bbox 1502 2724 1545 2753; x_wconf 89' lang='lat' dir='ltr'>H.</span> 
     </span>
    </p>
   </div>
   <div class='ocr_carea' id='block_1_9' title="bbox 101 2815 1691 2986">
    <p class='ocr_par' dir='ltr' id='par_1_10' title="bbox 102 2815 1689 2899">
     <span class='ocr_line' id='line_1_39' title="bbox 145 2815 1689 2858; baseline -0.001 -12"><span class='ocrx_word' id='word_1_353' title='bbox 145 2816 221 2847; x_wconf 81' lang='lat'>620.</span> <span class='ocrx_word' id='word_1_354' title='bbox 247 2826 299 2854; x_wconf 87' lang='grc'>41.</span> <span class='ocrx_word' id='word_1_355' title='bbox 327 2817 557 2858; x_wconf 87' lang='lat' dir='ltr'>Diomedem]</span> <span class='ocrx_word' id='word_1_356' title='bbox 570 2817 622 2848; x_wconf 81' lang='lat' dir='ltr'>Cf.</span> <span class='ocrx_word' id='word_1_357' title='bbox 637 2816 744 2847; x_wconf 89' lang='lat' dir='ltr'>Hom.</span> <span class='ocrx_word' id='word_1_358' title='bbox 760 2817 804 2845; x_wconf 76' lang='lat'>11.</span> <span class='ocrx_word' id='word_1_359' title='bbox 826 2815 856 2846; x_wconf 92' lang='lat'>6.</span> <span class='ocrx_word' id='word_1_360' title='bbox 972 2826 1002 2854; x_wconf 88' lang='lat'>9.</span> <span class='ocrx_word' id='word_1_361' title='bbox 1027 2815 1191 2856; x_wconf 86' lang='lat' dir='ltr'>ducatos]</span> <span class='ocrx_word' id='word_1_362' title='bbox 1207 2815 1240 2846; x_wconf 89' lang='lat' dir='ltr'>A</span> <span class='ocrx_word' id='word_1_363' title='bbox 1255 2815 1337 2855; x_wconf 89' lang='lat' dir='ltr'>gold</span> <span class='ocrx_word' id='word_1_364' title='bbox 1353 2815 1460 2847; x_wconf 84' lang='lat' dir='ltr'>ducat</span> <span class='ocrx_word' id='word_1_365' title='bbox 1476 2824 1549 2846; x_wconf 86' lang='lat' dir='ltr'>was</span> <span class='ocrx_word' id='word_1_366' title='bbox 1572 2815 1689 2846; x_wconf 87' lang='lat' dir='ltr'>worth</span> 
     </span>
     <span class='ocr_line' id='line_1_40' title="bbox 102 2858 1687 2899; baseline -0.002 -9"><span class='ocrx_word' id='word_1_367' title='bbox 102 2861 212 2899; x_wconf 86' lang='lat'>235,6.</span> <span class='ocrx_word' id='word_1_368' title='bbox 929 2869 948 2888; x_wconf 86' lang='lat'><strong>2</strong></span> <span class='ocrx_word' id='word_1_369' title='bbox 964 2858 1046 2898; x_wconf 86' lang='lat' dir='ltr'>gold</span> <span class='ocrx_word' id='word_1_370' title='bbox 1062 2859 1187 2890; x_wconf 82' lang='lat' dir='ltr'>florius</span> <span class='ocrx_word' id='word_1_371' title='bbox 1200 2869 1208 2897; x_wconf 89' lang='lat'><strong>;</strong></span> <span class='ocrx_word' id='word_1_372' title='bbox 1224 2869 1281 2889; x_wconf 84' lang='lat' dir='ltr'>see</span> <span class='ocrx_word' id='word_1_373' title='bbox 1293 2869 1340 2890; x_wconf 87' lang='lat' dir='ltr'>an</span> <span class='ocrx_word' id='word_1_374' title='bbox 1353 2859 1546 2890; x_wconf 87' lang='lat' dir='ltr'>ordinance</span> <span class='ocrx_word' id='word_1_375' title='bbox 1559 2859 1597 2889; x_wconf 89' lang='lat' dir='ltr'>of</span> <span class='ocrx_word' id='word_1_376' title='bbox 1607 2867 1687 2897; x_wconf 87' lang='lat'><strong>1521</strong></span> 
     </span>
    </p>

    <p class='ocr_par' dir='ltr' id='par_1_11' title="bbox 101 2901 1691 2986">
     <span class='ocr_line' id='line_1_41' title="bbox 146 2901 1691 2944; baseline 0 -12"><span class='ocrx_word' id='word_1_377' title='bbox 146 2903 222 2933; x_wconf 84' lang='grc'>621.</span> <span class='ocrx_word' id='word_1_378' title='bbox 239 2912 270 2942; x_wconf 84' lang='lat'>5.</span> <span class='ocrx_word' id='word_1_379' title='bbox 296 2903 457 2944; x_wconf 85' lang='lat' dir='ltr'>Insulas]</span> <span class='ocrx_word' id='word_1_380' title='bbox 472 2904 562 2935; x_wconf 92' lang='lat' dir='ltr'>Lille</span> <span class='ocrx_word' id='word_1_381' title='bbox 578 2915 586 2943; x_wconf 92' lang='lat'>;</span> <span class='ocrx_word' id='word_1_382' title='bbox 610 2903 653 2934; x_wconf 84' lang='lat' dir='ltr'>cf.</span> <span class='ocrx_word' id='word_1_383' title='bbox 664 2904 806 2935; x_wconf 86' lang='lat' dir='ltr'>Brewer</span> <span class='ocrx_word' id='word_1_384' title='bbox 822 2904 859 2936; x_wconf 86' lang='lat' dir='ltr'>ii.</span> <span class='ocrx_word' id='word_1_385' title='bbox 929 2901 1061 2941; x_wconf 88' lang='lat' dir='ltr'>quoted</span> <span class='ocrx_word' id='word_1_386' title='bbox 1075 2903 1120 2942; x_wconf 86' lang='lat' dir='ltr'>by</span> <span class='ocrx_word' id='word_1_387' title='bbox 1136 2902 1352 2942; x_wconf 85' lang='lat' dir='ltr'>Deschamps</span> <span class='ocrx_word' id='word_1_388' title='bbox 1368 2902 1412 2933; x_wconf 88' lang='lat' dir='ltr'>de</span> <span class='ocrx_word' id='word_1_389' title='bbox 1429 2903 1506 2943; x_wconf 86' lang='lat' dir='ltr'>Pas,</span> <span class='ocrx_word' id='word_1_390' title='bbox 1525 2904 1594 2933; x_wconf 83' lang='lat' dir='ltr'>Rev.</span> <span class='ocrx_word' id='word_1_391' title='bbox 1614 2904 1691 2939; x_wconf 76' lang='lat' dir='ltr'>belqe</span> 
     </span>
     <span class='ocr_line' id='line_1_42' title="bbox 101 2946 1471 2986; baseline -0.001 -9"><span class='ocrx_word' id='word_1_392' title='bbox 101 2955 200 2986; x_wconf 84' lang='lat'>3379.</span> <span class='ocrx_word' id='word_1_393' title='bbox 931 2948 967 2976; x_wconf 81' lang='lat' dir='ltr'>de</span> <span class='ocrx_word' id='word_1_394' title='bbox 979 2948 1230 2985; x_wconf 81' lang='lat' dir='ltr'>numismatique,</span> <span class='ocrx_word' id='word_1_395' title='bbox 1252 2947 1344 2985; x_wconf 91' lang='lat'>1876,</span> <span class='ocrx_word' id='word_1_396' title='bbox 1366 2955 1399 2985; x_wconf 91' lang='lat' dir='ltr'>p.</span> <span class='ocrx_word' id='word_1_397' title='bbox 1419 2946 1471 2976; x_wconf 88' lang='lat'>82.</span> 
     </span>
    </p>
   </div>
   <div class='ocr_carea' id='block_1_10' title="bbox 102 2988 1690 3073">
    <p class='ocr_par' dir='ltr' id='par_1_12' title="bbox 102 2988 1690 3073">
     <span class='ocr_line' id='line_1_43' title="bbox 189 2988 1690 3030; baseline -0.002 -10"><span class='ocrx_word' id='word_1_398' title='bbox 189 2991 335 3020; x_wconf 89' lang='lat' dir='ltr'>centum</span> <span class='ocrx_word' id='word_1_399' title='bbox 384 2989 549 3030; x_wconf 87' lang='lat' dir='ltr'>florenos]</span> <span class='ocrx_word' id='word_1_400' title='bbox 601 2990 713 3022; x_wconf 85' lang='lat' dir='ltr'>These</span> <span class='ocrx_word' id='word_1_401' title='bbox 765 3000 864 3021; x_wconf 89' lang='lat' dir='ltr'>men·</span> <span class='ocrx_word' id='word_1_402' title='bbox 977 2998 1026 3020; x_wconf 90' lang='lat'>11.</span> <span class='ocrx_word' id='word_1_403' title='bbox 1052 2988 1214 3030; x_wconf 85' lang='lat' dir='ltr'>domino]</span> <span class='ocrx_word' id='word_1_404' title='bbox 1243 2989 1291 3020; x_wconf 93' lang='lat' dir='ltr'>Le</span> <span class='ocrx_word' id='word_1_405' title='bbox 1319 2989 1486 3028; x_wconf 82' lang='lat' dir='ltr'>Sauvage.</span> <span class='ocrx_word' id='word_1_406' title='bbox 1534 2989 1601 3020; x_wconf 81' lang='lat' dir='ltr'>For</span> <span class='ocrx_word' id='word_1_407' title='bbox 1627 2988 1690 3019; x_wconf 89' lang='lat' dir='ltr'>the</span> 
     </span>
     <span class='ocr_line' id='line_1_44' title="bbox 102 3032 1511 3073; baseline 0.001 -11"><span class='ocrx_word' id='word_1_408' title='bbox 102 3032 225 3066; x_wconf 83' lang='lat' dir='ltr'>tioned</span> <span class='ocrx_word' id='word_1_409' title='bbox 243 3033 282 3064; x_wconf 90' lang='lat' dir='ltr'>in</span> <span class='ocrx_word' id='word_1_410' title='bbox 299 3032 322 3064; x_wconf 91' lang='lat'>1.</span> <span class='ocrx_word' id='word_1_411' title='bbox 342 3033 373 3065; x_wconf 88' lang='lat'>8.</span> <span class='ocrx_word' id='word_1_412' title='bbox 932 3034 1154 3064; x_wconf 80' lang='lat' dir='ltr'>transaction</span> <span class='ocrx_word' id='word_1_413' title='bbox 1170 3042 1228 3064; x_wconf 88' lang='lat' dir='ltr'>see</span> <span class='ocrx_word' id='word_1_414' title='bbox 1244 3033 1307 3073; x_wconf 90' lang='lat' dir='ltr'>Ep.</span> <span class='ocrx_word' id='word_1_415' title='bbox 1323 3041 1398 3072; x_wconf 90' lang='lat'>597.</span> <span class='ocrx_word' id='word_1_416' title='bbox 1418 3033 1460 3063; x_wconf 84' lang='lat'>26</span> <span class='ocrx_word' id='word_1_417' title='bbox 1475 3042 1511 3064; x_wconf 88' lang='lat' dir='ltr'>n.</span> 
     </span>
    </p>
   </div>
  </div>
 </body>
</html>
