<?xml version="1.0" encoding="UTF-8"?>
<!DOCTYPE html PUBLIC "-//W3C//DTD XHTML 1.0 Transitional//EN"
    "http://www.w3.org/TR/xhtml1/DTD/xhtml1-transitional.dtd">
<html xmlns="http://www.w3.org/1999/xhtml" xml:lang="en" lang="en">
 <head>
  <title>
</title>
<meta http-equiv="Content-Type" content="text/html;charset=utf-8" />
  <meta name='ocr-system' content='tesseract 3.04.00' />
  <meta name='ocr-capabilities' content='ocr_page ocr_carea ocr_par ocr_line ocrx_word'/>
</head>
<body>
  <div class='ocr_page' id='page_1' title='image "./opusepistolarumd03erasuoft_0358.png"; bbox 0 0 2034 3433; ppageno 0'>
   <div class='ocr_carea' id='block_1_1' title="bbox 185 2455 223 2476">
    <p class='ocr_par' dir='ltr' id='par_1_1' title="bbox 185 2455 223 2476">
     <span class='ocr_line' id='line_1_1' title="bbox 185 2455 223 2476; baseline 0.026 -1"><span class='ocrx_word' id='word_1_1' title='bbox 185 2455 223 2476; x_wconf 87' lang='lat'>10</span> 
     </span>
    </p>
   </div>
   <div class='ocr_carea' id='block_1_2' title="bbox 189 2780 224 2810">
    <p class='ocr_par' dir='ltr' id='par_1_2' title="bbox 189 2780 224 2810">
     <span class='ocr_line' id='line_1_2' title="bbox 189 2780 224 2810; baseline 0 0"><span class='ocrx_word' id='word_1_2' title='bbox 189 2780 224 2810; x_wconf 84' lang='lat'>15</span> 
     </span>
    </p>
   </div>
   <div class='ocr_carea' id='block_1_3' title="bbox 238 100 1833 155">
    <p class='ocr_par' dir='ltr' id='par_1_3' title="bbox 238 100 1833 155">
     <span class='ocr_line' id='line_1_3' title="bbox 238 100 1833 155; baseline -0.007 -5"><span class='ocrx_word' id='word_1_3' title='bbox 238 113 320 150; x_wconf 75' lang='lat'>312</span> <span class='ocrx_word' id='word_1_4' title='bbox 700 107 950 148; x_wconf 83' lang='lat' dir='ltr'><strong>LETTERS</strong></span> <span class='ocrx_word' id='word_1_5' title='bbox 990 106 1060 143; x_wconf 89' lang='lat' dir='ltr'>OF</span> <span class='ocrx_word' id='word_1_6' title='bbox 1098 103 1365 142; x_wconf 82' lang='lat' dir='ltr'>ERASMUS</span> <span class='ocrx_word' id='word_1_7' title='bbox 1706 100 1833 155; x_wconf 87' lang='lat'><strong>[1518</strong></span> 
     </span>
    </p>
   </div>
   <div class='ocr_carea' id='block_1_4' title="bbox 238 206 1837 397">
    <p class='ocr_par' dir='ltr' id='par_1_4' title="bbox 238 206 1837 397">
     <span class='ocr_line' id='line_1_4' title="bbox 238 206 1837 266; baseline -0.007 -10"><span class='ocrx_word' id='word_1_8' title='bbox 238 216 435 255; x_wconf 80' lang='lat' dir='ltr'>soeliciori</span> <span class='ocrx_word' id='word_1_9' title='bbox 456 228 580 266; x_wconf 86' lang='lat' dir='ltr'>quam</span> <span class='ocrx_word' id='word_1_10' title='bbox 602 213 712 264; x_wconf 89' lang='lat' dir='ltr'>quod</span> <span class='ocrx_word' id='word_1_11' title='bbox 733 224 815 251; x_wconf 83' lang='lat' dir='ltr'>vna</span> <span class='ocrx_word' id='word_1_12' title='bbox 841 208 1090 249; x_wconf 86' lang='lat' dir='ltr'>tam-multa</span> <span class='ocrx_word' id='word_1_13' title='bbox 1114 211 1266 257; x_wconf 88' lang='lat' dir='ltr'>tanque</span> <span class='ocrx_word' id='word_1_14' title='bbox 1291 206 1445 245; x_wconf 82' lang='lat' dir='ltr'>eximia</span> <span class='ocrx_word' id='word_1_15' title='bbox 1470 206 1639 255; x_wconf 89' lang='lat' dir='ltr'>pietatis</span> <span class='ocrx_word' id='word_1_16' title='bbox 1664 206 1837 256; x_wconf 88' lang='lat' dir='ltr'>pignora</span> 
     </span>
     <span class='ocr_line' id='line_1_5' title="bbox 239 271 1836 332; baseline -0.008 -11"><span class='ocrx_word' id='word_1_17' title='bbox 239 283 395 332; x_wconf 82' lang='lat' dir='ltr'>gremio</span> <span class='ocrx_word' id='word_1_18' title='bbox 411 295 484 319; x_wconf 92' lang='lat' dir='ltr'>suo</span> <span class='ocrx_word' id='word_1_19' title='bbox 499 277 810 328; x_wconf 81' lang='lat' dir='ltr'>complectitur3</span> <span class='ocrx_word' id='word_1_20' title='bbox 840 275 1027 314; x_wconf 88' lang='lat' dir='ltr'>foelicior</span> <span class='ocrx_word' id='word_1_21' title='bbox 1043 274 1169 312; x_wconf 87' lang='lat' dir='ltr'>etiam</span> <span class='ocrx_word' id='word_1_22' title='bbox 1184 272 1335 319; x_wconf 89' lang='lat' dir='ltr'>futura,</span> <span class='ocrx_word' id='word_1_23' title='bbox 1353 271 1389 310; x_wconf 85' lang='lat' dir='ltr'>si</span> <span class='ocrx_word' id='word_1_24' title='bbox 1403 284 1581 321; x_wconf 89' lang='lat' dir='ltr'>quorum</span> <span class='ocrx_word' id='word_1_25' title='bbox 1597 272 1733 309; x_wconf 88' lang='lat' dir='ltr'>seruat</span> <span class='ocrx_word' id='word_1_26' title='bbox 1747 271 1836 310; x_wconf 86' lang='lat' dir='ltr'>reli-</span> 
     </span>
     <span class='ocr_line' id='line_1_6' title="bbox 238 336 1836 397; baseline -0.006 -13"><span class='ocrx_word' id='word_1_27' title='bbox 238 348 366 397; x_wconf 81' lang='lat' dir='ltr'>quias,</span> <span class='ocrx_word' id='word_1_28' title='bbox 385 359 529 385; x_wconf 86' lang='lat' dir='ltr'>eorum</span> <span class='ocrx_word' id='word_1_29' title='bbox 545 345 722 382; x_wconf 88' lang='lat' dir='ltr'>virtutes</span> <span class='ocrx_word' id='word_1_30' title='bbox 741 341 957 390; x_wconf 79' lang='lat' dir='ltr'>exprimat,</span> <span class='ocrx_word' id='word_1_31' title='bbox 977 341 1017 377; x_wconf 89' lang='lat' dir='ltr'>et</span> <span class='ocrx_word' id='word_1_32' title='bbox 1033 351 1212 388; x_wconf 88' lang='lat' dir='ltr'>quorum</span> <span class='ocrx_word' id='word_1_33' title='bbox 1227 337 1409 387; x_wconf 76' lang='lat' dir='ltr'>possidet</span> <span class='ocrx_word' id='word_1_34' title='bbox 1424 349 1603 386; x_wconf 86' lang='lat' dir='ltr'>corpora,</span> <span class='ocrx_word' id='word_1_35' title='bbox 1621 336 1672 374; x_wconf 92' lang='lat' dir='ltr'>ab</span> <span class='ocrx_word' id='word_1_36' title='bbox 1687 337 1836 375; x_wconf 90' lang='lat' dir='ltr'>horum</span> 
     </span>
    </p>
   </div>
   <div class='ocr_carea' id='block_1_5' title="bbox 201 402 1839 453">
    <p class='ocr_par' dir='ltr' id='par_1_5' title="bbox 201 402 1839 453">
     <span class='ocr_line' id='line_1_7' title="bbox 201 402 1839 453; baseline -0.009 -1"><span class='ocrx_word' id='word_1_37' title='bbox 201 422 215 453; x_wconf 88' lang='grc'>.”</span> <span class='ocrx_word' id='word_1_38' title='bbox 237 414 423 451; x_wconf 85' lang='lat' dir='ltr'>moribus</span> <span class='ocrx_word' id='word_1_39' title='bbox 444 424 528 449; x_wconf 90' lang='lat' dir='ltr'>non</span> <span class='ocrx_word' id='word_1_40' title='bbox 549 410 603 448; x_wconf 87' lang='lat' dir='ltr'>sit</span> <span class='ocrx_word' id='word_1_41' title='bbox 624 408 782 446; x_wconf 85' lang='lat' dir='ltr'>aliena:</span> <span class='ocrx_word' id='word_1_42' title='bbox 809 405 1014 444; x_wconf 89' lang='lat' dir='ltr'>nimirum</span> <span class='ocrx_word' id='word_1_43' title='bbox 1034 404 1071 443; x_wconf 87' lang='lat' dir='ltr'>si</span> <span class='ocrx_word' id='word_1_44' title='bbox 1090 403 1237 441; x_wconf 85' lang='lat' dir='ltr'><strong>Trium</strong></span> <span class='ocrx_word' id='word_1_45' title='bbox 1257 403 1419 452; x_wconf 84' lang='lat' dir='ltr'>Regum</span> <span class='ocrx_word' id='word_1_46' title='bbox 1439 402 1637 452; x_wconf 90' lang='lat' dir='ltr'>pietatem</span> <span class='ocrx_word' id='word_1_47' title='bbox 1663 402 1839 452; x_wconf 85' lang='lat' dir='ltr'>synceri-</span> 
     </span>
    </p>
   </div>
   <div class='ocr_carea' id='block_1_6' title="bbox 236 467 1840 721">
    <p class='ocr_par' dir='ltr' id='par_1_6' title="bbox 236 467 1840 721">
     <span class='ocr_line' id='line_1_8' title="bbox 236 467 1838 526; baseline -0.008 -9"><span class='ocrx_word' id='word_1_48' title='bbox 236 481 321 516; x_wconf 87' lang='lat' dir='ltr'>tate</span> <span class='ocrx_word' id='word_1_49' title='bbox 334 476 544 526; x_wconf 81' lang='lat' dir='ltr'>religionis</span> <span class='ocrx_word' id='word_1_50' title='bbox 558 474 756 520; x_wconf 73' lang='lat' dir='ltr'>imitetur,</span> <span class='ocrx_word' id='word_1_51' title='bbox 774 471 809 509; x_wconf 88' lang='lat' dir='ltr'>si</span> <span class='ocrx_word' id='word_1_52' title='bbox 822 470 1029 510; x_wconf 87' lang='lat' dir='ltr'>Vndecim</span> <span class='ocrx_word' id='word_1_53' title='bbox 1041 469 1207 507; x_wconf 90' lang='lat' dir='ltr'>milium</span> <span class='ocrx_word' id='word_1_54' title='bbox 1219 468 1445 519; x_wconf 87' lang='lat' dir='ltr'>Virginum</span> <span class='ocrx_word' id='word_1_55' title='bbox 1457 467 1656 518; x_wconf 86' lang='lat' dir='ltr'>martyrio</span> <span class='ocrx_word' id='word_1_56' title='bbox 1668 467 1838 517; x_wconf 78' lang='lat' dir='ltr'>dignam</span> 
     </span>
     <span class='ocr_line' id='line_1_9' title="bbox 236 532 1839 592; baseline -0.007 -11"><span class='ocrx_word' id='word_1_57' title='bbox 236 543 461 592; x_wconf 87' lang='lat' dir='ltr'>puritatem</span> <span class='ocrx_word' id='word_1_58' title='bbox 500 540 609 579; x_wconf 85' lang='lat' dir='ltr'>vitae</span> <span class='ocrx_word' id='word_1_59' title='bbox 648 537 871 577; x_wconf 87' lang='lat' dir='ltr'>sobrietate</span> <span class='ocrx_word' id='word_1_60' title='bbox 904 535 1147 583; x_wconf 83' lang='lat' dir='ltr'>aemuletur,</span> <span class='ocrx_word' id='word_1_61' title='bbox 1191 534 1227 572; x_wconf 89' lang='lat' dir='ltr'>si</span> <span class='ocrx_word' id='word_1_62' title='bbox 1268 532 1520 572; x_wconf 84' lang='lat' dir='ltr'>fortissimos</span> <span class='ocrx_word' id='word_1_63' title='bbox 1560 532 1839 571; x_wconf 80' lang='lat' dir='ltr'>adolescentes</span> 
     </span>
     <span class='ocr_line' id='line_1_10' title="bbox 236 597 1840 653; baseline -0.006 -7"><span class='ocrx_word' id='word_1_64' title='bbox 236 608 472 646; x_wconf 83' lang='lat' dir='ltr'>Macabaeos</span> <span class='ocrx_word' id='word_1_65' title='bbox 501 607 542 643; x_wconf 91' lang='lat' dir='ltr'>et</span> <span class='ocrx_word' id='word_1_66' title='bbox 570 603 721 643; x_wconf 88' lang='lat' dir='ltr'>inuicti</span> <span class='ocrx_word' id='word_1_67' title='bbox 752 602 934 653; x_wconf 81' lang='lat' dir='ltr'>pectoris</span> <span class='ocrx_word' id='word_1_68' title='bbox 960 600 1195 650; x_wconf 83' lang='lat' dir='ltr'>viraginem</span> <span class='ocrx_word' id='word_1_69' title='bbox 1232 599 1365 638; x_wconf 84' lang='lat' dir='ltr'>animi</span> <span class='ocrx_word' id='word_1_70' title='bbox 1402 598 1571 637; x_wconf 84' lang='lat' dir='ltr'>infracti</span> <span class='ocrx_word' id='word_1_71' title='bbox 1606 597 1840 637; x_wconf 86' lang='lat' dir='ltr'>constantia</span> 
     </span>
     <span class='ocr_line' id='line_1_11' title="bbox 236 664 1840 721; baseline -0.006 -10"><span class='ocrx_word' id='word_1_72' title='bbox 236 673 392 710; x_wconf 85' lang='lat' dir='ltr'>referat.</span> <span class='ocrx_word' id='word_1_73' title='bbox 453 673 591 721; x_wconf 88' lang='lat' dir='ltr'>Atque</span> <span class='ocrx_word' id='word_1_74' title='bbox 611 670 720 708; x_wconf 90' lang='lat' dir='ltr'>hanc</span> <span class='ocrx_word' id='word_1_75' title='bbox 739 682 838 707; x_wconf 89' lang='lat' dir='ltr'>sane</span> <span class='ocrx_word' id='word_1_76' title='bbox 857 667 1074 706; x_wconf 88' lang='lat' dir='ltr'>meliorem</span> <span class='ocrx_word' id='word_1_77' title='bbox 1101 664 1338 704; x_wconf 85' lang='lat' dir='ltr'>foelicitatis</span> <span class='ocrx_word' id='word_1_78' title='bbox 1364 678 1463 704; x_wconf 90' lang='lat' dir='ltr'>suae</span> <span class='ocrx_word' id='word_1_79' title='bbox 1487 664 1724 715; x_wconf 87' lang='lat' dir='ltr'>portionem</span> <span class='ocrx_word' id='word_1_80' title='bbox 1750 664 1840 714; x_wconf 91' lang='lat' dir='ltr'>ipsa</span> 
     </span>
    </p>
   </div>
   <div class='ocr_carea' id='block_1_7' title="bbox 176 732 1133 786">
    <p class='ocr_par' dir='ltr' id='par_1_7' title="bbox 176 732 1133 786">
     <span class='ocr_line' id='line_1_12' title="bbox 176 732 1133 786; baseline -0.007 -10"><span class='ocrx_word' id='word_1_81' title='bbox 176 749 190 778; x_wconf 73' lang='lat'>3</span> <span class='ocrx_word' id='word_1_82' title='bbox 235 738 313 776; x_wconf 79' lang='lat' dir='ltr'>sibi</span> <span class='ocrx_word' id='word_1_83' title='bbox 333 738 398 776; x_wconf 88' lang='lat' dir='ltr'>vel</span> <span class='ocrx_word' id='word_1_84' title='bbox 419 736 561 786; x_wconf 82' lang='lat' dir='ltr'>largiri</span> <span class='ocrx_word' id='word_1_85' title='bbox 580 736 727 785; x_wconf 90' lang='lat' dir='ltr'>potest,</span> <span class='ocrx_word' id='word_1_86' title='bbox 751 734 816 773; x_wconf 91' lang='lat' dir='ltr'>vel</span> <span class='ocrx_word' id='word_1_87' title='bbox 834 732 1133 782; x_wconf 86' lang='lat' dir='ltr'>conduplicare.</span> 
     </span>
    </p>
   </div>
   <div class='ocr_carea' id='block_1_8' title="bbox 234 793 1840 983">
    <p class='ocr_par' dir='ltr' id='par_1_8' title="bbox 234 793 1840 983">
     <span class='ocr_line' id='line_1_13' title="bbox 288 793 1840 853; baseline -0.006 -12"><span class='ocrx_word' id='word_1_88' title='bbox 288 803 349 841; x_wconf 93' lang='lat' dir='ltr'>Tu</span> <span class='ocrx_word' id='word_1_89' title='bbox 371 815 505 853; x_wconf 83' lang='lat' dir='ltr'>perge,</span> <span class='ocrx_word' id='word_1_90' title='bbox 529 801 638 852; x_wconf 85' lang='lat' dir='ltr'>quod</span> <span class='ocrx_word' id='word_1_91' title='bbox 658 800 768 848; x_wconf 89' lang='lat' dir='ltr'>facis,</span> <span class='ocrx_word' id='word_1_92' title='bbox 791 802 1028 848; x_wconf 90' lang='lat' dir='ltr'>martyrum</span> <span class='ocrx_word' id='word_1_93' title='bbox 1047 796 1298 835; x_wconf 87' lang='lat' dir='ltr'>illustranda</span> <span class='ocrx_word' id='word_1_94' title='bbox 1316 795 1449 846; x_wconf 87' lang='lat' dir='ltr'>gloria</span> <span class='ocrx_word' id='word_1_95' title='bbox 1467 795 1593 834; x_wconf 91' lang='lat' dir='ltr'>simul</span> <span class='ocrx_word' id='word_1_96' title='bbox 1614 797 1654 833; x_wconf 89' lang='lat' dir='ltr'>et</span> <span class='ocrx_word' id='word_1_97' title='bbox 1669 793 1840 834; x_wconf 87' lang='lat' dir='ltr'>virtutis</span> 
     </span>
     <span class='ocr_line' id='line_1_14' title="bbox 235 860 1838 917; baseline -0.005 -11"><span class='ocrx_word' id='word_1_98' title='bbox 235 868 442 917; x_wconf 85' lang='lat' dir='ltr'>exemplar</span> <span class='ocrx_word' id='word_1_99' title='bbox 462 867 618 905; x_wconf 88' lang='lat' dir='ltr'>efficere</span> <span class='ocrx_word' id='word_1_100' title='bbox 639 864 973 904; x_wconf 89' lang='lat' dir='ltr'>commendatius</span> <span class='ocrx_word' id='word_1_101' title='bbox 993 866 1035 901; x_wconf 89' lang='lat' dir='ltr'>et</span> <span class='ocrx_word' id='word_1_102' title='bbox 1055 863 1169 901; x_wconf 86' lang='lat' dir='ltr'>vrbis</span> <span class='ocrx_word' id='word_1_103' title='bbox 1197 863 1357 901; x_wconf 87' lang='lat' dir='ltr'>vestrae</span> <span class='ocrx_word' id='word_1_104' title='bbox 1380 861 1538 901; x_wconf 83' lang='lat' dir='ltr'>famam</span> <span class='ocrx_word' id='word_1_105' title='bbox 1568 860 1838 899; x_wconf 86' lang='lat' dir='ltr'>illustriorem</span> 
     </span>
     <span class='ocr_line' id='line_1_15' title="bbox 234 929 1096 983; baseline -0.006 -11"><span class='ocrx_word' id='word_1_106' title='bbox 234 934 598 983; x_wconf 75' lang='lat' dir='ltr'>augustioremque</span> <span class='ocrx_word' id='word_1_107' title='bbox 620 931 798 970; x_wconf 86' lang='lat' dir='ltr'>reddere.</span> <span class='ocrx_word' id='word_1_108' title='bbox 858 929 973 968; x_wconf 87' lang='lat' dir='ltr'>Bene</span> <span class='ocrx_word' id='word_1_109' title='bbox 992 929 1096 968; x_wconf 88' lang='lat' dir='ltr'>vale.</span> 
     </span>
    </p>
   </div>
   <div class='ocr_carea' id='block_1_9' title="bbox 701 1043 1384 1086">
    <p class='ocr_par' dir='ltr' id='par_1_9' title="bbox 701 1043 1384 1086">
     <span class='ocr_line' id='line_1_16' title="bbox 701 1043 1384 1086; baseline 0 -1"><span class='ocrx_word' id='word_1_110' title='bbox 701 1047 799 1086; x_wconf 72' lang='lat'>843.</span> <span class='ocrx_word' id='word_1_111' title='bbox 861 1044 925 1086; x_wconf 91' lang='lat' dir='ltr'>To</span> <span class='ocrx_word' id='word_1_112' title='bbox 957 1043 1144 1084; x_wconf 77' lang='lat' dir='ltr'>MARTIN</span> <span class='ocrx_word' id='word_1_113' title='bbox 1178 1043 1384 1085; x_wconf 75' lang='lat' dir='ltr'>Lrpsms.</span> 
     </span>
    </p>
   </div>
   <div class='ocr_carea' id='block_1_10' title="bbox 282 1133 1792 1242">
    <p class='ocr_par' dir='ltr' id='par_1_10' title="bbox 282 1133 1792 1242">
     <span class='ocr_line' id='line_1_17' title="bbox 282 1133 1792 1183; baseline -0.003 -10"><span class='ocrx_word' id='word_1_114' title='bbox 282 1138 503 1174; x_wconf 72' lang='lat' dir='ltr'>Auctarium</span> <span class='ocrx_word' id='word_1_115' title='bbox 521 1150 556 1183; x_wconf 88' lang='lat' dir='ltr'>p.</span> <span class='ocrx_word' id='word_1_116' title='bbox 578 1148 633 1182; x_wconf 84' lang='lat'>99.</span> <span class='ocrx_word' id='word_1_117' title='bbox 1447 1134 1528 1180; x_wconf 86' lang='lat' dir='ltr'>&lt;On</span> <span class='ocrx_word' id='word_1_118' title='bbox 1547 1134 1613 1169; x_wconf 86' lang='lat' dir='ltr'>the</span> <span class='ocrx_word' id='word_1_119' title='bbox 1631 1133 1792 1180; x_wconf 80' lang='lat' dir='ltr'>Rhine.)</span> 
     </span>
     <span class='ocr_line' id='line_1_18' title="bbox 283 1192 1744 1242; baseline -0.003 -10"><span class='ocrx_word' id='word_1_120' title='bbox 283 1197 342 1234; x_wconf 73' lang='lat' dir='ltr'>D2.</span> <span class='ocrx_word' id='word_1_121' title='bbox 360 1210 396 1242; x_wconf 88' lang='lat' dir='ltr'>p.</span> <span class='ocrx_word' id='word_1_122' title='bbox 415 1199 483 1242; x_wconf 86' lang='lat'>98:</span> <span class='ocrx_word' id='word_1_123' title='bbox 512 1196 551 1231; x_wconf 88' lang='lat' dir='ltr'>F.</span> <span class='ocrx_word' id='word_1_124' title='bbox 570 1208 606 1241; x_wconf 85' lang='lat' dir='ltr'>p.</span> <span class='ocrx_word' id='word_1_125' title='bbox 625 1204 713 1239; x_wconf 87' lang='lat'>127:</span> <span class='ocrx_word' id='word_1_126' title='bbox 742 1194 834 1230; x_wconf 91' lang='lat' dir='ltr'>HN:</span> <span class='ocrx_word' id='word_1_127' title='bbox 864 1194 983 1230; x_wconf 88' lang='lat' dir='ltr'>Lond.</span> <span class='ocrx_word' id='word_1_128' title='bbox 1000 1193 1054 1228; x_wconf 88' lang='lat' dir='ltr'>iii.</span> <span class='ocrx_word' id='word_1_129' title='bbox 1077 1203 1116 1228; x_wconf 89' lang='lat'>1:</span> <span class='ocrx_word' id='word_1_130' title='bbox 1142 1193 1216 1228; x_wconf 89' lang='lat' dir='ltr'>LB.</span> <span class='ocrx_word' id='word_1_131' title='bbox 1238 1201 1317 1238; x_wconf 87' lang='lat'>375.</span> <span class='ocrx_word' id='word_1_132' title='bbox 1495 1202 1514 1236; x_wconf 94' lang='lat'><em>7</em></span> <span class='ocrx_word' id='word_1_133' title='bbox 1534 1192 1622 1238; x_wconf 83' lang='lat' dir='ltr'>May</span> <span class='ocrx_word' id='word_1_134' title='bbox 1644 1194 1744 1237; x_wconf 85' lang='lat'>1518.</span> 
     </span>
    </p>
   </div>
   <div class='ocr_carea' id='block_1_11' title="bbox 236 1272 1842 1754">
    <p class='ocr_par' dir='ltr' id='par_1_11' title="bbox 236 1272 1842 1571">
     <span class='ocr_line' id='line_1_19' title="bbox 279 1272 1840 1318; baseline -0.004 -10"><span class='ocrx_word' id='word_1_135' title='bbox 279 1279 353 1318; x_wconf 71' lang='lat' dir='ltr'>[An</span> <span class='ocrx_word' id='word_1_136' title='bbox 372 1278 548 1307; x_wconf 83' lang='lat' dir='ltr'>elaborate</span> <span class='ocrx_word' id='word_1_137' title='bbox 565 1275 668 1316; x_wconf 86' lang='lat' dir='ltr'>reply</span> <span class='ocrx_word' id='word_1_138' title='bbox 684 1277 720 1305; x_wconf 90' lang='lat' dir='ltr'>to</span> <span class='ocrx_word' id='word_1_139' title='bbox 738 1274 834 1305; x_wconf 90' lang='lat' dir='ltr'>Lee’s</span> <span class='ocrx_word' id='word_1_140' title='bbox 851 1274 979 1305; x_wconf 86' lang='lat' dir='ltr'>second</span> <span class='ocrx_word' id='word_1_141' title='bbox 997 1274 1104 1304; x_wconf 86' lang='lat' dir='ltr'>series</span> <span class='ocrx_word' id='word_1_142' title='bbox 1129 1273 1166 1303; x_wconf 89' lang='lat' dir='ltr'>of</span> <span class='ocrx_word' id='word_1_143' title='bbox 1187 1273 1398 1312; x_wconf 84' lang='lat' dir='ltr'>criticisms;</span> <span class='ocrx_word' id='word_1_144' title='bbox 1425 1273 1546 1304; x_wconf 80' lang='lat' dir='ltr'>which</span> <span class='ocrx_word' id='word_1_145' title='bbox 1570 1282 1664 1303; x_wconf 85' lang='lat' dir='ltr'>seem</span> <span class='ocrx_word' id='word_1_146' title='bbox 1688 1275 1726 1303; x_wconf 88' lang='lat' dir='ltr'>to</span> <span class='ocrx_word' id='word_1_147' title='bbox 1749 1272 1840 1303; x_wconf 88' lang='lat' dir='ltr'>have</span> 
     </span>
     <span class='ocr_line' id='line_1_20' title="bbox 236 1316 1840 1360; baseline -0.004 -8"><span class='ocrx_word' id='word_1_148' title='bbox 236 1323 324 1352; x_wconf 81' lang='lat' dir='ltr'>been</span> <span class='ocrx_word' id='word_1_149' title='bbox 342 1320 530 1360; x_wconf 88' lang='lat' dir='ltr'>composed</span> <span class='ocrx_word' id='word_1_150' title='bbox 546 1320 638 1351; x_wconf 82' lang='lat' dir='ltr'>after</span> <span class='ocrx_word' id='word_1_151' title='bbox 656 1318 836 1349; x_wconf 84' lang='lat' dir='ltr'>Erasmus&#39;</span> <span class='ocrx_word' id='word_1_152' title='bbox 854 1319 993 1357; x_wconf 81' lang='lat' dir='ltr'>neglect</span> <span class='ocrx_word' id='word_1_153' title='bbox 1011 1318 1049 1348; x_wconf 81' lang='lat' dir='ltr'>of</span> <span class='ocrx_word' id='word_1_154' title='bbox 1066 1318 1124 1348; x_wconf 87' lang='lat' dir='ltr'>his</span> <span class='ocrx_word' id='word_1_155' title='bbox 1141 1318 1219 1347; x_wconf 89' lang='lat' dir='ltr'>first</span> <span class='ocrx_word' id='word_1_156' title='bbox 1235 1316 1297 1357; x_wconf 81' lang='lat' dir='ltr'>(cf.</span> <span class='ocrx_word' id='word_1_157' title='bbox 1316 1317 1379 1357; x_wconf 90' lang='lat' dir='ltr'>Ep.</span> <span class='ocrx_word' id='word_1_158' title='bbox 1399 1317 1488 1357; x_wconf 83' lang='lat'>750),</span> <span class='ocrx_word' id='word_1_159' title='bbox 1513 1317 1583 1347; x_wconf 83' lang='lat' dir='ltr'>and</span> <span class='ocrx_word' id='word_1_160' title='bbox 1601 1316 1721 1347; x_wconf 88' lang='lat' dir='ltr'>which</span> <span class='ocrx_word' id='word_1_161' title='bbox 1737 1316 1840 1356; x_wconf 80' lang='lat' dir='ltr'>aga-in</span> 
     </span>
     <span class='ocr_line' id='line_1_21' title="bbox 236 1361 1841 1402; baseline -0.003 -6"><span class='ocrx_word' id='word_1_162' title='bbox 236 1365 306 1396; x_wconf 80' lang='lat' dir='ltr'>had</span> <span class='ocrx_word' id='word_1_163' title='bbox 330 1366 421 1395; x_wconf 85' lang='lat' dir='ltr'>been</span> <span class='ocrx_word' id='word_1_164' title='bbox 449 1365 530 1394; x_wconf 81' lang='lat' dir='ltr'>sent</span> <span class='ocrx_word' id='word_1_165' title='bbox 553 1367 589 1394; x_wconf 87' lang='lat' dir='ltr'>to</span> <span class='ocrx_word' id='word_1_166' title='bbox 617 1363 695 1392; x_wconf 88' lang='lat' dir='ltr'>him</span> <span class='ocrx_word' id='word_1_167' title='bbox 724 1363 771 1402; x_wconf 79' lang='lat' dir='ltr'>by</span> <span class='ocrx_word' id='word_1_168' title='bbox 796 1363 959 1402; x_wconf 70' lang='lat' dir='ltr'>LypsiUS.</span> <span class='ocrx_word' id='word_1_169' title='bbox 1007 1362 1061 1393; x_wconf 84' lang='lat' dir='ltr'>Cf.</span> <span class='ocrx_word' id='word_1_170' title='bbox 1086 1371 1111 1393; x_wconf 93' lang='lat'>1.</span> <span class='ocrx_word' id='word_1_171' title='bbox 1137 1371 1169 1401; x_wconf 90' lang='lat' dir='ltr'>p.</span> <span class='ocrx_word' id='word_1_172' title='bbox 1196 1371 1248 1400; x_wconf 87' lang='lat'>23.</span> <span class='ocrx_word' id='word_1_173' title='bbox 1276 1369 1390 1400; x_wconf 85' lang='lat'>15-17.</span> <span class='ocrx_word' id='word_1_174' title='bbox 1439 1361 1599 1401; x_wconf 86' lang='lat' dir='ltr'>Scheurl,</span> <span class='ocrx_word' id='word_1_175' title='bbox 1625 1361 1774 1400; x_wconf 85' lang='lat' dir='ltr'>writing</span> <span class='ocrx_word' id='word_1_176' title='bbox 1803 1361 1841 1391; x_wconf 83' lang='lat' dir='ltr'>to</span> 
     </span>
     <span class='ocr_line' id='line_1_22' title="bbox 237 1403 1841 1448; baseline -0.003 -9"><span class='ocrx_word' id='word_1_177' title='bbox 237 1410 320 1447; x_wconf 79' lang='lat' dir='ltr'>Eck,</span> <span class='ocrx_word' id='word_1_178' title='bbox 337 1418 378 1448; x_wconf 88' lang='lat'>24</span> <span class='ocrx_word' id='word_1_179' title='bbox 392 1409 479 1439; x_wconf 89' lang='lat' dir='ltr'>Nov.</span> <span class='ocrx_word' id='word_1_180' title='bbox 493 1408 585 1447; x_wconf 87' lang='lat'>1518,</span> <span class='ocrx_word' id='word_1_181' title='bbox 601 1408 694 1438; x_wconf 89' lang='lat' dir='ltr'>after</span> <span class='ocrx_word' id='word_1_182' title='bbox 706 1407 768 1437; x_wconf 89' lang='lat' dir='ltr'>the</span> <span class='ocrx_word' id='word_1_183' title='bbox 785 1415 1000 1445; x_wconf 80' lang='lat' dir='ltr'>appearance</span> <span class='ocrx_word' id='word_1_184' title='bbox 1017 1405 1055 1436; x_wconf 87' lang='lat' dir='ltr'>of</span> <span class='ocrx_word' id='word_1_185' title='bbox 1066 1405 1143 1436; x_wconf 86' lang='lat' dir='ltr'>this</span> <span class='ocrx_word' id='word_1_186' title='bbox 1158 1405 1266 1436; x_wconf 86' lang='lat' dir='ltr'>letter</span> <span class='ocrx_word' id='word_1_187' title='bbox 1281 1405 1320 1436; x_wconf 91' lang='lat' dir='ltr'>in</span> <span class='ocrx_word' id='word_1_188' title='bbox 1337 1404 1448 1445; x_wconf 85' lang='lat' dir='ltr'>print,</span> <span class='ocrx_word' id='word_1_189' title='bbox 1468 1404 1642 1444; x_wconf 85' lang='lat' dir='ltr'>supposed</span> <span class='ocrx_word' id='word_1_190' title='bbox 1657 1404 1737 1435; x_wconf 85' lang='lat' dir='ltr'>that</span> <span class='ocrx_word' id='word_1_191' title='bbox 1753 1403 1841 1444; x_wconf 83' lang='lat' dir='ltr'>they</span> 
     </span>
     <span class='ocr_line' id='line_1_23' title="bbox 236 1447 1842 1491; baseline -0.003 -8"><span class='ocrx_word' id='word_1_192' title='bbox 236 1463 329 1483; x_wconf 82' lang='lat' dir='ltr'>were</span> <span class='ocrx_word' id='word_1_193' title='bbox 345 1453 407 1483; x_wconf 83' lang='lat' dir='ltr'>the</span> <span class='ocrx_word' id='word_1_194' title='bbox 423 1451 521 1482; x_wconf 86' lang='lat' dir='ltr'>work</span> <span class='ocrx_word' id='word_1_195' title='bbox 538 1452 576 1482; x_wconf 90' lang='lat' dir='ltr'>of</span> <span class='ocrx_word' id='word_1_196' title='bbox 590 1451 672 1491; x_wconf 77' lang='lat' dir='ltr'>Eek,</span> <span class='ocrx_word' id='word_1_197' title='bbox 686 1450 757 1480; x_wconf 86' lang='lat' dir='ltr'>and</span> <span class='ocrx_word' id='word_1_198' title='bbox 769 1450 848 1480; x_wconf 86' lang='lat' dir='ltr'>that</span> <span class='ocrx_word' id='word_1_199' title='bbox 860 1450 906 1480; x_wconf 89' lang='lat' dir='ltr'>he</span> <span class='ocrx_word' id='word_1_200' title='bbox 920 1450 1097 1480; x_wconf 88' lang='lat' dir='ltr'>therefore</span> <span class='ocrx_word' id='word_1_201' title='bbox 1111 1458 1184 1479; x_wconf 88' lang='lat' dir='ltr'>was</span> <span class='ocrx_word' id='word_1_202' title='bbox 1198 1449 1259 1479; x_wconf 86' lang='lat' dir='ltr'>the</span> <span class='ocrx_word' id='word_1_203' title='bbox 1273 1448 1387 1488; x_wconf 84' lang='lat' dir='ltr'>object</span> <span class='ocrx_word' id='word_1_204' title='bbox 1401 1448 1439 1479; x_wconf 90' lang='lat' dir='ltr'>of</span> <span class='ocrx_word' id='word_1_205' title='bbox 1449 1448 1630 1479; x_wconf 84' lang='lat' dir='ltr'>Erasmus’</span> <span class='ocrx_word' id='word_1_206' title='bbox 1643 1447 1842 1487; x_wconf 87' lang='lat' dir='ltr'>animosity</span> 
     </span>
     <span class='ocr_line' id='line_1_24' title="bbox 239 1491 1842 1536; baseline -0.002 -10"><span class='ocrx_word' id='word_1_207' title='bbox 239 1497 317 1529; x_wconf 67' lang='lat' dir='ltr'>(SE.</span> <span class='ocrx_word' id='word_1_208' title='bbox 343 1495 430 1536; x_wconf 78' lang='lat'>177).</span> <span class='ocrx_word' id='word_1_209' title='bbox 479 1495 565 1525; x_wconf 88' lang='lat' dir='ltr'>Like</span> <span class='ocrx_word' id='word_1_210' title='bbox 582 1495 669 1534; x_wconf 86' lang='lat' dir='ltr'>Epp.</span> <span class='ocrx_word' id='word_1_211' title='bbox 690 1502 763 1534; x_wconf 90' lang='lat'>750,</span> <span class='ocrx_word' id='word_1_212' title='bbox 783 1495 845 1533; x_wconf 89' lang='lat'>807</span> <span class='ocrx_word' id='word_1_213' title='bbox 863 1493 938 1524; x_wconf 82' lang='lat' dir='ltr'>this</span> <span class='ocrx_word' id='word_1_214' title='bbox 954 1492 1061 1524; x_wconf 87' lang='lat' dir='ltr'>letter</span> <span class='ocrx_word' id='word_1_215' title='bbox 1078 1494 1108 1523; x_wconf 80' lang='lat' dir='ltr'>is</span> <span class='ocrx_word' id='word_1_216' title='bbox 1125 1492 1248 1533; x_wconf 89' lang='lat' dir='ltr'>copied</span> <span class='ocrx_word' id='word_1_217' title='bbox 1271 1493 1310 1523; x_wconf 85' lang='lat' dir='ltr'>in</span> <span class='ocrx_word' id='word_1_218' title='bbox 1332 1492 1395 1523; x_wconf 86' lang='lat' dir='ltr'>the</span> <span class='ocrx_word' id='word_1_219' title='bbox 1423 1492 1557 1522; x_wconf 86' lang='lat' dir='ltr'>elusive</span> <span class='ocrx_word' id='word_1_220' title='bbox 1583 1491 1702 1522; x_wconf 85' lang='lat' dir='ltr'>Codex</span> <span class='ocrx_word' id='word_1_221' title='bbox 1728 1491 1842 1522; x_wconf 88' lang='lat' dir='ltr'>Hora-</span> 
     </span>
     <span class='ocr_line' id='line_1_25' title="bbox 237 1541 439 1571; baseline 0.005 -1"><span class='ocrx_word' id='word_1_222' title='bbox 237 1541 439 1571; x_wconf 72' lang='lat' dir='ltr'>witzianuS.</span> 
     </span>
    </p>

    <p class='ocr_par' dir='ltr' id='par_1_12' title="bbox 236 1578 1842 1754">
     <span class='ocr_line' id='line_1_26' title="bbox 283 1578 1837 1622; baseline -0.003 -8"><span class='ocrx_word' id='word_1_223' title='bbox 283 1583 459 1614; x_wconf 81' lang='lat' dir='ltr'>Erasmus’</span> <span class='ocrx_word' id='word_1_224' title='bbox 480 1582 634 1622; x_wconf 84' lang='lat' dir='ltr'>journey</span> <span class='ocrx_word' id='word_1_225' title='bbox 654 1584 690 1612; x_wconf 82' lang='lat' dir='ltr'>to</span> <span class='ocrx_word' id='word_1_226' title='bbox 713 1581 815 1612; x_wconf 89' lang='lat' dir='ltr'>Basle</span> <span class='ocrx_word' id='word_1_227' title='bbox 840 1590 925 1620; x_wconf 81' lang='lat' dir='ltr'>may</span> <span class='ocrx_word' id='word_1_228' title='bbox 945 1581 986 1611; x_wconf 88' lang='lat' dir='ltr'>be</span> <span class='ocrx_word' id='word_1_229' title='bbox 1010 1580 1132 1611; x_wconf 85' lang='lat' dir='ltr'>traced</span> <span class='ocrx_word' id='word_1_230' title='bbox 1154 1579 1313 1620; x_wconf 83' lang='lat' dir='ltr'>through</span> <span class='ocrx_word' id='word_1_231' title='bbox 1335 1579 1440 1619; x_wconf 71' lang='lat' dir='ltr'>Liege</span> <span class='ocrx_word' id='word_1_232' title='bbox 1458 1578 1513 1618; x_wconf 84' lang='lat'>(‘?:</span> <span class='ocrx_word' id='word_1_233' title='bbox 1538 1578 1601 1618; x_wconf 90' lang='lat' dir='ltr'>Ep.</span> <span class='ocrx_word' id='word_1_234' title='bbox 1617 1579 1691 1618; x_wconf 88' lang='lat'>867.</span> <span class='ocrx_word' id='word_1_235' title='bbox 1713 1579 1837 1619; x_wconf 86' lang='lat'>185‚6),</span> 
     </span>
     <span class='ocr_line' id='line_1_27' title="bbox 237 1622 1841 1667; baseline -0.002 -10"><span class='ocrx_word' id='word_1_236' title='bbox 237 1628 395 1667; x_wconf 82' lang='lat' dir='ltr'>Cologne</span> <span class='ocrx_word' id='word_1_237' title='bbox 413 1626 517 1667; x_wconf 89' lang='lat' dir='ltr'>(Epp.</span> <span class='ocrx_word' id='word_1_238' title='bbox 538 1626 612 1665; x_wconf 87' lang='lat'>846,</span> <span class='ocrx_word' id='word_1_239' title='bbox 632 1625 725 1665; x_wconf 64' lang='lat'>852),</span> <span class='ocrx_word' id='word_1_240' title='bbox 741 1624 813 1655; x_wconf 84' lang='lat' dir='ltr'>and</span> <span class='ocrx_word' id='word_1_241' title='bbox 829 1624 947 1655; x_wconf 88' lang='lat' dir='ltr'>Mainz</span> <span class='ocrx_word' id='word_1_242' title='bbox 965 1624 1045 1664; x_wconf 89' lang='lat' dir='ltr'>(Ep.</span> <span class='ocrx_word' id='word_1_243' title='bbox 1064 1624 1143 1664; x_wconf 89' lang='lat'>877)</span> <span class='ocrx_word' id='word_1_244' title='bbox 1159 1635 1166 1662; x_wconf 83' lang='lat'><em>3</em></span> <span class='ocrx_word' id='word_1_245' title='bbox 1189 1623 1261 1654; x_wconf 87' lang='lat' dir='ltr'>and</span> <span class='ocrx_word' id='word_1_246' title='bbox 1282 1624 1337 1654; x_wconf 86' lang='lat' dir='ltr'>for</span> <span class='ocrx_word' id='word_1_247' title='bbox 1355 1633 1450 1654; x_wconf 89' lang='lat' dir='ltr'>some</span> <span class='ocrx_word' id='word_1_248' title='bbox 1467 1625 1546 1663; x_wconf 90' lang='lat' dir='ltr'>part</span> <span class='ocrx_word' id='word_1_249' title='bbox 1563 1622 1601 1653; x_wconf 90' lang='lat' dir='ltr'>of</span> <span class='ocrx_word' id='word_1_250' title='bbox 1617 1623 1680 1653; x_wconf 91' lang='lat' dir='ltr'>the</span> <span class='ocrx_word' id='word_1_251' title='bbox 1698 1632 1775 1663; x_wconf 81' lang='lat' dir='ltr'>way</span> <span class='ocrx_word' id='word_1_252' title='bbox 1795 1623 1841 1654; x_wconf 89' lang='lat' dir='ltr'>he</span> 
     </span>
     <span class='ocr_line' id='line_1_28' title="bbox 237 1667 1842 1710; baseline -0.002 -8"><span class='ocrx_word' id='word_1_253' title='bbox 237 1673 333 1702; x_wconf 83' lang='lat' dir='ltr'>went</span> <span class='ocrx_word' id='word_1_254' title='bbox 357 1671 404 1710; x_wconf 88' lang='lat' dir='ltr'>by</span> <span class='ocrx_word' id='word_1_255' title='bbox 430 1673 538 1700; x_wconf 85' lang='lat' dir='ltr'>water</span> <span class='ocrx_word' id='word_1_256' title='bbox 564 1670 603 1709; x_wconf 85' lang='lat'>(1.</span> <span class='ocrx_word' id='word_1_257' title='bbox 625 1670 691 1708; x_wconf 86' lang='lat'>13).</span> <span class='ocrx_word' id='word_1_258' title='bbox 739 1669 843 1699; x_wconf 81' lang='lat' dir='ltr'>Basle</span> <span class='ocrx_word' id='word_1_259' title='bbox 865 1678 938 1699; x_wconf 86' lang='lat' dir='ltr'>was</span> <span class='ocrx_word' id='word_1_260' title='bbox 963 1668 1116 1699; x_wconf 86' lang='lat' dir='ltr'>reached</span> <span class='ocrx_word' id='word_1_261' title='bbox 1141 1677 1188 1698; x_wconf 90' lang='lat' dir='ltr'>on</span> <span class='ocrx_word' id='word_1_262' title='bbox 1215 1676 1254 1706; x_wconf 82' lang='lat'>13</span> <span class='ocrx_word' id='word_1_263' title='bbox 1279 1667 1361 1707; x_wconf 85' lang='lat' dir='ltr'>May</span> <span class='ocrx_word' id='word_1_264' title='bbox 1385 1667 1488 1707; x_wconf 89' lang='lat' dir='ltr'>(Epp.</span> <span class='ocrx_word' id='word_1_265' title='bbox 1516 1667 1655 1706; x_wconf 83' lang='lat'>847,8);</span> <span class='ocrx_word' id='word_1_266' title='bbox 1687 1667 1842 1707; x_wconf 84' lang='lat' dir='ltr'>perhaps</span> 
     </span>
     <span class='ocr_line' id='line_1_29' title="bbox 236 1710 1842 1754; baseline -0.001 -10"><span class='ocrx_word' id='word_1_267' title='bbox 236 1715 393 1754; x_wconf 78' lang='lat' dir='ltr'>through</span> <span class='ocrx_word' id='word_1_268' title='bbox 409 1713 550 1745; x_wconf 82' lang='lat' dir='ltr'>Colmar</span> <span class='ocrx_word' id='word_1_269' title='bbox 564 1713 685 1754; x_wconf 71' lang='lat' dir='ltr'>&lt;Basle</span> <span class='ocrx_word' id='word_1_270' title='bbox 702 1712 773 1744; x_wconf 82' lang='lat' dir='ltr'>MS.</span> <span class='ocrx_word' id='word_1_271' title='bbox 793 1712 833 1744; x_wconf 85' lang='lat' dir='ltr'>G.</span> <span class='ocrx_word' id='word_1_272' title='bbox 852 1712 901 1743; x_wconf 92' lang='lat' dir='ltr'>II.</span> <span class='ocrx_word' id='word_1_273' title='bbox 918 1722 971 1751; x_wconf 87' lang='lat'>30.</span> <span class='ocrx_word' id='word_1_274' title='bbox 988 1712 1074 1753; x_wconf 77' lang='lat'>144).</span> <span class='ocrx_word' id='word_1_275' title='bbox 1108 1711 1177 1742; x_wconf 86' lang='lat' dir='ltr'>For</span> <span class='ocrx_word' id='word_1_276' title='bbox 1192 1711 1251 1742; x_wconf 88' lang='lat' dir='ltr'>his</span> <span class='ocrx_word' id='word_1_277' title='bbox 1267 1712 1500 1751; x_wconf 87' lang='lat' dir='ltr'>companions</span> <span class='ocrx_word' id='word_1_278' title='bbox 1513 1720 1570 1741; x_wconf 87' lang='lat' dir='ltr'>see</span> <span class='ocrx_word' id='word_1_279' title='bbox 1584 1710 1649 1750; x_wconf 87' lang='lat' dir='ltr'>Ep.</span> <span class='ocrx_word' id='word_1_280' title='bbox 1663 1711 1737 1742; x_wconf 84' lang='lat'>886.</span> <span class='ocrx_word' id='word_1_281' title='bbox 1751 1720 1782 1752; x_wconf 84' lang='lat'>2,</span> <span class='ocrx_word' id='word_1_282' title='bbox 1795 1711 1842 1752; x_wconf 89' lang='lat'>3.]</span> 
     </span>
    </p>
   </div>
   <div class='ocr_carea' id='block_1_12' title="bbox 236 1793 1844 2884">
    <p class='ocr_par' dir='ltr' id='par_1_13' title="bbox 478 1793 1599 1825">
     <span class='ocr_line' id='line_1_30' title="bbox 478 1793 1599 1825; baseline -0.002 -1"><span class='ocrx_word' id='word_1_283' title='bbox 478 1793 681 1825; x_wconf 82' lang='lat' dir='ltr'>ERASMVS</span> <span class='ocrx_word' id='word_1_284' title='bbox 712 1794 1043 1824; x_wconf 78' lang='lat' dir='ltr'>ROTERODAMVS</span> <span class='ocrx_word' id='word_1_285' title='bbox 1074 1793 1281 1823; x_wconf 80' lang='lat' dir='ltr'>MARTINO</span> <span class='ocrx_word' id='word_1_286' title='bbox 1313 1793 1471 1823; x_wconf 83' lang='lat' dir='ltr'>LYPSIO</span> <span class='ocrx_word' id='word_1_287' title='bbox 1503 1793 1534 1823; x_wconf 71' lang='lat' dir='ltr'>S.</span> <span class='ocrx_word' id='word_1_288' title='bbox 1559 1793 1599 1822; x_wconf 90' lang='lat' dir='ltr'>D.</span> 
     </span>
    </p>

    <p class='ocr_par' dir='ltr' id='par_1_14' title="bbox 236 1851 1844 2884">
     <span class='ocr_line' id='line_1_31' title="bbox 292 1851 1843 1902; baseline -0.001 -9"><span class='ocrx_word' id='word_1_289' title='bbox 292 1856 442 1893; x_wconf 59' lang='lat' dir='ltr'>Arnon</span> <span class='ocrx_word' id='word_1_290' title='bbox 458 1854 538 1893; x_wconf 89' lang='lat' dir='ltr'>tibi</span> <span class='ocrx_word' id='word_1_291' title='bbox 553 1854 694 1893; x_wconf 88' lang='lat' dir='ltr'>videor</span> <span class='ocrx_word' id='word_1_292' title='bbox 709 1853 861 1891; x_wconf 76' lang='lat' dir='ltr'>eximie</span> <span class='ocrx_word' id='word_1_293' title='bbox 875 1853 1012 1891; x_wconf 82' lang='lat' dir='ltr'>fortun</span> <span class='ocrx_word' id='word_1_294' title='bbox 1019 1855 1121 1901; x_wconf 86' lang='lat' dir='ltr'>atus,</span> <span class='ocrx_word' id='word_1_295' title='bbox 1137 1854 1203 1890; x_wconf 89' lang='lat' dir='ltr'>cui</span> <span class='ocrx_word' id='word_1_296' title='bbox 1218 1852 1345 1902; x_wconf 89' lang='lat' dir='ltr'>gratis</span> <span class='ocrx_word' id='word_1_297' title='bbox 1360 1851 1542 1901; x_wconf 85' lang='lat' dir='ltr'>obtingit</span> <span class='ocrx_word' id='word_1_298' title='bbox 1559 1852 1667 1900; x_wconf 89' lang='lat' dir='ltr'>quod</span> <span class='ocrx_word' id='word_1_299' title='bbox 1682 1852 1755 1890; x_wconf 87' lang='lat' dir='ltr'>alii</span> <span class='ocrx_word' id='word_1_300' title='bbox 1769 1853 1843 1892; x_wconf 83' lang='lat' dir='ltr'>vix</span> 
     </span>
     <span class='ocr_line' id='line_1_32' title="bbox 236 1916 1844 1970; baseline -0.001 -12"><span class='ocrx_word' id='word_1_301' title='bbox 236 1922 516 1970; x_wconf 77' lang='lat' dir='ltr'>assequuntur</span> <span class='ocrx_word' id='word_1_302' title='bbox 544 1919 678 1957; x_wconf 87' lang='lat' dir='ltr'>multo</span> <span class='ocrx_word' id='word_1_303' title='bbox 704 1920 798 1957; x_wconf 89' lang='lat' dir='ltr'>tum</span> <span class='ocrx_word' id='word_1_304' title='bbox 826 1918 965 1956; x_wconf 84' lang='lat' dir='ltr'>studio</span> <span class='ocrx_word' id='word_1_305' title='bbox 991 1921 1081 1956; x_wconf 89' lang='lat' dir='ltr'>tum</span> <span class='ocrx_word' id='word_1_306' title='bbox 1108 1917 1278 1968; x_wconf 79' lang='lat' dir='ltr'>precio?</span> <span class='ocrx_word' id='word_1_307' title='bbox 1335 1916 1468 1955; x_wconf 88' lang='lat' dir='ltr'>Nemo</span> <span class='ocrx_word' id='word_1_308' title='bbox 1495 1930 1581 1955; x_wconf 92' lang='lat' dir='ltr'>non</span> <span class='ocrx_word' id='word_1_309' title='bbox 1608 1930 1650 1955; x_wconf 87' lang='lat' dir='ltr'>se</span> <span class='ocrx_word' id='word_1_310' title='bbox 1676 1918 1844 1968; x_wconf 86' lang='lat' dir='ltr'>praebet</span> 
     </span>
     <span class='ocr_line' id='line_1_33' title="bbox 238 1982 1844 2035; baseline -0.001 -12"><span class='ocrx_word' id='word_1_311' title='bbox 238 1987 542 2035; x_wconf 86' lang='lat' dir='ltr'>praeceptorem</span> <span class='ocrx_word' id='word_1_312' title='bbox 573 1985 757 2023; x_wconf 90' lang='lat' dir='ltr'>Erasmo.</span> <span class='ocrx_word' id='word_1_313' title='bbox 817 1984 965 2034; x_wconf 89' lang='lat' dir='ltr'>Itaque</span> <span class='ocrx_word' id='word_1_314' title='bbox 999 1996 1163 2022; x_wconf 88' lang='lat' dir='ltr'>necesse</span> <span class='ocrx_word' id='word_1_315' title='bbox 1192 1985 1266 2031; x_wconf 89' lang='lat' dir='ltr'>est,</span> <span class='ocrx_word' id='word_1_316' title='bbox 1304 1982 1350 2021; x_wconf 92' lang='lat' dir='ltr'>ni</span> <span class='ocrx_word' id='word_1_317' title='bbox 1382 1983 1505 2032; x_wconf 90' lang='lat' dir='ltr'>plane</span> <span class='ocrx_word' id='word_1_318' title='bbox 1538 1982 1643 2032; x_wconf 88' lang='lat' dir='ltr'>lapis</span> <span class='ocrx_word' id='word_1_319' title='bbox 1670 1983 1763 2031; x_wconf 87' lang='lat' dir='ltr'>sim,</span> <span class='ocrx_word' id='word_1_320' title='bbox 1796 1986 1844 2022; x_wconf 87' lang='lat' dir='ltr'>vt</span> 
     </span>
     <span class='ocr_line' id='line_1_34' title="bbox 241 2047 1841 2101; baseline 0 -13"><span class='ocrx_word' id='word_1_321' title='bbox 241 2050 464 2101; x_wconf 86' lang='lat' dir='ltr'>aliquando</span> <span class='ocrx_word' id='word_1_322' title='bbox 490 2050 719 2100; x_wconf 89' lang='lat' dir='ltr'>proficiam.</span> <span class='ocrx_word' id='word_1_323' title='bbox 778 2050 857 2088; x_wconf 84' lang='lat' dir='ltr'>Sed</span> <span class='ocrx_word' id='word_1_324' title='bbox 883 2049 926 2086; x_wconf 90' lang='lat' dir='ltr'>in</span> <span class='ocrx_word' id='word_1_325' title='bbox 953 2049 1029 2087; x_wconf 90' lang='lat' dir='ltr'>hoc</span> <span class='ocrx_word' id='word_1_326' title='bbox 1054 2061 1203 2099; x_wconf 90' lang='lat' dir='ltr'>parum</span> <span class='ocrx_word' id='word_1_327' title='bbox 1228 2048 1330 2087; x_wconf 83' lang='lat' dir='ltr'>felix</span> <span class='ocrx_word' id='word_1_328' title='bbox 1354 2047 1499 2086; x_wconf 89' lang='lat' dir='ltr'>haberi</span> <span class='ocrx_word' id='word_1_329' title='bbox 1522 2061 1703 2098; x_wconf 88' lang='lat' dir='ltr'>possum,</span> <span class='ocrx_word' id='word_1_330' title='bbox 1733 2049 1841 2100; x_wconf 91' lang='lat' dir='ltr'>quod</span> 
     </span>
     <span class='ocr_line' id='line_1_35' title="bbox 240 2113 1844 2166; baseline -0.001 -12"><span class='ocrx_word' id='word_1_331' title='bbox 240 2116 310 2154; x_wconf 87' lang='lat' dir='ltr'>isti</span> <span class='ocrx_word' id='word_1_332' title='bbox 339 2115 523 2166; x_wconf 89' lang='lat' dir='ltr'>plerique</span> <span class='ocrx_word' id='word_1_333' title='bbox 552 2116 609 2154; x_wconf 91' lang='lat' dir='ltr'>sic</span> <span class='ocrx_word' id='word_1_334' title='bbox 638 2115 865 2154; x_wconf 83' lang='lat' dir='ltr'>admonent</span> <span class='ocrx_word' id='word_1_335' title='bbox 891 2116 938 2153; x_wconf 88' lang='lat' dir='ltr'>vt</span> <span class='ocrx_word' id='word_1_336' title='bbox 963 2114 1243 2165; x_wconf 85' lang='lat' dir='ltr'>sycophantae</span> <span class='ocrx_word' id='word_1_337' title='bbox 1266 2113 1405 2164; x_wconf 88' lang='lat' dir='ltr'>potius</span> <span class='ocrx_word' id='word_1_338' title='bbox 1425 2126 1551 2163; x_wconf 88' lang='lat' dir='ltr'>quam</span> <span class='ocrx_word' id='word_1_339' title='bbox 1571 2115 1844 2165; x_wconf 87' lang='lat' dir='ltr'>praeceptoris</span> 
     </span>
     <span class='ocr_line' id='line_1_36' title="bbox 240 2179 1843 2231; baseline -0.001 -11"><span class='ocrx_word' id='word_1_340' title='bbox 240 2182 470 2231; x_wconf 79' lang='lat' dir='ltr'>fungantur</span> <span class='ocrx_word' id='word_1_341' title='bbox 490 2181 630 2220; x_wconf 89' lang='lat' dir='ltr'>officio.</span> <span class='ocrx_word' id='word_1_342' title='bbox 690 2181 868 2230; x_wconf 80' lang='lat' dir='ltr'>Quidam</span> <span class='ocrx_word' id='word_1_343' title='bbox 887 2180 965 2218; x_wconf 90' lang='lat' dir='ltr'>hoc</span> <span class='ocrx_word' id='word_1_344' title='bbox 986 2181 1117 2230; x_wconf 89' lang='lat' dir='ltr'>agunt</span> <span class='ocrx_word' id='word_1_345' title='bbox 1137 2193 1222 2219; x_wconf 89' lang='lat' dir='ltr'>non</span> <span class='ocrx_word' id='word_1_346' title='bbox 1242 2182 1290 2219; x_wconf 89' lang='lat' dir='ltr'>vt</span> <span class='ocrx_word' id='word_1_347' title='bbox 1305 2192 1371 2218; x_wconf 90' lang='lat' dir='ltr'>me</span> <span class='ocrx_word' id='word_1_348' title='bbox 1388 2179 1563 2218; x_wconf 89' lang='lat' dir='ltr'>reddant</span> <span class='ocrx_word' id='word_1_349' title='bbox 1577 2179 1843 2219; x_wconf 87' lang='lat' dir='ltr'>eruditiorem</span> 
     </span>
     <span class='ocr_line' id='line_1_37' title="bbox 241 2244 1844 2296; baseline -0.001 -11"><span class='ocrx_word' id='word_1_350' title='bbox 241 2249 312 2285; x_wconf 89' lang='lat' dir='ltr'>aut</span> <span class='ocrx_word' id='word_1_351' title='bbox 339 2247 570 2293; x_wconf 87' lang='lat' dir='ltr'>meliorem,</span> <span class='ocrx_word' id='word_1_352' title='bbox 596 2247 668 2286; x_wconf 89' lang='lat' dir='ltr'>sed</span> <span class='ocrx_word' id='word_1_353' title='bbox 695 2248 741 2284; x_wconf 91' lang='lat' dir='ltr'>vt</span> <span class='ocrx_word' id='word_1_354' title='bbox 768 2245 888 2284; x_wconf 88' lang='lat' dir='ltr'>nobis</span> <span class='ocrx_word' id='word_1_355' title='bbox 911 2245 1125 2285; x_wconf 88' lang='lat' dir='ltr'>commissi</span> <span class='ocrx_word' id='word_1_356' title='bbox 1145 2244 1312 2295; x_wconf 87' lang='lat' dir='ltr'>aliquod</span> <span class='ocrx_word' id='word_1_357' title='bbox 1331 2244 1485 2296; x_wconf 88' lang='lat' dir='ltr'>gloriae</span> <span class='ocrx_word' id='word_1_358' title='bbox 1503 2244 1746 2294; x_wconf 86' lang='lat' dir='ltr'>choragium</span> <span class='ocrx_word' id='word_1_359' title='bbox 1764 2244 1844 2284; x_wconf 89' lang='lat' dir='ltr'>sibi</span> 
     </span>
     <span class='ocr_line' id='line_1_38' title="bbox 241 2309 1843 2361; baseline -0.001 -11"><span class='ocrx_word' id='word_1_360' title='bbox 241 2315 456 2350; x_wconf 87' lang='lat' dir='ltr'>venentur.</span> <span class='ocrx_word' id='word_1_361' title='bbox 516 2312 721 2351; x_wconf 86' lang='lat' dir='ltr'>Saeuiunt</span> <span class='ocrx_word' id='word_1_362' title='bbox 741 2325 897 2359; x_wconf 79' lang='lat' dir='ltr'>omneS,</span> <span class='ocrx_word' id='word_1_363' title='bbox 921 2311 992 2349; x_wconf 87' lang='lat' dir='ltr'>sed</span> <span class='ocrx_word' id='word_1_364' title='bbox 1013 2311 1122 2350; x_wconf 91' lang='lat' dir='ltr'>nulli</span> <span class='ocrx_word' id='word_1_365' title='bbox 1140 2312 1275 2361; x_wconf 89' lang='lat' dir='ltr'>magis</span> <span class='ocrx_word' id='word_1_366' title='bbox 1295 2323 1422 2360; x_wconf 89' lang='lat' dir='ltr'>quam</span> <span class='ocrx_word' id='word_1_367' title='bbox 1442 2310 1514 2360; x_wconf 92' lang='lat' dir='ltr'>qui</span> <span class='ocrx_word' id='word_1_368' title='bbox 1540 2309 1651 2348; x_wconf 87' lang='lat' dir='ltr'>nihil</span> <span class='ocrx_word' id='word_1_369' title='bbox 1673 2311 1843 2349; x_wconf 91' lang='lat' dir='ltr'>omnino</span> 
     </span>
     <span class='ocr_line' id='line_1_39' title="bbox 242 2375 1842 2427; baseline -0.002 -11"><span class='ocrx_word' id='word_1_370' title='bbox 242 2378 383 2416; x_wconf 87' lang='lat' dir='ltr'>docere</span> <span class='ocrx_word' id='word_1_371' title='bbox 403 2379 589 2427; x_wconf 89' lang='lat' dir='ltr'>possunt.</span> <span class='ocrx_word' id='word_1_372' title='bbox 641 2377 758 2425; x_wconf 78' lang='lat' dir='ltr'>Quod</span> <span class='ocrx_word' id='word_1_373' title='bbox 778 2377 907 2416; x_wconf 85' lang='lat' dir='ltr'>facere</span> <span class='ocrx_word' id='word_1_374' title='bbox 933 2376 1068 2415; x_wconf 89' lang='lat' dir='ltr'>solent</span> <span class='ocrx_word' id='word_1_375' title='bbox 1087 2376 1258 2415; x_wconf 88' lang='lat' dir='ltr'>clamosi</span> <span class='ocrx_word' id='word_1_376' title='bbox 1284 2375 1455 2426; x_wconf 90' lang='lat' dir='ltr'>quidam</span> <span class='ocrx_word' id='word_1_377' title='bbox 1474 2376 1516 2413; x_wconf 93' lang='lat' dir='ltr'>et</span> <span class='ocrx_word' id='word_1_378' title='bbox 1535 2375 1695 2424; x_wconf 85' lang='lat' dir='ltr'>plagosi</span> <span class='ocrx_word' id='word_1_379' title='bbox 1713 2376 1842 2425; x_wconf 88' lang='lat' dir='ltr'>magi-</span> 
     </span>
     <span class='ocr_line' id='line_1_40' title="bbox 241 2439 1843 2493; baseline -0.001 -13"><span class='ocrx_word' id='word_1_380' title='bbox 241 2443 328 2490; x_wconf 86' lang='lat' dir='ltr'>stri,</span> <span class='ocrx_word' id='word_1_381' title='bbox 367 2442 590 2493; x_wconf 87' lang='lat' dir='ltr'>discipulos</span> <span class='ocrx_word' id='word_1_382' title='bbox 626 2442 989 2480; x_wconf 79' lang='lat' dir='ltr'>excarnificantes:</span> <span class='ocrx_word' id='word_1_383' title='bbox 1032 2454 1136 2490; x_wconf 90' lang='lat' dir='ltr'>quos</span> <span class='ocrx_word' id='word_1_384' title='bbox 1176 2442 1320 2480; x_wconf 88' lang='lat' dir='ltr'>tamen</span> <span class='ocrx_word' id='word_1_385' title='bbox 1358 2439 1465 2478; x_wconf 88' lang='lat' dir='ltr'>nihil</span> <span class='ocrx_word' id='word_1_386' title='bbox 1498 2439 1642 2478; x_wconf 89' lang='lat' dir='ltr'>docere</span> <span class='ocrx_word' id='word_1_387' title='bbox 1669 2443 1843 2490; x_wconf 87' lang='lat' dir='ltr'>possunt</span> 
     </span>
     <span class='ocr_line' id='line_1_41' title="bbox 242 2505 1844 2558; baseline -0.002 -11"><span class='ocrx_word' id='word_1_388' title='bbox 242 2511 399 2558; x_wconf 83' lang='lat' dir='ltr'>praeter</span> <span class='ocrx_word' id='word_1_389' title='bbox 428 2509 649 2547; x_wconf 90' lang='lat' dir='ltr'>illiteratas</span> <span class='ocrx_word' id='word_1_390' title='bbox 677 2521 722 2546; x_wconf 87' lang='lat' dir='ltr'>ac</span> <span class='ocrx_word' id='word_1_391' title='bbox 749 2520 847 2545; x_wconf 88' lang='lat' dir='ltr'>mox</span> <span class='ocrx_word' id='word_1_392' title='bbox 873 2507 1140 2545; x_wconf 88' lang='lat' dir='ltr'>dediscendas</span> <span class='ocrx_word' id='word_1_393' title='bbox 1165 2506 1321 2545; x_wconf 86' lang='lat' dir='ltr'>literas.</span> <span class='ocrx_word' id='word_1_394' title='bbox 1380 2505 1497 2553; x_wconf 81' lang='lat' dir='ltr'>Quod</span> <span class='ocrx_word' id='word_1_395' title='bbox 1525 2518 1655 2555; x_wconf 88' lang='lat' dir='ltr'>genus</span> <span class='ocrx_word' id='word_1_396' title='bbox 1679 2507 1741 2544; x_wconf 89' lang='lat' dir='ltr'>est</span> <span class='ocrx_word' id='word_1_397' title='bbox 1766 2506 1844 2544; x_wconf 87' lang='lat' dir='ltr'>iste</span> 
     </span>
     <span class='ocr_line' id='line_1_42' title="bbox 243 2570 1840 2620; baseline -0.003 -8"><span class='ocrx_word' id='word_1_398' title='bbox 243 2573 360 2612; x_wconf 75' lang='lat' dir='ltr'>cuius</span> <span class='ocrx_word' id='word_1_399' title='bbox 389 2573 582 2612; x_wconf 90' lang='lat' dir='ltr'>libellum</span> <span class='ocrx_word' id='word_1_400' title='bbox 609 2573 660 2611; x_wconf 90' lang='lat' dir='ltr'>ad</span> <span class='ocrx_word' id='word_1_401' title='bbox 687 2586 755 2611; x_wconf 90' lang='lat' dir='ltr'>me</span> <span class='ocrx_word' id='word_1_402' title='bbox 782 2572 966 2619; x_wconf 83' lang='lat' dir='ltr'>misisti3</span> <span class='ocrx_word' id='word_1_403' title='bbox 994 2574 1083 2609; x_wconf 90' lang='lat' dir='ltr'>tam</span> <span class='ocrx_word' id='word_1_404' title='bbox 1109 2570 1324 2609; x_wconf 88' lang='lat' dir='ltr'>indoctum</span> <span class='ocrx_word' id='word_1_405' title='bbox 1344 2572 1389 2609; x_wconf 89' lang='lat' dir='ltr'>vt</span> <span class='ocrx_word' id='word_1_406' title='bbox 1409 2583 1477 2608; x_wconf 90' lang='lat' dir='ltr'>me</span> <span class='ocrx_word' id='word_1_407' title='bbox 1495 2570 1678 2620; x_wconf 89' lang='lat' dir='ltr'>piguerit</span> <span class='ocrx_word' id='word_1_408' title='bbox 1696 2571 1840 2620; x_wconf 89' lang='lat' dir='ltr'>legere,</span> 
     </span>
     <span class='ocr_line' id='line_1_43' title="bbox 242 2635 1843 2687; baseline -0.002 -10"><span class='ocrx_word' id='word_1_409' title='bbox 242 2642 328 2677; x_wconf 85' lang='lat' dir='ltr'>tam</span> <span class='ocrx_word' id='word_1_410' title='bbox 368 2639 590 2677; x_wconf 88' lang='lat' dir='ltr'>ridiculum</span> <span class='ocrx_word' id='word_1_411' title='bbox 628 2640 674 2677; x_wconf 86' lang='lat' dir='ltr'>vt</span> <span class='ocrx_word' id='word_1_412' title='bbox 711 2651 798 2677; x_wconf 89' lang='lat' dir='ltr'>non</span> <span class='ocrx_word' id='word_1_413' title='bbox 835 2636 1044 2687; x_wconf 90' lang='lat' dir='ltr'>potuerim</span> <span class='ocrx_word' id='word_1_414' title='bbox 1081 2650 1166 2675; x_wconf 90' lang='lat' dir='ltr'>non</span> <span class='ocrx_word' id='word_1_415' title='bbox 1205 2635 1351 2686; x_wconf 85' lang='lat' dir='ltr'>legere,</span> <span class='ocrx_word' id='word_1_416' title='bbox 1389 2636 1462 2675; x_wconf 88' lang='lat' dir='ltr'>sed</span> <span class='ocrx_word' id='word_1_417' title='bbox 1497 2635 1609 2673; x_wconf 87' lang='lat' dir='ltr'>inter</span> <span class='ocrx_word' id='word_1_418' title='bbox 1646 2636 1843 2686; x_wconf 86' lang='lat' dir='ltr'>nauigan-</span> 
     </span>
     <span class='ocr_line' id='line_1_44' title="bbox 244 2701 1843 2751; baseline -0.003 -8"><span class='ocrx_word' id='word_1_419' title='bbox 244 2705 356 2743; x_wconf 87' lang='lat' dir='ltr'>dum.</span> <span class='ocrx_word' id='word_1_420' title='bbox 436 2705 654 2743; x_wconf 88' lang='lat' dir='ltr'>Insaniam</span> <span class='ocrx_word' id='word_1_421' title='bbox 687 2706 829 2742; x_wconf 90' lang='lat' dir='ltr'>autem</span> <span class='ocrx_word' id='word_1_422' title='bbox 867 2716 964 2741; x_wconf 88' lang='lat' dir='ltr'>cum</span> <span class='ocrx_word' id='word_1_423' title='bbox 1002 2702 1086 2751; x_wconf 88' lang='lat' dir='ltr'>illo,</span> <span class='ocrx_word' id='word_1_424' title='bbox 1129 2702 1166 2740; x_wconf 87' lang='lat' dir='ltr'>si</span> <span class='ocrx_word' id='word_1_425' title='bbox 1202 2701 1358 2740; x_wconf 87' lang='lat' dir='ltr'>talibus</span> <span class='ocrx_word' id='word_1_426' title='bbox 1397 2701 1682 2751; x_wconf 89' lang='lat' dir='ltr'>sycophantiis</span> <span class='ocrx_word' id='word_1_427' title='bbox 1719 2713 1843 2740; x_wconf 90' lang='lat' dir='ltr'>coner</span> 
     </span>
     <span class='ocr_line' id='line_1_45' title="bbox 245 2766 1839 2819; baseline -0.001 -13"><span class='ocrx_word' id='word_1_428' title='bbox 245 2770 501 2819; x_wconf 88' lang='lat' dir='ltr'>respondere.</span> <span class='ocrx_word' id='word_1_429' title='bbox 557 2769 637 2808; x_wconf 84' lang='lat' dir='ltr'>Sed</span> <span class='ocrx_word' id='word_1_430' title='bbox 657 2769 863 2808; x_wconf 86' lang='lat' dir='ltr'>annotabo</span> <span class='ocrx_word' id='word_1_431' title='bbox 883 2767 1062 2818; x_wconf 87' lang='lat' dir='ltr'>singulis</span> <span class='ocrx_word' id='word_1_432' title='bbox 1081 2766 1218 2806; x_wconf 90' lang='lat' dir='ltr'>verbis</span> <span class='ocrx_word' id='word_1_433' title='bbox 1236 2766 1403 2816; x_wconf 86' lang='lat' dir='ltr'>singula</span> <span class='ocrx_word' id='word_1_434' title='bbox 1421 2766 1666 2805; x_wconf 88' lang='lat' dir='ltr'>naeniarum</span> <span class='ocrx_word' id='word_1_435' title='bbox 1693 2766 1839 2817; x_wconf 88' lang='lat' dir='ltr'>capita,</span> 
     </span>
     <span class='ocr_line' id='line_1_46' title="bbox 244 2834 1025 2884; baseline 0 -13"><span class='ocrx_word' id='word_1_436' title='bbox 244 2835 300 2872; x_wconf 85' lang='lat' dir='ltr'>sic</span> <span class='ocrx_word' id='word_1_437' title='bbox 322 2836 377 2884; x_wconf 87' lang='lat' dir='ltr'>vt,</span> <span class='ocrx_word' id='word_1_438' title='bbox 400 2836 433 2873; x_wconf 86' lang='lat' dir='ltr'>si</span> <span class='ocrx_word' id='word_1_439' title='bbox 453 2834 569 2884; x_wconf 89' lang='lat' dir='ltr'>libet,</span> <span class='ocrx_word' id='word_1_440' title='bbox 592 2836 634 2873; x_wconf 92' lang='lat' dir='ltr'>et</span> <span class='ocrx_word' id='word_1_441' title='bbox 655 2847 875 2873; x_wconf 88' lang='lat' dir='ltr'>numerare</span> <span class='ocrx_word' id='word_1_442' title='bbox 894 2834 1025 2872; x_wconf 86' lang='lat' dir='ltr'>liceat.</span> 
     </span>
    </p>
   </div>
   <div class='ocr_carea' id='block_1_13' title="bbox 245 2928 1842 3012">
    <p class='ocr_par' dir='ltr' id='par_1_15' title="bbox 245 2928 1842 3012">
     <span class='ocr_line' id='line_1_47' title="bbox 289 2928 1842 2968; baseline -0.001 -9"><span class='ocrx_word' id='word_1_443' title='bbox 289 2930 362 2961; x_wconf 77' lang='lat'>842.</span> <span class='ocrx_word' id='word_1_444' title='bbox 390 2940 440 2968; x_wconf 82' lang='lat'>31.</span> <span class='ocrx_word' id='word_1_445' title='bbox 466 2932 504 2961; x_wconf 90' lang='lat' dir='ltr'>in</span> <span class='ocrx_word' id='word_1_446' title='bbox 521 2934 594 2962; x_wconf 75' lang='lat' dir='ltr'>add.</span> <span class='ocrx_word' id='word_1_447' title='bbox 613 2932 636 2965; x_wconf 88' lang='grc' dir='ltr'>β</span> <span class='ocrx_word' id='word_1_448' title='bbox 648 2934 717 2968; x_wconf 75' lang='lat' dir='ltr'>post</span> <span class='ocrx_word' id='word_1_449' title='bbox 731 2930 831 2961; x_wconf 89' lang='lat' dir='ltr'>facis.</span> <span class='ocrx_word' id='word_1_450' title='bbox 1009 2928 1083 2959; x_wconf 80' lang='lat'>843.</span> <span class='ocrx_word' id='word_1_451' title='bbox 1108 2937 1170 2960; x_wconf 73' lang='grc' dir='ltr'>ΤΠ.</span> <span class='ocrx_word' id='word_1_452' title='bbox 1195 2937 1351 2959; x_wconf 70' lang='lat' dir='ltr'>MARTJNO</span> <span class='ocrx_word' id='word_1_453' title='bbox 1380 2938 1501 2959; x_wconf 72' lang='lat' dir='ltr'>LYPsro</span> <span class='ocrx_word' id='word_1_454' title='bbox 1524 2931 1579 2958; x_wconf 92' lang='lat' dir='ltr'>H:</span> <span class='ocrx_word' id='word_1_455' title='bbox 1618 2936 1765 2959; x_wconf 73' lang='lat' dir='ltr'>N.AM100</span> <span class='ocrx_word' id='word_1_456' title='bbox 1797 2935 1842 2957; x_wconf 74' lang='lat' dir='ltr'>Ex</span> 
     </span>
     <span class='ocr_line' id='line_1_48' title="bbox 245 2972 1198 3012; baseline 0 -9"><span class='ocrx_word' id='word_1_457' title='bbox 245 2982 358 3004; x_wconf 72' lang='lat' dir='ltr'>ANIMO</span> <span class='ocrx_word' id='word_1_458' title='bbox 376 2982 520 3005; x_wconf 62' lang='lat' dir='ltr'>numero</span> <span class='ocrx_word' id='word_1_459' title='bbox 538 2977 574 3005; x_wconf 86' lang='lat' dir='ltr'>D.</span> <span class='ocrx_word' id='word_1_460' title='bbox 712 2984 739 3012; x_wconf 89' lang='lat'>7.</span> <span class='ocrx_word' id='word_1_461' title='bbox 767 2973 870 3004; x_wconf 87' lang='lat' dir='ltr'>nobis</span> <span class='ocrx_word' id='word_1_462' title='bbox 886 2976 932 3004; x_wconf 87' lang='lat' dir='ltr'>D:</span> <span class='ocrx_word' id='word_1_463' title='bbox 959 2972 1143 3003; x_wconf 83' lang='lat' dir='ltr'>nobiseum</span> <span class='ocrx_word' id='word_1_464' title='bbox 1162 2974 1198 3003; x_wconf 86' lang='lat' dir='ltr'>F.</span> 
     </span>
    </p>
   </div>
  </div>
 </body>
</html>
