2034 3433
297 182 377 221 418
755 182 1005 222 LETTERS
1043 182 1113 221 OF
1151 182 1418 223 ERASMUS
1760 181 1803 236 [1
1812 195 1857 232 51
1866 186 1888 221 8

242 299 280 322 ιο
352 285 431 332 Sed
447 285 551 325 heus
567 288 624 333 tn,
640 284 786 323 vinum
803 283 909 322 illud
925 283 1134 322 rubellum
1148 284 1252 323 mire
1266 285 1425 335 placuit
1439 287 1565 324 naute
1578 286 1710 333 vxori,
1725 285 1891 324 mulieri

298 363 551 389 mammosae
584 348 856 398 bibosaeque:
900 349 1001 387 adeo
1030 351 1076 387 vt
1109 363 1206 399 sepe
1238 350 1443 400 appellata
1474 350 1584 389 nulli
1605 351 1784 390 voluerit
1815 351 1890 390 im·

299 415 461 464 partire.
521 415 675 453 Hausit
703 413 873 461 affatim,
895 415 966 453 sed
993 427 1091 453 mox
1117 415 1169 454 ad
1194 428 1318 455 arma.
1380 415 1594 455 Ancillam
1618 428 1722 466 pene
1742 415 1892 455 oceidit

299 480 462 529 magnis
499 479 758 518 coclearibus,
817 479 965 529 Pugna
997 480 1068 518 vix
1104 482 1265 530 poterat
1303 481 1454 520 dirimi.
1514 480 1613 519 Mox
1649 493 1812 531 egressa
1847 480 1893 519 in

301 558 511 583 summam
545 557 696 583 nauem
730 545 929 583 maritum
961 545 1211 595 aggreditur,
1236 547 1275 583 et
1303 545 1531 596 periculum
1565 548 1652 584 erat
1685 559 1738 585 ne
1770 545 1893 585 illum

242 626 278 656 15
300 623 320 647 e
340 609 438 648 naui
458 610 499 647 in
522 609 718 648 Rhenum
737 610 1005 660 praecipitem
1025 611 1150 649 daret.
1208 610 1351 649 Habes
1370 611 1460 649 vini
1479 611 1542 649 tui
1562 611 1785 661 energiam.

351 674 621 725 Tragoediam
634 675 840 713 malorum
854 689 1042 714 meorum
1056 689 1106 714 ex
1118 675 1223 714 meis
1238 676 1289 715 ad
1301 676 1480 715 Beatum
1492 676 1645 715 litteris
1658 689 1890 727 cognosces,

301 741 337 778 si
375 740 497 779 modo
530 740 691 778 vacabit
729 740 874 791 legere.
934 741 1050 780 Bene
1087 741 1186 789 vale,
1228 741 1293 780 vir
1330 742 1470 780 animo
1508 754 1602 780 meo
1640 741 1892 781 charissime.

300 805 568 851 D.‚Ioannem
581 805 849 854 Flaminium,
862 807 1002 845 virum
1013 806 1225 846 eruditum
1241 819 1416 858 vereque
1432 806 1670 847 Christiane
1684 806 1890 857 puritatis,

300 884 390 910 meo
409 871 579 910 nomine
600 871 745 910 saluta.

242 954 281 976 20
355 936 528 975 Louanii
553 949 599 984 14
621 935 758 976 Galen.
783 937 956 977 Nouem.
980 951 1089 977 anno
1110 951 1151 977 M.
1163 952 1200 977 D.
1232 942 1290 976 18.

1275 1025 1475 1065 Erasmus
1494 1038 1546 1063 ex
1564 1024 1706 1064 animo
1726 1026 1838 1063 tuus.

708 1145 803 1184 880.
865 1144 929 1186 To
959 1145 1249 1200 (THEODORIC
1279 1145 1428 1187 ZOBEL
1440 1146 1489 1199 2).

345 1233 535 1270 Deventer
550 1233 627 1269 MS.
647 1244 703 1279 91,
720 1235 745 1269 f.
766 1245 805 1271 21
828 1240 878 1270 v0.
1585 1234 1763 1271 Louvain.

347 1292 418 1328 LB.
436 1292 531 1338 App.
553 1303 632 1338 290.
1506 1303 1548 1339 19
1566 1293 1729 1330 October
1748 1293 1850 1338 1518.

345 1373 469 1414 [From
484 1373 548 1405 the
563 1375 742 1414 greetings
760 1376 797 1405 to
817 1375 916 1406 John
936 1376 974 1406 of
989 1375 1212 1416 WVestphalia
1229 1376 1307 1416 (Ep.
1329 1376 1403 1414 867.
1420 1376 1522 1416 43—5)
1545 1376 1574 1406 it
1597 1384 1710 1406 seems
1730 1374 1898 1414 probable

302 1417 381 1447 that
398 1417 461 1447 the
478 1427 605 1457 person
620 1417 704 1448 here
720 1418 912 1450 addressed
930 1419 1068 1450 resided
1085 1422 1120 1450 at
1135 1420 1266 1451 Mainz.
1301 1419 1339 1450 If
1352 1420 1428 1451 this
1443 1420 1624 1450 inference
1642 1420 1673 1449 is
1688 1419 1833 1457 correct,
1851 1417 1897 1449 he

302 1470 385 1500 may
399 1461 442 1491 be
457 1461 635 1501 certainly
650 1462 839 1493 identified
854 1462 947 1494 with
962 1463 1024 1494 the
1042 1473 1157 1494 canon
1173 1464 1250 1495 into
1263 1463 1382 1495 whose
1395 1464 1506 1494 house
1519 1462 1691 1493 Erasmus
1702 1471 1775 1493 was
1787 1461 1897 1493 taken

303 1504 380 1544 (Ep.
399 1505 474 1543 867.
490 1505 547 1543 38*
565 1516 572 1535 ε
595 1505 747 1545 perhaps
763 1506 955 1537 Theodoric
973 1507 1078 1538 Zobel
1095 1507 1175 1547 (Ep.
1193 1517 1268 1547 919.
1286 1517 1329 1547 50
1341 1506 1427 1548 11.),]

357 1581 399 1620 S.
413 1581 460 1620 P.
489 1583 693 1632 Agnosco,
715 1582 780 1621 vir
809 1583 1073 1622 ornatissime
1100 1583 1307 1635 <animum
1334 1597 1432 1634 erga
1459 1598 1526 1623 me
1555 1572 1707 1634 tuum),
1729 1583 1800 1634 qui
1829 1595 1898 1622 me

307 1647 430 1685 toties
462 1649 504 1685 et
537 1647 695 1687 ornasti
722 1650 793 1686 tuo
823 1648 953 1688 officio
981 1651 1023 1688 et
1051 1649 1306 1699 benignitate
1339 1650 1496 1688 fouisti.
1557 1648 1665 1697 Quid
1697 1662 1745 1688 ea
1774 1661 1899 1688 coena

304 1712 475 1751 suauius
489 1714 509 1751 ⁵?
550 1712 649 1763 quid
684 1712 923 1753 conditius?
978 1715 1012 1754 Ο
1048 1728 1183 1754 mores
1221 1728 1316 1754 vere
1350 1715 1554 1762 candidos,
1577 1727 1600 1753 o
1620 1713 1899 1754 eruditionem

305 1778 514 1827 supercilii
546 1778 727 1817 nesciam
744 1780 754 1818 Ξ
811 1780 891 1828 Qui
921 1793 1019 1819 vero
1053 1781 1260 1820 sermonis
1291 1781 1355 1819 tui
1392 1780 1518 1830 lepos,
1552 1793 1632 1830 que
1669 1779 1898 1829 elegantia!

265 1859 283 1890 5
304 1843 540 1882 Romanum
568 1844 783 1883 hominem
812 1845 928 1896 loqui
956 1848 1134 1896 putares.
1194 1846 1304 1885 Eant
1332 1859 1444 1884 nunc
1473 1844 1573 1884 Itali
1604 1847 1646 1883 et
1680 1844 1901 1884 Germanis

306 1909 536 1948 barbariem
556 1909 819 1960 opprobrent.
877 1911 1149 1962 Tragoediam
1170 1912 1376 1951 malorum
1396 1925 1585 1951 meorum
1606 1923 1827 1960 cognosces
1847 1924 1900 1951 ex

307 1974 479 2024 epistola
506 1975 557 2014 ad
588 1976 765 2014 Beatum
794 1989 911 2025 mea3
940 1990 1065 2027 quam
1093 1977 1243 2016 lectam
1270 1977 1417 2016 reddes
1446 1977 1544 2016 huic
1562 1977 1716 2025 iuueni,
1737 1980 1786 2018 vt
1803 1976 1900 2017 aliis

309 2053 469 2091 quoque
489 2041 620 2090 possit
641 2042 866 2081 ostendere.
928 2042 1044 2081 Nihil
1063 2043 1107 2081 in
1128 2056 1174 2082 ea
1193 2043 1349 2082 falsum
1370 2042 1493 2092 leges.
1544 2042 1692 2082 Deerat
1712 2043 1791 2082 hoc
1809 2045 1897 2082 tam

306 2106 440 2145 multa
465 2119 596 2155 passo
659 2107 740 2145 Hic
768 2120 904 2146 annus
933 2108 1039 2147 mihi
1068 2108 1188 2159 nigro
1215 2108 1370 2146 calculo
1398 2108 1608 2147 notandus
1635 2110 1710 2158 est,
1735 2108 1772 2148 si
1794 2107 1902 2160 quis·

248 2190 286 2213 10
308 2185 431 2221 quam
451 2174 514 2211 est
533 2171 652 2211 alius.
711 2173 823 2211 Bene
843 2173 945 2212 vale.
998 2173 1141 2213 Saluta
1159 2174 1437 2224 Wesphalum
1458 2176 1662 2214 nostrum.

360 2237 544 2277 Louanii.
573 2250 619 2284 14
640 2237 779 2278 Calen.
804 2237 1006 2277 Nouemb.
1031 2240 1113 2278 An.
1138 2252 1228 2279 M.D.
1254 2241 1312 2278 18.

1290 2294 1487 2333 Erasmus
1506 2306 1557 2332 ex
1575 2293 1715 2332 animo
1734 2295 1843 2334 tuus.

689 2413 782 2453 88].
843 2412 906 2453 ΤΟ
938 2412 1064 2454 JOHN
1096 2412 1520 2454 LoNfflcAMPIANUS.

353 2500 536 2537 Deventer
555 2500 630 2535 MS.
651 2511 706 2546 91,
726 2502 750 2537 f.
773 2512 826 2538 22.
1566 2503 1741 2539 Louvain.

354 2559 426 2593 LB.
446 2559 541 2604 App.
563 2570 642 2605 293.
1458 2572 1503 2597 20
1521 2561 1681 2597 October
1700 2560 1855 2608 (1518).

352 2628 464 2669 [John
481 2629 804 2669 Longicampianus
823 2631 854 2669 (ἲ)
871 2630 1119 2670 Langenteld),
1144 2641 1163 2662 a
1182 2631 1360 2661 Bavarian
1380 2631 1461 2671 (†10
1480 2630 1602 2662 March
1622 2631 1732 2670 1529),
1753 2639 1901 2671 appears

309 2671 385 2702 first
401 2682 430 2703 c.
448 2672 533 2703 Nov.
556 2674 648 2711 1516,
668 2673 774 2704 when
799 2674 844 2704 he
860 2674 989 2705 visited
1015 2674 1184 2705 Erasmus
1207 2676 1243 2705 at
1268 2675 1440 2715 Brussels,
1459 2674 1601 2714 coming
1624 2674 1717 2705 from
1739 2674 1900 2705 Louvain

310 2715 398 2745 with
409 2725 429 2746 a
439 2715 546 2746 letter
558 2717 596 2746 of
609 2717 854 2747 'introduct-ion
867 2717 960 2748 from
974 2718 1070 2758 Dorp
1085 2718 1160 2758 (Ep.
1177 2719 1269 2757 496).
1303 2718 1473 2749 Erasmus
1485 2720 1565 2749 sent
1577 2718 1654 2748 him
1668 2728 1713 2748 on
1726 2719 1762 2748 to
1774 2718 1902 2758 Lyster
1962 2735 1965 2737 ·

310 2760 346 2787 at
358 2758 498 2799 Zwolle,
512 2759 631 2790 where
649 2760 693 2790 he
711 2760 854 2791 worked
871 2763 907 2792 at.
920 2761 1035 2792 Greek
1049 2761 1119 2791 and
1134 2761 1387 2792 mathematics
1401 2762 1503 2802 (Epp.
1517 2771 1592 2800 500,
1607 2761 1699 2800 504).
1739 2761 1785 2792 In
1801 2761 1898 2801 Sept.

354 2843 426 2873 879.
457 2853 504 2874 11.
542 2844 729 2883 impartire
751 2844 810 2875 01²:
841 2846 988 2885 imparti
1011 2845 1056 2877 al.
1261 2855 1311 2884 13.
1338 2845 1373 2875 in
1400 2855 1578 2876 summam
1602 2854 1735 2876 nauem
1757 2847 1833 2877 add.
1857 2845 1902 2876 H.

315 2895 363 2922 14.
389 2896 432 2916 ne
448 2890 521 2917 add.
541 2886 583 2917 αἳ.
721 2888 768 2919 18.
797 2889 838 2919 D.
855 2899 912 2920 om.
932 2892 974 2920 H.
1067 2888 1287 2919 Flaminium
1303 2892 1377 2920 add.
1394 2891 1436 2919 H.
1571 2898 1622 2920 21.
1648 2889 1816 2919 Erasmus
1831 2911 1841 2920 .
1860 2910 1869 2918 .
1888 2910 1896 2918 .

311 2932 394 2958 tuus
411 2940 467 2961 om.
486 2933 523 2963 E.
659 2931 733 2963 880.
764 2941 789 2962 1.
817 2932 1001 2964 animum.
1022 2956 1028 2963 .
1049 2956 1056 2963 .
1077 2935 1179 2963 tuum
1196 2934 1330 2965 addidi,-
1353 2934 1392 2972 cf.
1412 2935 1471 2969 Ep.
1489 2932 1563 2963 881.
1583 2933 1614 2963 6.

354 3027 426 3057 879.
458 3037 506 3057 11.
531 3029 761 3069 nmmniosae]
779 3029 899 3060 Labor.
918 3041 969 3067 ast.
989 3030 1081 3062 Gell.
1099 3039 1128 3069 3.
1152 3038 1198 3060 12.
1394 3031 1441 3061 16.
1467 3029 1511 3061 ad
1528 3029 1696 3071 Beatum]
1715 3029 1777 3069 Ep.
1795 3029 1872 3067 867.
