2034 3433
329 164 408 201 604
797 159 1047 200 LETTERS
1083 159 1154 198 OF
1189 158 1456 199 ERASMUS
1798 156 1837 210 [1
1845 168 1867 207 5
1877 169 1892 194 1
1902 171 1923 205 9

330 266 702 306 reuerendissimus
730 265 958 314 Episcopus
986 277 1033 302 ac
1059 264 1260 313 Princeps
1289 262 1553 303 Leodiensis:
1594 274 1685 300 eam
1715 274 1798 301 vna
1829 275 1926 301 cum

330 332 580 371 nomismate
613 330 663 368 ad
699 329 822 368 illum
860 329 969 375 misi,
995 342 1070 367 nec
1108 331 1250 379 postea
1287 329 1407 368 licuit
1440 327 1659 367 hominem
1691 327 1922 366 conuenire.

272 410 311 432 10
330 396 533 447 Quicquid
552 395 718 442 fauoris,
743 394 939 445 quicquid
963 394 1247 444 benignitatis,
1271 394 1465 444 quicquid
1486 392 1682 444 praesidii
1699 391 1928 431 illustrissi-

330 476 423 501 mus
451 462 547 500 Dux
575 460 783 511 impendit
811 460 1039 498 euehendis
1067 459 1237 510 optimis
1265 459 1426 506 studiis,
1444 459 1487 497 id
1516 458 1562 497 in
1582 471 1648 496 me
1667 456 1930 508 peculiariter

329 527 528 567 collatum
564 525 753 565 arbitror.
812 525 931 564 Nihil
968 525 1013 562 in
1050 526 1154 563 Iona
1198 524 1393 575 conspexi
1432 524 1541 573 quod
1579 537 1664 562 non
1697 522 1820 562 vnice
1863 534 1930 560 me

329 591 553 631 delectarit.
614 592 683 630 Ita
720 604 786 629 me
825 591 938 629 Deus
976 591 1080 629 bene
1113 592 1235 632 amet.
1256 590 1376 629 video
1409 590 1619 628 delectum
1647 601 1850 639 organum
1879 587 1930 625 ad

329 658 487 697 Christi
522 657 696 708 gloriam
734 656 1029 696 illustrandam
1061 656 1172 695 inter
1204 655 1480 694 crassissimas
1510 654 1661 694 horum
1693 656 1929 704 temporum

272 736 310 767 ¹5
331 723 533 762 tenebras.
594 722 763 762 Schalbi
801 722 979 772 collegae
1011 722 1128 761 dotes
1161 722 1295 773 magis
1324 735 1375 760 ex
1405 721 1522 760 illius
1555 720 1691 760 literis
1723 732 1848 770 quam
1881 730 1930 756 ex

330 789 514 827 oratione
543 788 663 827 licuit
692 801 946 838 cognoscere.
1009 788 1096 839 Ego
1122 788 1296 838 posthac
1315 787 1544 837 Georgium
1564 786 1826 837 Spalatinum
1846 797 1930 822 non

330 854 467 892 solum
486 853 597 892 inter
617 853 860 903 praecipuos
889 852 1044 892 amicos
1062 853 1339 892 verumetiam
1367 852 1479 890 inter
1505 854 1702 901 patronos
1728 861 1844 889 meos
1867 847 1932 886 ob-

330 919 556 959 seruandos
594 919 824 969 scripturus
863 932 968 966 sum,
995 932 1082 958 non
1119 918 1290 969 perinde
1326 918 1371 956 in
1410 917 1565 957 chartis
1601 919 1726 967 atque
1761 914 1855 966 ipso
1886 913 1933 951 in

331 987 506 1034 pectore.
558 985 672 1023 Bene
685 984 787 1032 vale,
812 984 961 1034 Georgi
982 984 1233 1023 charissime.

275 1063 314 1085 20
385 1050 572 1089 Louanii.
592 1062 676 1088 1111.
698 1050 866 1088 Calend.
892 1050 1048 1089 Iunias.
1070 1051 1198 1088 Anno
1217 1062 1395 1089 M.D.X1x.

622 1260 718 1301 979.
781 1259 845 1300 To
877 1258 1018 1300 DUKE
1049 1257 1320 1300 FREDERICK
1353 1268 1409 1298 or
1443 1256 1643 1299 SAxom'.

381 1369 544 1413 Farrago
564 1379 600 1412 p.
621 1368 698 1403 126.
1665 1362 1842 1401 Louvain.

383 1427 420 1463 F.
441 1439 477 1472 p.
496 1428 563 1470 278
580 1438 587 1460 :
617 1425 707 1460 HN:
735 1425 851 1461 Lond.
871 1438 901 1462 v.
923 1427 988 1470 36:
1016 1423 1089 1461 LB.
1109 1425 1188 1468 426.
1615 1434 1661 1469 30
1678 1423 1766 1468 May
1786 1430 1887 1467 1519.

658 1523 892 1566 [Answering
910 1524 973 1554 the
991 1523 1096 1554 letter
1109 1523 1320 1554 mentioned
1337 1524 1376 1554 in
1393 1523 1458 1563 Ep.
1475 1524 1551 1563 963.
1572 1522 1617 1565 1.]

353 1640 619 1672 ILLVSTRISS.
651 1640 881 1670 SAXONIAE
913 1640 1022 1671 DVCI
1054 1640 1302 1672 FRIDERICO
1333 1640 1541 1671 ERASMVS
1573 1639 1795 1670 ROTEROD.
1826 1637 1858 1669 S.
1883 1637 1920 1668 P.

391 1738 706 1776 ILLvs'rmserE
727 1737 936 1787 Princeps,
960 1750 1032 1786 pro
1060 1737 1199 1776 studio
1225 1751 1307 1787 quo
1335 1740 1431 1776 tuae
1456 1737 1695 1776 celsitudini
1715 1736 1936 1776 Caesarum

336 1804 443 1842 vitas
463 1816 486 1841 a
512 1816 580 1841 me
608 1802 841 1853 recognitas
870 1802 1069 1850 dedicaui,
1091 1802 1175 1841 iam
1206 1815 1317 1842 nunc
1346 1802 1511 1841 abunde
1535 1815 1732 1853 magnam
1760 1801 1938 1852 gratiam

337 1869 511 1907 relatam
532 1868 739 1915 existimo,
758 1870 1025 1918 posteaquam
1046 1868 1347 1907 amantissimis
1366 1868 1500 1907 literis
1518 1868 1600 1907 sibi
1619 1882 1704 1907 non
1724 1868 1939 1918 ingratum

338 1934 465 1973 fuisse
502 1936 691 1973 testatur.
755 1933 863 1972 Nam
903 1947 998 1972 cum
1038 1934 1080 1972 id
1124 1935 1258 1984 operis
1297 1934 1557 1982 destinarem,
1605 1934 1794 1973 nondum
1832 1931 1940 1972 mihi

302 2014 319 2043 5
338 1999 509 2049 perinde
536 1999 822 2048 praedicatum
852 2001 938 2037 erat
966 2002 1090 2049 atque
1116 2013 1228 2039 nunc
1246 2002 1320 2047 est,
1343 2002 1497 2050 quanta
1515 2000 1647 2039 animi
1665 1998 1940 2050 propensione

338 2066 497 2103 faueres
517 2064 638 2103 bonis
658 2064 793 2103 literis
813 2064 948 2103 adhuc
967 2078 1063 2103 cum
1083 2065 1237 2104 veteris
1263 2065 1453 2104 inscitiae
1472 2065 1659 2116 patronis
1677 2063 1940 2115 digladianti-

340 2131 426 2178 bus,
451 2131 521 2168 sed
542 2130 599 2168 ita
617 2132 663 2168 vt
685 2130 826 2168 hostes
847 2130 954 2168 nihil
979 2131 1092 2169 aliud
1118 2133 1393 2182 assequantur
1418 2131 1660 2171 reluctando
1679 2143 1803 2181 quam
1829 2130 1940 2180 quod

339 2197 378 2233 et
421 2197 610 2234 nostram
643 2195 856 2233 illustrent
892 2195 1113 2234 victoriam
1150 2197 1190 2234 et
1227 2209 1347 2235 suam
1385 2196 1664 2236 denobilitent
1700 2195 1939 2235 stulticiam.

341 2259 544 2310 Quicquid
572 2261 711 2298 autem
732 2260 895 2308 fauoris,
920 2260 1115 2310 quicquid
1137 2261 1420 2312 benignitatis,
1444 2261 1639 2312 quicquid
1665 2260 1842 2300 subsidii
1865 2262 1941 2299 tua

284 2336 324 2358 10
342 2324 538 2363 nobilitas
573 2324 858 2363 instaurandis
905 2325 1094 2364 honestis
1142 2326 1292 2365 studiis
1339 2328 1381 2365 et
1428 2326 1652 2365 euehendis
1693 2324 1940 2376 tuendisque

341 2390 577 2428 studiorum
597 2389 870 2428 assertoribus
889 2390 1106 2441 impendit,
1126 2391 1169 2429 id
1189 2393 1326 2430 totum
1344 2392 1390 2431 in
1410 2405 1477 2430 me
1497 2391 1694 2430 collatum
1713 2404 1800 2430 esse
1820 2391 1936 2430 duco.

343 2456 485 2505 Neque
515 2468 612 2493 vero
641 2456 682 2493 te
710 2455 922 2504 poeniteat
951 2457 1074 2495 istius
1093 2457 1236 2496 animi.
1292 2457 1387 2496 Non
1410 2459 1535 2496 erunt
1561 2458 1747 2507 ingratae
1771 2457 1943 2504 literae;

343 2520 443 2570 quin
483 2520 618 2570 magis
656 2520 849 2570 trilingui
888 2522 1080 2561 facundia
1113 2523 1323 2562 vindicem
1362 2537 1485 2562 suum
1518 2522 1749 2561 immortali
1786 2522 1940 2573 gloriae

342 2585 649 2624 consecrabunt.
712 2587 803 2625 Erit
824 2587 927 2625 olim
958 2587 1191 2627 Fridericus
1222 2588 1375 2628 adiutis
1412 2588 1563 2628 studiis
1595 2601 1720 2638 quam
1749 2589 1939 2627 stemma-

286 2663 323 2695 ¹5
342 2654 435 2689 tum
467 2650 559 2689 luce
594 2651 783 2690 nobilior.
844 2652 932 2701 Ego
965 2653 1134 2702 posthac
1163 2667 1247 2691 non
1267 2654 1438 2692 verebor
1469 2656 1511 2692 et
1540 2653 1643 2692 alios
1671 2652 1832 2702 ingenii
1858 2652 1942 2691 mei

342 2717 477 2755 foetus
497 2716 577 2754 tibi
598 2716 742 2765 dicare,
768 2718 934 2767 quando
955 2718 1129 2757 feliciter
1148 2719 1272 2757 cessit
1291 2719 1391 2758 haec
1411 2719 1517 2758 mihi
1535 2718 1714 2758 audacia.
1770 2717 1942 2756 Celsitu'-

344 2781 485 2819 dinem
511 2783 626 2820 tuam
655 2783 820 2832 patriae,
849 2783 998 2822 studiis
1026 2797 1072 2823 ac
1098 2784 1245 2834 pietati
1273 2797 1398 2834 quam
1428 2784 1660 2823 diutissime
1688 2783 1939 2823 incolumem

342 2848 507 2885 tueatur
526 2847 717 2886 Christus
737 2849 830 2897 Opt.
856 2848 962 2887 Max.
989 2849 1176 2888 Louanii.
1200 2863 1264 2888 111.
1288 2849 1368 2889 Cal.
1393 2850 1551 2888 Iunias.
1571 2850 1700 2888 Anno
1719 2861 1900 2888 Mamm.

387 2978 461 3008 978.
488 2979 517 3009 8.
544 2977 767 3018 Leodiensis]
786 2977 849 3009 See
868 2988 902 3018 p.
924 2979 995 3009 168.
1168 2979 1196 3009 E
1215 2982 1250 3009 in
1264 2989 1361 3017 mary.

392 3030 439 3050 12.
466 3021 571 3061 Iona]
598 3021 673 3052 Iod.
705 3021 811 3052 Ionas
839 3021 1097 3053 Erfordiensis:
1211 3022 1285 3054 979.
1312 3033 1343 3054 2.
1368 3023 1440 3053 iam
1453 3022 1567 3064 nunc]
1581 3022 1632 3054 cf.
1649 3022 1713 3063 Ep.
1729 3020 1937 3063 939introd.
