2034 3433
320 140 398 180 180
783 138 1031 177 LETTERS
1069 137 1138 175 OF
1175 137 1439 176 ERASMUS
1781 135 1822 190 [1
1832 147 1852 185 5
1862 151 1875 174 1
1887 148 1906 186 7

317 247 457 284 nostro
483 246 761 291 recensentur,
790 256 932 281 omnes
958 241 1128 280 honoris
1158 241 1291 290 gratia
1318 240 1536 290 appellaui.
1598 241 1772 280 Minime
1797 243 1910 282 enim

258 323 299 355 30
317 325 384 350 me
409 311 510 349 latet
535 310 724 348 indoctos
750 308 878 346 doctis
901 321 946 346 ac
969 306 1180 356 improbos
1200 306 1319 344 bonis
1345 305 1576 355 permixtos
1601 319 1701 352 esse,
1724 310 1775 355 et,
1801 309 1910 357 quod

315 376 412 426 plus
440 375 589 426 aliquis
619 375 802 422 miretur,
830 372 1021 411 inimicos
1050 371 1205 409 amicis.
1266 372 1424 410 Verum
1455 371 1566 409 docti
1594 373 1635 409 et
1664 371 1764 410 boni
1791 371 1911 411 laude

316 441 431 491 digni
460 442 585 486 erant,
609 439 707 477 boni
735 451 832 476 vero
862 439 902 475 et
931 438 1130 486 potentes,
1154 436 1346 486 quamuis
1374 449 1460 474 non
1488 435 1715 474 admodum
1745 437 1909 487 eruditi,

315 505 431 555 quasi
455 518 527 555 pro
554 503 662 542 vallo
686 502 809 541 malis
834 501 1080 548 obiiciendi;
1113 502 1156 538 at
1185 500 1296 539 docti
1322 500 1392 539 sed
1416 501 1557 539 minus
1585 501 1686 540 boni
1715 501 1784 539 vel
1809 502 1911 540 socii

316 570 430 608 dubii
458 569 660 607 incitandi
688 570 760 606 aut
789 566 1072 615 confirmandi,
1095 566 1257 605 inimici
1279 580 1376 605 vero
1405 566 1588 605 inimicis
1616 568 1797 617 suspecti
1825 568 1912 606 red-

256 648 294 679 35
314 635 449 674 dendi.
511 634 595 672 Nec
629 634 821 684 opinione
851 633 1017 683 penitus
1050 633 1247 682 deceptus
1280 646 1402 681 sum;
1440 633 1616 671 maiores
1643 633 1757 672 enim
1786 647 1912 684 quam

313 700 389 739 sub
409 699 579 738 initium
593 701 846 749 putaueram,
864 698 1006 737 turbas
1025 698 1251 737 concitaui:
1281 711 1366 736 non
1386 697 1522 737 solum
1539 698 1652 737 enim
1668 699 1910 738 vacillantes

313 764 509 812 stabiliui,
541 765 610 802 sed
639 766 680 802 et
708 764 927 814 plerosque
955 764 1006 802 ad
1036 777 1112 802 nos
1139 763 1316 811 traduxi,
1347 763 1406 802 ita
1433 765 1480 802 vt
1509 763 1646 802 verbis
1676 766 1717 802 et
1746 764 1911 815 scriptis

313 843 401 868 rem
421 831 608 868 nostram
628 829 902 868 defenderint.
958 829 1069 877 Quin
1090 828 1358 868 inimicorum
1380 831 1618 868 nostrorum
1637 829 1912 869 amicissimos

313 909 358 934 ac
378 895 558 934 fautores
574 896 777 945 quosdam
793 896 837 933 in
854 894 1131 945 suspicionem
1152 894 1367 944 ingentem
1383 896 1424 932 et
1443 908 1527 932 non
1542 908 1718 944 paruum
1736 894 1911 945 perduxi

255 973 297 1005 40
315 960 486 999 odium:
533 960 615 998 nisi
653 961 756 998 forte
795 960 1178 1010 reprehendendum
1216 972 1370 1007 censes,
1412 960 1521 1009 quod
1559 959 1779 999 crabrones
1816 974 1911 999 cum

314 1025 580 1064 crabronibus
627 1025 917 1064 commiserim.
978 1026 1043 1073 Et,
1091 1026 1199 1075 quod
1243 1025 1376 1063 risum
1422 1025 1529 1063 mihi
1573 1026 1663 1074 ciet,
1708 1028 1913 1076 coguntur

315 1090 568 1130 sanctissimi
606 1091 686 1129 viri
724 1093 964 1141 conceptam
1002 1090 1334 1140 indignationem
1373 1090 1633 1140 supprimere
1666 1092 1707 1129 et
1744 1091 1911 1130 laudem

314 1156 655 1195 molestissimam
686 1156 793 1196 laeta
823 1157 959 1195 fronte
991 1156 1277 1204 dissimulare;
1318 1170 1403 1195 non
1435 1156 1543 1206 quod
1572 1156 1631 1195 ita
1660 1170 1727 1195 me
1756 1160 1908 1207 ament,

314 1222 385 1260 sed
407 1221 503 1272 quia
524 1235 591 1260 me
610 1222 734 1261 rebus
753 1222 841 1260 suis
860 1224 901 1260 et
921 1223 1113 1272 prodesse
1133 1224 1173 1260 et
1193 1223 1336 1260 obesse
1355 1235 1474 1271 posse
1494 1224 1735 1271 cognorunt.
1792 1223 1912 1261 Nosti

254 1302 294 1333 45
315 1287 428 1326 enim
449 1300 572 1337 quam
592 1287 749 1326 soleant
770 1288 910 1326 omnia
929 1300 979 1326 ex
999 1287 1216 1326 commodo
1236 1289 1277 1325 et
1296 1287 1558 1326 incommodo
1577 1300 1651 1326 suo
1671 1287 1822 1336 metiri,
1840 1289 1912 1327 sed

315 1352 356 1390 id
377 1352 454 1391 sub
474 1353 688 1402 praetextu
706 1352 893 1391 honesto.

370 1417 587 1455 Maluisses
617 1417 723 1465 dein,
758 1418 859 1456 dum
888 1418 932 1455 in
962 1416 1194 1456 dialecticos
1224 1417 1420 1467 expatior‚
1451 1430 1516 1455 me
1546 1417 1715 1456 caeteris
1743 1417 1912 1456 intactis

315 1482 392 1521 hoc
425 1483 561 1521 solum
595 1496 712 1532 agere
747 1483 855 1533 quod
890 1482 1073 1533 agebam.
1149 1483 1289 1532 Atque
1320 1483 1462 1530 fateor,
1500 1482 1559 1521 mi
1591 1483 1775 1531 Erasme,
1813 1483 1911 1523 haec

315 1547 455 1598 potius
473 1547 602 1586 animi
623 1548 801 1597 quodam
822 1548 981 1598 impetu
1003 1561 1128 1598 quam
1150 1548 1302 1586 iudicio
1327 1541 1631 1597 praemeditato
1644 1548 1721 1586 sub
1741 1548 1912 1587 initium

257 1627 297 1659 50
317 1613 546 1663 conscripta
575 1626 684 1652 esse:
719 1627 866 1652 verum
896 1627 992 1652 cum
1021 1615 1160 1652 feruor
1188 1613 1259 1652 ille
1289 1626 1371 1656 seu,
1398 1615 1444 1651 vt
1472 1613 1625 1652 rectius
1653 1614 1798 1660 dicam,
1824 1627 1912 1664 per-

315 1678 495 1717 turbatio
533 1678 832 1729 aliquantisper
877 1679 1155 1727 deferbuisset,
1194 1679 1390 1730 pleraque
1434 1679 1541 1717 male
1587 1682 1780 1718 concocta
1824 1693 1912 1719 esse

316 1743 486 1794 digesta,
507 1743 638 1782 multa
658 1743 892 1792 immutata,
917 1744 1122 1784 nonnulla
1147 1745 1316 1794 penitus
1343 1744 1560 1783 obliterata
1585 1757 1630 1783 ac
1651 1744 1794 1783 deleta.
1853 1745 1909 1784 Et

316 1809 509 1858 quamuis
528 1809 635 1846 mihi
651 1811 741 1847 tum
757 1810 866 1858 quod
887 1810 1058 1860 agebam
1078 1823 1194 1860 agere
1213 1810 1375 1848 viderer
1388 1809 1609 1859 (siquidem
1628 1810 1912 1849 demonstrare

315 1872 505 1912 volebam
545 1874 976 1924 Reuchlinomastiges
1014 1888 1098 1913 non
1137 1875 1275 1913 solum
1314 1874 1526 1925 improbos
1559 1874 1629 1912 sed
1668 1876 1707 1913 et
1744 1876 1911 1924 penitus

257 1954 297 1986 55
316 1938 504 1977 indoctos
533 1940 573 1977 et
602 1939 794 1978 barbaros
822 1953 921 1987 esse,
943 1954 999 1988 ac,
1023 1941 1195 1979 Luciani
1223 1941 1366 1986 instar,
1391 1940 1511 1990 quasi
1538 1954 1612 1990 per
1640 1942 1908 1980 transennam

316 2004 529 2042 ostendere
559 2006 762 2054 quantum
792 2005 850 2043 eis
880 2005 930 2044 ad
963 2007 1186 2055 perfectam
1215 2006 1373 2044 deesset
1402 2006 1707 2055 eruditionem),
1737 2008 1911 2046 omnino

315 2071 454 2108 tamen
488 2070 761 2119 egressionem
794 2070 912 2109 illam
950 2071 1110 2110 abolere
1148 2072 1437 2118 decreueram;
1477 2071 1548 2109 sed
1588 2071 1911 2111 reclamantibus

316 2135 460 2173 amicis
479 2136 620 2174 contra
647 2135 802 2174 mentis
820 2136 1079 2175 voluntatem
1103 2137 1260 2176 intacta
1285 2137 1497 2175 remansit.
1558 2137 1669 2186 Quin
1689 2138 1781 2176 tum
1801 2150 1911 2188 prae·

317 2199 400 2238 dixi
419 2200 504 2238 fore
522 2202 568 2239 vt
588 2200 638 2239 ad
659 2201 817 2251 ingenii
836 2214 907 2240 seu
929 2202 1177 2240 eruditionis
1202 2202 1341 2252 potius
1367 2202 1690 2241 ostentationem
1714 2216 1839 2252 quam
1858 2203 1910 2242 ad

257 2271 299 2302 60
318 2278 403 2303 rem
447 2265 495 2303 de
541 2279 619 2315 qua
662 2265 868 2316 agebatur,
909 2266 1116 2316 pertinere
1160 2267 1378 2306 videretur.
1454 2266 1649 2314 Proinde,
1689 2267 1768 2305 etsi
1805 2267 1912 2307 facta

318 2330 468 2368 infecta
495 2330 585 2368 fieri
614 2333 831 2381 nequeant,
859 2331 951 2370 ideo
978 2334 1118 2370 tamen
1147 2333 1321 2382 placent,
1345 2331 1440 2381 quia
1467 2333 1585 2370 tuam
1614 2331 1910 2371 amicissimam

317 2395 568 2434 suscitarunt
593 2397 936 2444 admonitionem,
957 2399 997 2435 et
1028 2411 1130 2447 quae
1154 2398 1276 2446 longe
1303 2396 1411 2435 mihi
1440 2397 1595 2446 gratior
1619 2397 1700 2435 fuit
1725 2410 1848 2447 quam
1874 2398 1910 2435 si

318 2462 358 2498 te
377 2462 522 2499 cuncta
541 2461 714 2510 probare
739 2461 979 2510 scripsisses.
1040 2461 1148 2500 Nam
1173 2462 1294 2512 plane
1321 2461 1452 2511 liquet
1479 2463 1521 2499 te
1548 2462 1700 2500 nostris
1724 2465 1910 2501 mentem

317 2524 564 2566 adhibuisse.
588 2528 629 2564 et
652 2540 737 2565 non
763 2527 984 2565 minimam
1008 2539 1151 2565 curam
1177 2527 1500 2565 existimationis
1527 2540 1641 2565 meae
1667 2540 1808 2576 gerere
1823 2542 1833 2575 ;
1866 2528 1910 2566 in

256 2596 296 2637 65
318 2603 397 2640 qua
430 2604 472 2628 re
505 2591 626 2641 plane
659 2592 908 2630 beneuolum
941 2593 982 2630 et
1015 2605 1161 2630 verum
1195 2595 1236 2630 te
1270 2591 1453 2631 ostendis
1484 2592 1676 2629 amicum.
1736 2593 1909 2631 Vtinam

318 2655 395 2694 tibi
425 2670 542 2706 pares
572 2659 708 2706 grates
737 2657 959 2706 aliquando
989 2657 1141 2696 referre
1171 2658 1359 2707 possem!
1416 2656 1608 2695 Facerem
1639 2656 1682 2695 id
1716 2657 1908 2707 equidem
1943 2708 1945 2711 Ι

320 2734 400 2758 non
422 2723 508 2760 tam
535 2722 714 2772 benigne
733 2736 858 2772 quam
883 2722 1070 2769 libenter,
1092 2724 1233 2772 vtpote
1260 2721 1422 2760 homini
1448 2722 1640 2760 omnium
1665 2722 1737 2772 qui
1758 2722 1910 2762 viuunt

318 2786 603 2824 amantissimo
621 2790 661 2825 et
684 2788 948 2826 obseruando.

365 2916 417 2944 40.
443 2907 631 2937 crabrones
648 2911 676 2939 E
691 2911 786 2939 Lond.
804 2920 810 2939 :
834 2909 1012 2940 orationes
1026 2911 1060 2939 P.
1190 2918 1241 2948 45.
1269 2910 1304 2939 et
1321 2909 1544 2940 incommodo
1560 2920 1619 2941 om.
1637 2911 1678 2941 N.
1804 2911 1856 2940 60.
1882 2912 1914 2939 Ε

320 2951 439 3023 ὶὲἓιίἓ
462 2950 627 3024 egebaltur
642 2954 674 2982 P.
794 2953 846 2983 66.
874 2955 901 2982 E
916 2955 1031 2984 Lond:
1056 2952 1187 2992 gratias
1202 2955 1234 2982 Ρ.
1355 2953 1408 2983 68.
1435 2954 1590 2984 maxime
1603 2958 1674 2984 ante
1690 2953 1911 2984 obseruando

320 3003 339 3022 a
389 3017 395 3023 .
452 3003 459 3022 z
483 3003 539 3023 om.
583 2998 652 3026 ond.
