2034 3433
117 177 216 232 935]
469 180 539 219 ΤΟ
577 179 984 220 CHRISTOPHER
1020 178 1344 219 LONGOLIUS
1629 179 1706 216 521

117 286 283 323 tantum
315 285 482 334 publica
514 284 588 323 illa
625 284 997 334 Pythagoricorum
1031 285 1120 335 lege
1154 298 1256 335 quae
1289 283 1383 323 vult
1415 283 1525 321 inter
1557 282 1712 320 amicos

117 362 204 388 esse
237 350 476 388 communia
509 349 661 398 omnia,
696 350 971 388 verumetiam
1002 350 1199 400 peculiari
1229 349 1400 397 foedere,
1433 347 1543 398 quod
1574 347 1712 386 verbis

119 415 196 454 rite
211 415 422 466 conceptis
436 418 477 453 et
493 415 743 465 syngraphis
758 414 987 465 obsignatis
999 416 1106 454 inter
1118 428 1193 454 nos
1206 414 1453 465 iampridem
1464 413 1710 463 pepigimus,

121 493 171 519 ne
191 480 258 518 cui
276 480 339 519 fas
358 481 412 518 sit
431 480 614 518 inficiari.

174 545 290 583 Belle
308 546 354 584 tu
382 545 549 594 quidem
575 558 642 583 me
667 546 774 584 mihi
794 546 996 596 depingis,
1018 545 1088 584 sed
1112 545 1224 584 haud
1243 545 1326 583 scio
1345 558 1397 583 an
1418 542 1590 582 omnino
1610 541 1714 580 meis
1734 557 1748 578 2
1755 558 1772 588 5

120 611 336 650 coloribus.
396 611 451 649 Et
472 613 611 649 tamen
631 612 681 650 ad
702 611 808 649 hanc
824 612 1013 650 tabulam
1032 611 1119 662 ipse
1142 611 1249 649 mihi
1277 609 1472 648 nonnihil
1495 607 1685 647 blandior
1704 620 1713 654 ;

120 689 203 715 non
223 676 330 727 quod
351 676 415 714 illi
434 689 601 726 prorsus
620 678 794 725 credam,
819 678 888 716 sed
913 678 1021 728 quod
1046 678 1165 716 iuuet
1189 676 1352 725 Apellis
1377 688 1504 713 manu
1533 672 1711 723 depingi.

121 741 250 780 Porro
281 754 376 779 cum
407 741 565 780 indicas
596 742 695 792 quid
727 742 771 781 in
803 756 870 781 me
904 742 1138 781 desiderent
1168 741 1313 789 critici,
1342 754 1428 779 non
1456 739 1599 778 minus
1626 737 1716 786 cepi

122 806 315 845 vtilitatis
341 820 466 857 quam
491 807 729 857 voluptatis.
789 809 1035 858 Quanquam
1064 809 1115 847 ad
1139 808 1341 857 quaedam
1366 808 1576 855 vtcunque
1598 802 1717 851 tergi-

123 871 281 911 uersari
305 874 501 922 poteram,
527 874 610 912 nisi
638 875 710 912 tuo
737 874 890 912 iudicio
912 875 1001 912 tam
1019 874 1207 923 impense
1226 873 1418 911 fauerem.
1477 871 1586 909 Nam
1606 868 1714 919 quod
1736 883 1776 913 30

121 937 268 977 scribis
295 952 362 977 me
390 939 528 977 fauere
557 940 660 978 meis
688 940 815 988 viciis,
847 940 963 978 crede
991 940 1109 988 mihi,
1134 952 1219 977 non
1243 941 1330 977 tam
1358 938 1474 977 fauor
1501 938 1564 975 est
1591 947 1717 986 quam

121 1004 187 1042 vel
207 1004 371 1043 inscitia
389 1005 455 1043 vel
473 1005 612 1055 potius
626 1005 804 1055 pigritia.
856 1006 920 1044 Sic
936 1019 1040 1054 sum,
1059 1019 1135 1044 nec
1153 1018 1324 1054 possum
1339 1006 1531 1043 naturam
1541 1002 1716 1040 vincere.

125 1069 306 1108 Effundo
335 1071 472 1110 verius
501 1084 625 1121 quam
655 1071 788 1110 scribo
817 1071 967 1120 omnia,
995 1085 1041 1109 ac
1071 1071 1282 1110 molestior
1311 1071 1374 1108 est
1402 1066 1718 1119 recognoscendi

123 1147 248 1183 quam
281 1135 458 1174 cudendi
490 1136 617 1175 labor.
678 1137 770 1175 Iam
799 1139 846 1176 vt
874 1137 919 1175 in
948 1138 1109 1176 delectu
1137 1136 1359 1175 verborum
1388 1134 1520 1173 nolim
1546 1133 1720 1171 omnino

124 1199 260 1239 videri
278 1200 514 1251 indiligens,
538 1202 597 1240 ita
616 1215 700 1241 non
716 1203 894 1241 arbitror
912 1215 1135 1252 congruere
1155 1202 1192 1239 ei
1212 1201 1285 1251 qui
1310 1213 1374 1239 res
1403 1200 1531 1238 serias
1559 1210 1720 1247 persua·
1737 1210 1776 1241 35

126 1266 221 1304 dere
249 1267 398 1317 cupiat,
434 1268 479 1306 in
507 1268 747 1307 affectandis
777 1269 971 1307 dictionis
1004 1268 1267 1307 emblematis
1294 1280 1380 1305 esse
1407 1277 1619 1303 morosum
1648 1264 1720 1301 aut

124 1331 307 1370 anxium.
368 1333 509 1383 Neque
538 1347 636 1372 vero
665 1335 883 1373 mirabitur
912 1334 1169 1385 eloquentiae
1203 1335 1368 1372 nostrae
1400 1332 1540 1370 riuum
1568 1328 1721 1368 alicubi

126 1398 343 1437 turbidum
362 1399 489 1437 fluere
516 1413 562 1438 ac
588 1399 855 1449 lutulentum,
880 1401 951 1451 qui
971 1401 1161 1450 cogitarit
1181 1414 1253 1450 per
1271 1413 1373 1449 quos
1399 1400 1564 1437 autores
1583 1396 1721 1434 decur-

126 1464 202 1511 rat,
233 1463 434 1501 nimirum
465 1464 651 1503 sordidos
680 1467 721 1502 et
750 1465 906 1514 impuri
934 1465 1148 1511 sermonis,
1172 1467 1220 1504 vt
1248 1478 1333 1503 non
1356 1464 1487 1515 possit
1514 1463 1611 1500 hinc
1636 1473 1721 1498 non

125 1528 281 1579 aliquid
301 1528 394 1567 limi
414 1529 570 1570 ducere.
628 1532 715 1570 Vsu
732 1532 847 1570 venit
866 1532 944 1570 hoc
959 1545 1044 1570 non
1063 1544 1155 1570 raro
1171 1531 1347 1569 summis
1366 1529 1451 1568 illis
1465 1526 1721 1577 eloquentiae
1740 1537 1781 1568 40

128 1594 376 1645 proceribus,
406 1598 452 1633 vt
481 1596 523 1633 in
556 1597 805 1636 Graecorum
833 1597 1119 1635 voluminibus
1144 1597 1356 1635 versantes
1383 1595 1621 1644 frequenter
1647 1592 1722 1629 im·

127 1661 348 1711 prudentes
379 1662 530 1700 Graece
558 1663 837 1713 loquerentur.
897 1662 1011 1701 Illud
1042 1662 1154 1701 haud
1187 1661 1270 1700 scio
1306 1674 1360 1699 an
1389 1660 1544 1699 scribae
1578 1658 1723 1696 debeat

127 1728 334 1778 imputari,
366 1730 474 1779 quod
503 1729 609 1768 mihi
637 1730 786 1768 tribuis
819 1730 1087 1768 immodicam
1115 1728 1319 1767 sermonis
1346 1727 1588 1773 Vbertatem,
1621 1736 1723 1774 quae

128 1793 202 1831 dos
221 1793 422 1832 nimirum
442 1794 609 1833 Budaeo
632 1795 851 1844 peculiaris
877 1796 950 1834 est.
1009 1794 1119 1832 Nam
1143 1794 1280 1832 rectus
1304 1806 1349 1831 ac
1369 1791 1508 1830 nudus
1527 1789 1724 1828 orationis

130 1858 279 1897 ductus
308 1859 488 1908 simplici
514 1862 688 1898 naturae
714 1859 926 1909 congruit3
957 1872 1031 1898 nec
1057 1858 1213 1896 mirum
1234 1860 1296 1896 est
1314 1856 1517 1896 humilem
1537 1868 1623 1893 esse
1644 1866 1723 1892 ser·
1741 1866 1782 1897 45

132 1936 300 1961 monem
326 1924 443 1962 cuius
468 1924 648 1963 humilia
673 1926 773 1963 sunt
797 1924 947 1972 omnia,
978 1937 1136 1973 corpus,
1164 1924 1353 1969 animus„
1371 1922 1550 1960 fortuna.
1594 1919 1724 1957 Porro

131 1988 260 2040 nimis
295 1988 458 2028 crebras
489 1991 529 2027 et
567 1989 810 2028 immodicas
839 1989 1114 2039 digressiones
1153 2002 1254 2037 quas
1293 1987 1412 2025 nobis
1450 1984 1725 2024 communiter

133 2054 367 2093 asscribunt
387 2054 519 2093 critici
539 2056 651 2104 (nam
677 2055 756 2093 sub
782 2055 945 2103 horum,
970 2055 1015 2093 ni
1044 2054 1174 2101 fallor,
1196 2066 1370 2104 persona
1392 2050 1578 2090 maluisti
1606 2052 1724 2088 tuam

133 2118 313 2157 indicare
332 2120 609 2170 sententiam),
634 2121 717 2159 iam
736 2120 895 2159 mutuis
914 2120 1044 2158 literis
1065 2122 1238 2169 vterque
1257 2118 1378 2156 alteri
1398 2117 1612 2156 obiecerat.

187 2184 293 2222 Cum
331 2183 479 2233 primis
515 2186 653 2222 autem
692 2185 874 2222 demiror
916 2184 987 2234 qui
1025 2184 1102 2222 tibi
1137 2182 1382 2221 succurrerit
1420 2180 1616 2220 demirari
1654 2192 1726 2217 cur
1746 2193 1786 2223 50

134 2248 364 2287 Galliarum
402 2249 600 2298 Princeps
634 2249 877 2289 Franciscus
911 2250 1192 2288 ‘Germanum
1230 2248 1362 2295 Gallo,
1404 2249 1591 2285 exterum
1628 2244 1723 2291 ciui,

134 2315 327 2365 ignotum
352 2314 549 2352 familiari
574 2315 814 2364 praetulerit
831 2315 854 2354 ².
922 2316 1129 2353 Neutrum
1154 2314 1274 2353 alteri
1303 2313 1498 2363 praetulit
1523 2313 1623 2359 Rex,
1654 2311 1725 2349 sed

136 2382 345 2429 vtrunque
364 2379 483 2418 alteri
512 2380 674 2418 studuit
703 2380 962 2430 coniungere.
1022 2379 1165 2429 Neque
1192 2379 1305 2417 enim
1329 2379 1523 2428 cuiquam
1543 2389 1617 2414 suo
1637 2376 1726 2414 loco

135 2445 363 2484 cedendum
395 2446 493 2492 erat,
529 2446 565 2484 si
598 2459 665 2483 me
703 2446 745 2484 in
785 2446 962 2485 Galliam
996 2446 1288 2484 contulissem:
1330 2446 1497 2483 tantum
1533 2443 1648 2481 abest
1680 2443 1727 2479 vt

135 2512 304 2551 Budaeo
330 2510 480 2548 fuerim
507 2512 739 2551 offecturus.
800 2512 917 2561 Quod
944 2512 1090 2551 scribis
1117 2514 1158 2550 et
1186 2511 1389 2550 ditionem
1415 2512 1454 2548 et
1484 2509 1663 2560 patriam
1685 2509 1727 2545 et
1745 2520 1784 2551 55

135 2578 325 2628 linguam
345 2577 451 2614 mihi
470 2578 606 2614 tecum
633 2590 720 2616 esse
741 2591 1015 2626 communem,
1039 2591 1121 2616 non
1148 2579 1236 2616 tam
1266 2577 1371 2615 mihi
1399 2576 1582 2626 gratulor
1603 2587 1727 2624 quam

136 2643 232 2682 huic
250 2642 407 2691 regioni
422 2656 432 2690 ;
461 2655 586 2692 quam
606 2643 874 2681 vehementer
892 2644 1048 2693 gaudeo
1068 2642 1232 2690 talibus,
1249 2642 1326 2680 hoc
1345 2643 1407 2680 est
1425 2641 1535 2679 veris
1552 2652 1729 2688 semper-

139 2722 218 2760 que
238 2708 459 2757 duraturis,
482 2710 740 2747 ornamentis
758 2709 893 2747 indies
913 2709 1043 2759 magis
1063 2722 1108 2747 ac
1128 2708 1260 2758 magis
1279 2707 1489 2745 illustrari.
1548 2705 1729 2743 Proinde

139 2775 247 2814 nihil
270 2774 450 2825 optatius
475 2773 579 2812 mihi
606 2775 736 2824 possit
762 2775 940 2813 accidere
968 2788 1093 2824 quam
1117 2773 1272 2812 multos
1299 2772 1448 2811 exoriri
1471 2771 1534 2810 tui
1557 2770 1725 2818 similes,

711 2854 762 2882 24.
789 2846 845 2875 cui
862 2847 906 2876 F:
932 2843 1095 2875 alterutri
1112 2845 1154 2873 H.

186 2931 238 2959 23.
266 2919 479 2960 obsignatis]
496 2919 548 2951 Cf.
565 2919 653 2960 Epp.
671 2929 745 2959 435.
762 2920 900 2959 87,810.
1015 2928 1066 2957 43.
1090 2918 1234 2959 tribuis]
1253 2918 1315 2958 Ep.
1332 2927 1407 2957 914.
1427 2918 1480 2956 56.

144 2966 226 3003 346;
254 2963 327 2994 and
344 2963 414 2994 Cic.
434 2965 518 2993 Tusc.
533 2972 562 3002 5.
585 2973 634 2995 11.
652 2973 704 3002 33.
1012 2973 1064 3001 49.
1092 2963 1230 2993 mutuis
1246 2961 1377 3002 literis]
1396 2960 1447 2992 Cf.
1465 2960 1552 3000 Epp.
1573 2970 1646 3000 493.
1663 2961 1727 2999 248

185 3017 237 3046 31.
263 3006 400 3047 scribis]
418 3006 480 3046 Ep.
499 3016 574 3045 914.
593 3016 646 3045 50.
971 3015 1043 3045 seq.
1062 3006 1133 3036 and
1150 3014 1226 3044 531.
1243 3015 1306 3044 277
1323 3014 1393 3044 seq.

188 3052 240 3090 36.
265 3050 505 3091 emblematis]
525 3050 577 3080 Cf.
593 3050 713 3089 Quint.
732 3060 759 3080 2.
777 3061 807 3088 4.
826 3060 876 3089 27.
1013 3059 1063 3088 51.
1091 3047 1327 3088 Germanum]
1344 3048 1395 3079 Cf.
1416 3048 1478 3087 Ep.
1498 3056 1572 3086 914.
1591 3048 1678 3086 5‚86.
