2034 3433
305 187 385 225 388
764 186 1017 225 LETTERS
1056 185 1126 225 OF
1165 185 1430 225 ERASMUS
1768 182 1893 237 [1518

248 303 286 325 10
304 292 502 330 studiosis
540 304 585 329 ac
624 290 873 329 orthodoxae
917 288 1014 327 fidei
1057 290 1222 327 nostrae
1260 289 1315 327 sit
1352 288 1540 327 allatura.
1601 288 1732 327 Macte
1769 288 1896 338 igitur

304 356 424 395 istius
452 356 582 394 animi
612 355 674 393 tui
702 357 802 402 esto,
824 367 869 392 ac
898 353 1086 403 publicae
1104 353 1279 392 vtilitati
1307 354 1479 392 studens
1503 352 1615 402 operi
1634 355 1722 391 tam
1741 353 1896 396 sancto,

304 422 350 459 vt
382 421 426 458 in
459 420 594 458 lucem
629 420 754 467 exeat,
779 419 922 457 sedulo
955 417 1155 468 inuigila;
1195 419 1365 468 dignam
1403 418 1572 468 quidem
1609 419 1672 456 tot
1709 416 1896 455 laborum

304 485 534 523 mercedem
568 484 619 522 ab
648 484 739 533 ipso
770 485 857 523 Deo
888 483 1108 526 relaturus,
1136 497 1160 522 a
1192 483 1313 522 nobis
1340 495 1438 522 vero
1468 483 1664 522 meritam
1692 494 1897 521 commen·

305 550 514 588 dationem
533 551 573 588 et
592 550 753 588 cunctis
766 548 1118 588 Christifidelibus
1136 550 1378 598 perpetuam
1398 549 1565 587 laudem
1584 550 1893 586 consecuturus.

249 630 284 660 15
357 615 512 652 Datum
547 615 702 653 Romae
735 614 844 664 apud
876 614 1078 653 Sanctum
1111 614 1296 652 Petrum.
1357 613 1444 652 Sub
1482 613 1638 652 annulo
1667 612 1894 663 piscatoris.

306 679 380 717 Die
401 692 440 717 x.
463 680 720 729 Septembris
742 692 961 718 M.D.XV111.
1021 679 1295 718 Pontificatus
1315 678 1447 717 nostri
1466 680 1593 717 Anno
1613 678 1747 717 Sexto.

1559 765 1843 816 Euangelista.

708 899 842 952 865905
901 896 1032 938 FRoM
1066 896 1194 936 PAUL
1226 895 1504 936 BoMBASIUS.

351 976 517 1021 Farrago
536 988 570 1021 p.
591 986 670 1020 343.
1626 974 1753 1010 Rome.

353 1034 389 1067 F.
409 1046 445 1079 p.
466 1044 558 1078 443:
587 1033 679 1069 HN:
707 1034 824 1069 Lond.
842 1033 892 1068 xi.
912 1044 956 1076 4:
984 1033 1057 1069 LB.
1078 1042 1157 1078 335.
1531 1042 1544 1067 1
1566 1031 1730 1069 October
1751 1035 1851 1079 1518.

588 1115 677 1156 [The
694 1115 776 1146 date
793 1114 824 1145 is
841 1113 1036 1146 confirmed
1053 1114 1100 1153 by
1118 1113 1179 1144 the
1195 1112 1376 1143 reference
1392 1113 1428 1143 to
1444 1112 1508 1152 Ep.
1524 1111 1616 1152 864]

680 1211 850 1241 PAVLVS
882 1209 1135 1242 BOMBASIVS
1166 1208 1344 1238 ERASMO
1376 1208 1457 1238 SVO
1489 1208 1521 1238 S.

360 1292 548 1330 LITERAE
568 1296 661 1331 tuae
682 1306 783 1343 quas
802 1293 852 1331 ad
873 1305 940 1331 xv.
964 1291 1132 1330 Oalend.
1155 1289 1360 1340 Septemb.
1384 1289 1566 1338 dederas,
1590 1290 1660 1329 vix
1678 1290 1814 1340 pridie
1834 1291 1898 1330 Id.

306 1357 412 1395 mihi
446 1358 615 1396 tandem
644 1358 829 1397 redditae
858 1359 1054 1404 fuerunt;
1090 1369 1238 1406 meque
1268 1355 1328 1393 ita
1357 1355 1612 1394 delectarunt
1639 1359 1687 1395 vt
1714 1357 1830 1395 nulla
1857 1371 1902 1396 re

306 1422 527 1461 iucundius
557 1423 663 1462 affici
696 1423 913 1473 potuerim,
946 1423 1031 1461 fato
1061 1422 1240 1471 quodam
1270 1420 1347 1459 tibi
1375 1421 1476 1459 adeo
1502 1420 1724 1460 deuinctus
1757 1423 1805 1462 vt
1834 1422 1900 1461 vel

306 1487 456 1525 blando
490 1487 564 1526 illo
599 1488 661 1526 tui
695 1488 877 1526 nominis
912 1500 1083 1526 occursu
1117 1486 1347 1536 plurimum
1385 1498 1551 1534 recreer,
1586 1486 1720 1525 multo
1758 1490 1899 1526 autem

268 1562 285 1593 5
306 1552 449 1602 magis,
474 1553 509 1591 si
527 1553 635 1602 quod
655 1566 706 1591 ex
725 1553 865 1591 animo
885 1552 1131 1603 ingenioque
1152 1553 1223 1590 tuo
1244 1551 1536 1601 depromptum
1551 1551 1659 1589 mihi
1680 1552 1898 1592 obueniat:

306 1618 414 1668 quod
435 1618 598 1668 saepius
628 1618 795 1668 quidem
821 1620 976 1668 optare,
997 1630 1212 1667 nunquam
1231 1629 1329 1656 vero
1355 1616 1516 1667 exigere
1541 1630 1660 1656 meus
1679 1631 1746 1656 me
1765 1618 1901 1668 pudor

305 1682 419 1730 sinit,
440 1696 493 1721 ne
513 1686 586 1722 tua
604 1696 772 1722 morans
792 1686 977 1734 tempora
996 1683 1041 1722 in
1056 1682 1221 1733 publica
1241 1683 1456 1720 commoda
1475 1683 1535 1731 (vt
1555 1682 1728 1721 Flaccus
1746 1683 1899 1733 inquit)

305 1760 483 1797 peccem.
543 1748 702 1797 Quibus
736 1751 940 1798 quantum
974 1761 1065 1786 meo
1103 1747 1257 1786 iudicio
1294 1760 1378 1786 non
1412 1749 1579 1786 strenue
1617 1760 1662 1785 ac
1707 1749 1903 1799 gnauiter

305 1813 429 1851 modo
449 1814 667 1852 sedetiam
686 1814 862 1852 feliciter
887 1814 1088 1852 hactenus
1115 1812 1382 1859 consulueris,
1406 1812 1514 1861 apud
1540 1812 1645 1851 alios
1667 1813 1903 1862 praedicare

251 1897 287 1917 10
306 1891 429 1929 quam
450 1879 528 1917 tibi
549 1880 699 1917 referre
714 1879 872 1918 malim.
934 1879 1014 1918 Sed
1034 1892 1086 1916 ne
1108 1878 1201 1924 tibi,
1223 1877 1295 1927 qui
1314 1890 1382 1915 me
1400 1877 1518 1916 intus
1537 1879 1577 1916 et
1596 1878 1640 1916 in
1659 1880 1753 1917 cute
1772 1879 1895 1927 nosti,

305 1943 387 1981 iam
420 1957 615 1992 persuasa
649 1947 772 1994 atque
807 1944 934 1982 etiam
965 1946 1062 1982 nota
1091 1943 1270 1993 longiori
1298 1955 1489 1981 sermone
1518 1944 1764 1993 persuadere
1792 1944 1903 1983 velle

306 2008 456 2056 videar,
479 2009 529 2047 ad
551 2008 768 2059 epistolam
788 2011 904 2048 tuam
923 2011 1056 2048 venio.

361 2073 478 2121 Quod
524 2076 578 2118 te,
617 2075 798 2124 vndique
840 2074 1119 2113 inuitantibus
1165 2073 1331 2124 regibus
1369 2075 1493 2123 atque
1530 2074 1801 2124 principibus,
1847 2075 1900 2113 ad

308 2138 475 2177 Nouum
504 2139 817 2178 Testamentum
848 2140 1127 2178 recudendum
1157 2138 1367 2177 Basileam
1397 2138 1559 2178 reiectis
1582 2152 1627 2177 ac
1656 2140 1902 2190 posthabitis

252 2214 284 2244 15
307 2204 501 2242 omnibus
530 2205 714 2243 conferre
742 2205 941 2253 maluisti,
965 2204 1074 2243 nihil
1103 2204 1296 2254 equidem
1325 2204 1464 2252 miror,
1489 2205 1642 2255 quippe
1671 2205 1743 2255 qui
1771 2206 1901 2244 sciam

307 2270 528 2308 Erasmum
549 2271 656 2308 nihil
676 2284 774 2321 prae
793 2271 1006 2309 literarum
1020 2270 1272 2308 conscientia
1285 2270 1427 2320 magni
1444 2283 1630 2320 vnquam
1648 2271 1898 2310 aestimasse.

308 2334 560 2385 Vtinamque
596 2335 638 2373 id
668 2336 834 2374 fecisses
864 2336 965 2374 dum
991 2335 1085 2374 istic
1113 2348 1186 2385 ego
1215 2335 1406 2373 aderam!
1443 2334 1551 2373 nihil
1579 2335 1692 2374 enim
1721 2349 1789 2374 me
1816 2349 1901 2375 vno

306 2399 456 2438 fuisset
493 2400 666 2448 beatius,
690 2415 765 2440 nec
785 2402 884 2440 vrbs
917 2402 1049 2440 Roma
1082 2403 1170 2440 tam
1202 2400 1323 2439 facile
1354 2413 1420 2438 me
1459 2414 1649 2439 reuocare
1683 2401 1899 2451 potuisset.

307 2465 390 2503 Pro
409 2466 536 2504 Breui
556 2466 783 2505 obtinendo
803 2467 912 2517 quod
931 2467 1066 2516 operis
1086 2466 1149 2504 tui
1168 2465 1398 2515 benignum
1418 2466 1608 2505 futurum
1630 2466 1684 2505 sit
1703 2466 1896 2516 elogium,

251 2545 288 2565 20
308 2544 390 2569 non
424 2531 501 2569 tibi
532 2532 736 2581 Georgius
757 2535 829 2571 aut
857 2532 1019 2571 Marcus
1044 2531 1217 2581 rogandi
1245 2532 1422 2578 fuerunt,
1446 2545 1625 2581 quorum
1649 2532 1718 2570 hic
1736 2532 1902 2582 iampri-

308 2597 400 2634 dem
420 2596 470 2634 ab
492 2597 603 2635 Vrbe
627 2597 753 2646 abest,
777 2597 849 2635 ille
870 2611 966 2637 vero
992 2597 1194 2648 proximis
1216 2596 1360 2635 diebus
1385 2599 1680 2636 autumnatum
1707 2597 1902 2646 secessit;

307 2674 401 2700 cum
417 2662 677 2700 Cardinalem
698 2676 837 2701 meum
859 2665 1032 2701 sanctor.
1052 2664 1238 2713 quatuor,
1256 2662 1471 2701 doctorum
1491 2662 1682 2701 omnium
1695 2662 1901 2702 fautorem

566 2761 640 2791 865.
669 2770 694 2790 1.
721 2761 764 2791 ad
782 2764 855 2793 (ald.
874 2763 915 2791 H.
1060 2769 1109 2800 19,
1127 2769 1181 2799 39,
1202 2768 1255 2798 51.
1280 2760 1389 2790 Breui
1407 2762 1456 2790 F:
1478 2761 1585 2791 breue
1600 2763 1639 2792 E.

351 2853 425 2882 864.
453 2861 501 2890 17.
535 2852 782 2893 Euangelista]
822 2854 855 2884 A
894 2854 1070 2892 secretary
1185 2862 1235 2882 10.
1261 2852 1378 2893 intus]
1404 2853 1454 2884 Cf.
1472 2853 1564 2884 Pers.
1581 2863 1612 2893 3.
1629 2863 1680 2893 3ο.

310 2894 426 2925 whose
458 2905 563 2927 name
598 2907 679 2936 may
711 2897 752 2927 be
787 2897 907 2927 traced
939 2898 977 2928 in
1007 2897 1069 2928 the
1184 2905 1235 2935 19.
1260 2895 1386 2936 Breui]
1413 2897 1476 2937 Ep.
1493 2897 1567 2934 864.

310 2938 417 2976 Papa]
442 2939 604 2978 registers
630 2941 788 2979 1518—29.
1181 2949 1233 2970 20.
1259 2939 1447 2980 Georgius]
1470 2939 1603 2971 Riario.

351 2982 425 3012 865.
458 2992 484 3013 1.
511 2983 664 3025 Literae]
692 2984 760 3014 Not
776 2987 911 3015 extant.
1227 2982 1382 3023 Marcus]
1407 2984 1591 3022 Grimani;
1614 2984 1659 3015 cf.
1676 2984 1729 3024 Ep
1753 2983 1828 3013 860.
1843 2992 1897 3022 30.

354 3033 382 3062 7.
410 3026 571 3067 Flaccus]
596 3030 654 3064 Ep.
671 3037 701 3059 2.
724 3037 750 3058 1.
768 3037 798 3067 3.
1182 3036 1233 3057 22.
1259 3025 1486 3058 Cardinalem
1503 3027 1642 3068 meum]
1667 3028 1704 3059 L.
1726 3026 1840 3058 Pucci.
