2034 3433
266 124 346 162 226
732 126 982 166 LETTERS
1021 127 1092 165 OF
1129 127 1393 167 ERASMUS
1731 127 1856 181 [1518

265 223 397 263 Mutet
417 225 488 263 ille
509 225 656 273 locum,
672 227 707 263 si
724 228 858 275 queat,
877 225 921 263 in
942 239 1022 274 quo
1042 239 1110 263 me
1129 225 1293 273 lacerat,
1307 239 1382 275 ego
1401 240 1476 275 pro
1495 226 1656 265 viribus
1670 240 1857 276 premam

263 289 510 339 Apologiam
545 304 625 340 qua
655 304 722 328 me
756 290 938 328 defendo.
999 290 1113 328 Num
1142 304 1209 328 me
1237 292 1302 329 vis
1330 291 1501 330 abiicere
1529 292 1732 341 clypeum,
1762 307 1856 331 cum

187 366 247 399 170
264 354 334 392 ille
367 356 448 394 tela
476 356 521 393 in
550 369 692 394 meum
721 358 843 405 caput
871 356 1035 394 vibrata
1073 369 1202 394 manu
1234 357 1407 395 teneat?
1464 357 1600 395 Facile
1632 360 1695 396 est
1724 358 1856 397 alieno

182 689 238 723 ¹75

176 1011 236 1041 180

175 1339 232 1379 185

173 1675 234 1708 190

174 2002 231 2034 Ι95

172 2330 234 2352 200

264 420 394 458 dolori
423 421 592 459 modum
621 421 906 470 praescribere,
929 421 1048 458 facile
1077 423 1139 459 est
1168 421 1214 459 in
1242 421 1390 460 alienis
1413 422 1535 460 malis
1561 422 1703 461 animo
1726 436 1856 473 aequo

263 486 555 535 moderatoque
581 499 678 524 esse.
739 486 928 524 Fortasse
951 487 996 524 tu
1024 486 1060 524 si
1082 486 1151 524 hic
1179 499 1299 535 esses,
1321 486 1442 524 aliter
1461 487 1614 525 sentias
1628 501 1637 535 ;
1666 487 1751 526 imo
1775 488 1856 527 nisi

259 563 427 598 prorsus
445 550 589 600 ignoro
609 551 837 598 Budaeum,
860 551 982 599 longe
1002 550 1081 588 alio
1105 550 1273 588 brachio
1303 551 1508 600 clypeum,
1530 564 1673 589 ensem
1700 564 1747 590 ac
1773 553 1857 591 tela

259 627 331 653 sua
351 615 564 654 vibrasset.
624 616 817 654 Primum
837 618 974 654 tecum
994 618 1147 666 reputa,
1167 617 1227 654 mi
1250 616 1427 663 Budaee,
1447 629 1573 666 quam
1591 617 1645 655 sit
1667 617 1855 656 odiosum

258 679 446 718 hereseos
484 683 525 719 et
558 681 789 730 impietatis
827 681 996 729 crimen,
1032 684 1126 720 tum
1163 682 1336 720 obserua
1374 682 1545 731 quoties,
1580 683 1681 732 quot
1718 682 1852 731 dictis,

257 744 390 794 iisque
428 746 709 794 odiosissimis,
747 747 792 785 in
829 760 897 785 me
935 747 1217 794 debacchetur,
1253 747 1340 796 ipse
1379 747 1502 785 toties
1538 760 1562 785 a
1595 760 1662 786 me
1694 747 1856 786 honori-

256 810 521 849 ficentissime
549 812 832 861 praedicatus:
867 814 908 850 et
936 813 1091 851 arbiter
1120 813 1384 861 sententiam,
1417 812 1454 851 si
1482 812 1608 860 lubet,
1641 812 1748 851 feras
1772 815 1854 852 vtri

256 879 445 914 nostrum
475 877 599 915 fuerit
627 878 935 928 imputandum,
968 879 1093 917 etiam
1121 879 1158 917 si
1188 892 1261 928 par
1289 878 1380 927 pari
1409 878 1659 926 retulissem,
1690 878 1728 917 si
1764 879 1855 918 iure

254 940 421 980 talionis
440 954 573 980 essem
593 956 702 991 vsus,
725 945 762 982 si
782 943 968 982 conuicia
987 943 1184 982 conuiciis
1205 943 1464 982 retudissem.
1522 943 1605 982 Par
1624 946 1710 982 erat
1725 944 1854 983 totius

254 1006 355 1044 mali
383 1020 591 1046 summam
621 1009 820 1058 imputari
850 1009 921 1058 qui
950 1009 1061 1059 prior
1093 1009 1337 1056 lacessisset,
1371 1011 1412 1047 et
1445 1008 1504 1047 ita
1531 1009 1764 1048 lacessisset
1794 1012 1853 1057 vt,

252 1071 335 1109 nisi
354 1085 421 1109 me
442 1072 719 1121 defenderem,
739 1074 1041 1123 Augustinum,
1065 1074 1346 1121 Ambrosium,
1369 1073 1660 1122 Athanasium,
1680 1073 1854 1123 Chryso-

252 1138 448 1185 stomum,
496 1138 678 1177 breuiter
725 1141 878 1178 ceteros
916 1139 1166 1178 orthodoxos
1205 1140 1364 1178 omneis
1409 1141 1532 1189 atque
1572 1140 1710 1189 ipsum
1753 1140 1852 1179 adeo

252 1202 559 1252 Hieronymum
594 1204 638 1241 in
666 1205 879 1243 communi
908 1204 1082 1242 crimine
1112 1205 1262 1243 fuerim
1292 1205 1544 1244 deserturus.
1597 1205 1708 1243 Nam
1742 1205 1778 1243 is
1806 1208 1852 1243 vt

252 1267 297 1305 in
327 1281 446 1317 opere
475 1271 663 1318 suspecto
692 1269 854 1308 duobus
883 1269 1021 1308 verbis
1051 1271 1260 1320 vtcunque
1286 1283 1360 1320 pro
1388 1270 1519 1308 Fabro
1544 1270 1653 1319 facit,
1677 1271 1738 1309 ita
1757 1284 1852 1309 cum

252 1333 365 1381 alias,
396 1335 489 1372 tum
518 1333 563 1372 in
592 1335 904 1374 commentariis
933 1348 1037 1384 quos
1066 1335 1231 1385 scripsit
1259 1336 1305 1373 in
1332 1335 1563 1385 Epistolam
1590 1336 1641 1374 ad
1670 1335 1849 1384 Galatas,

253 1399 388 1447 palam
417 1399 635 1437 nobiscum
665 1400 804 1439 sentit.
870 1400 925 1438 In
954 1400 1039 1438 leui
1069 1400 1361 1450 suggillatione
1391 1401 1447 1439 sit
1478 1414 1550 1439 sua
1583 1400 1731 1451 cuique
1763 1414 1851 1440 sen-

252 1464 534 1512 tentia‚detur
547 1464 703 1514 aliquid
724 1465 943 1513 amiciciae,
963 1465 1084 1504 detur
1099 1465 1307 1504 ciuilitati.
1366 1466 1507 1504 Liceat
1522 1465 1607 1504 labi
1627 1468 1668 1504 et
1687 1466 1847 1516 corrigi,

251 1529 372 1568 liceat
400 1531 442 1568 et
475 1543 688 1579 perperam
721 1530 950 1570 dissentire.
1011 1532 1105 1569 Non
1141 1531 1403 1569 committam
1441 1533 1487 1569 vt
1525 1530 1744 1582 quisquam
1782 1532 1850 1570 hic

253 1607 391 1632 meam
411 1594 626 1644 desyderet
646 1595 966 1634 humanitatem.

307 1661 395 1699 Scis
421 1660 518 1710 ipse,
541 1661 599 1698 mi
621 1661 793 1709 Budaee,
818 1664 864 1699 vt
887 1662 1049 1711 pridem
1076 1675 1244 1700 mecum
1272 1662 1329 1700 sis
1348 1662 1554 1709 velitatus,
1576 1664 1623 1700 vt
1642 1664 1714 1700 tuo
1735 1675 1850 1701 more

250 1726 397 1764 luseris
417 1726 461 1764 in
480 1740 571 1765 mea-
600 1728 926 1778 λεπτολογήματα,
951 1729 996 1765 vt
1022 1727 1188 1765 libellos
1217 1729 1379 1766 nostros
1406 1728 1611 1766 deieceris.
1671 1728 1754 1766 His
1773 1741 1847 1778 ego

251 1793 416 1830 tantum
443 1792 560 1830 abest
578 1794 625 1831 vt
649 1793 731 1830 sim
754 1794 987 1831 commotus
1007 1792 1188 1841 (etiamsi
1216 1794 1262 1830 tu
1289 1795 1547 1831 commotum
1570 1792 1783 1842 iocabaris)
1802 1796 1849 1831 vt

250 1859 392 1905 postea
411 1870 462 1895 ne
481 1857 564 1906 pilo
585 1858 753 1906 quidem
773 1857 902 1896 fueris
922 1858 1201 1896 iniucundior.
1264 1858 1317 1896 Et
1337 1860 1478 1896 tamen
1493 1871 1639 1896 verum
1657 1860 1720 1897 est
1739 1859 1848 1908 quod

251 1922 333 1959 dici
364 1922 478 1969 solet,
513 1923 733 1971 scriptores
769 1922 891 1960 libris
925 1922 1012 1960 suis
1052 1935 1136 1960 non
1168 1935 1284 1960 secus
1319 1924 1440 1972 atque
1479 1924 1671 1971 parentes
1706 1922 1848 1961 liberis

250 1987 398 2025 fauere.
457 1987 542 2025 Nec
580 1988 750 2026 deerant
789 1988 860 2037 qui
897 2001 964 2026 me
1002 1988 1133 2026 literis
1172 1987 1257 2026 suis
1293 1988 1343 2026 ad
1383 1988 1531 2037 Copiae
1564 1988 1847 2026 defensionem

252 2052 545 2099 accende1-ent;
575 2066 750 2102 quorum
770 2066 842 2102 ego
868 2053 1133 2091 sedulitatem
1158 2053 1230 2091 risi
1257 2054 1368 2101 satiS,
1391 2055 1433 2091 et
1459 2054 1599 2092 animo
1621 2053 1848 2103 tranquillo

252 2130 338 2155 esse
358 2118 472 2166 iussi,
494 2120 668 2156 testatus
687 2118 796 2156 inter
817 2131 892 2156 nos
911 2118 1080 2168 pulchre
1103 2118 1335 2156 conuenire.
1394 2119 1454 2157 At
1481 2119 1605 2157 Fabri
1630 2119 1847 2158 insectatio

251 2182 471 2232 plusquam
487 2182 640 2232 tragica
655 2185 730 2230 est,
749 2195 794 2220 ac
807 2182 930 2233 plane
945 2183 1126 2221 demiror
1141 2183 1356 2221 hominem
1373 2183 1614 2221 huiusmodi
1629 2183 1848 2233 tragoediis

252 2247 470 2295 delectari;
500 2248 616 2286 velut
644 2247 689 2285 in
718 2247 861 2286 libello
883 2262 1006 2298 quem
1036 2262 1166 2298 nuper
1194 2249 1254 2287 De
1284 2249 1418 2286 tribus
1445 2248 1701 2298 Magdalenis
1730 2251 1772 2286 et
1798 2249 1848 2287 de

252 2313 388 2352 triduo
421 2313 577 2352 Christi
607 2314 679 2362 (sic
712 2313 824 2351 enim
856 2313 929 2352 ille
963 2314 1095 2362 vocat)
1133 2314 1389 2363 conscripsit,
1425 2313 1717 2363 disputationis
1753 2326 1846 2352 con-

252 2379 453 2417 ditionem
487 2379 531 2416 in
561 2379 636 2417 has
669 2379 881 2429 angustias
920 2379 1096 2427 deducit,
1131 2381 1177 2417 vt
1218 2380 1457 2429 quicunque
1489 2379 1598 2417 dicat
1632 2378 1846 2417 Christum

251 2445 344 2493 post
376 2446 459 2482 tres
489 2444 577 2482 dies
609 2445 893 2492 resurrexisse,
928 2447 1143 2483 censeatur
1177 2445 1435 2483 Christianae
1466 2445 1574 2491 fidei,
1607 2443 1848 2494 Euangeliis

251 2511 371 2558 atque
397 2509 512 2547 omni
534 2522 700 2557 prorsus
719 2509 885 2548 veritati
910 2509 1132 2548 aduersari.
1191 2510 1325 2559 Atqui
1347 2511 1405 2548 ita
1429 2523 1525 2548 sane
1550 2522 1600 2547 ex
1620 2508 1756 2548 Marco
1776 2522 1848 2559 per

252 2574 393 2612 orbem
421 2575 663 2612 vniuersum
695 2574 845 2612 Latina
877 2574 979 2623 legit
1012 2574 1195 2613 Ecclesia
1225 2576 1347 2624 atque
1378 2575 1505 2612 etiam
1538 2574 1702 2612 Graeca.
1763 2573 1847 2612 Nec

300 2673 371 2702 268.
396 2672 423 2701 si
443 2674 549 2710 queat
566 2675 639 2703 add.
660 2674 699 2702 D.
805 2682 869 2711 pro
885 2672 1022 2702 viribus
1039 2674 1113 2702 add.
1131 2673 1170 2701 D.
1321 2681 1391 2710 172.
1415 2673 1486 2702 imo
1504 2695 1511 2702 .
1531 2696 1537 2702 .
1557 2693 1564 2701 .
1584 2681 1655 2710 174.
1672 2672 1846 2702 vibrasset

253 2718 327 2745 add.
344 2718 372 2745 D
383 2716 472 2755 (173.
492 2725 531 2745 ac
542 2716 614 2745 tela
626 2718 675 2745 F:
698 2715 781 2754 tela,
794 2724 834 2745 ac
844 2716 931 2756 DB).
1017 2716 1088 2745 182.
1106 2716 1283 2746 breuiter.
1298 2740 1303 2746 .
1317 2739 1323 2746 .
1337 2717 1474 2744 omneis
1485 2718 1559 2746 add.
1570 2714 1615 2746 αἳ.
1697 2724 1768 2753 190.
1784 2716 1846 2745 tuo

256 2768 351 2788 more
367 2761 439 2789 acld.
459 2757 503 2789 αἳ.
641 2769 714 2798 197.
740 2760 894 2789 testatus
910 2770 930 2788 α
946 2771 951 2789 ;
977 2760 1113 2789 testans
1128 2759 1164 2792 β.
1301 2768 1371 2797 199.
1398 2759 1441 2788 de
1457 2763 1522 2796 post
1537 2760 1571 2789 et
1589 2759 1633 2792 αβ
1651 2770 1657 2789 z
1679 2768 1738 2788 om.
1757 2761 1790 2788 F.

302 2866 371 2894 172.
396 2860 436 2887 tu
454 2859 482 2887 si
498 2858 574 2898 hic]
591 2857 642 2888 Cf.
662 2857 738 2888 Ter.
757 2860 862 2888 Andr.
881 2867 955 2895 310.
1130 2867 1200 2895 190.
1228 2857 1384 2898 pritlein]
1403 2858 1466 2897 Ep.
1484 2867 1559 2896 435.
1576 2859 1618 2896 69
1634 2866 1704 2896 seq.

302 2900 372 2938 184.
392 2910 493 2939 opere
507 2900 685 2941 suspecto]
705 2903 815 2931 Comm.
829 2903 862 2931 in
873 2901 966 2931 Ps.8.
979 2902 1017 2938 6;
1130 2910 1202 2939 192.
1227 2901 1415 2941 iocabaris]
1434 2901 1496 2940 Ep.
1514 2910 1585 2938 435.
1605 2901 1692 2938 85‚6.

255 2943 319 2973 the
335 2943 577 2983 authenticity
590 2944 756 2975 ofwhich
769 2944 936 2974 Erasmus
946 2944 1017 2974 had
1132 2955 1200 2983 194.
1227 2944 1430 2984 scriptores]
1450 2944 1500 2975 Cf.
1519 2945 1583 2983 Ep.
1600 2953 1673 2982 531.
1691 2952 1799 2982 541,2.

254 2987 440 3017 contested
458 2987 496 3017 in
514 2988 583 3018 vol.
602 2988 613 3017 i
631 2988 668 3018 of
681 2988 830 3026 Jerome,
848 2987 894 3018 f0.
912 2986 948 3027 -γ5
964 2990 1013 3018 v0.
1130 2997 1200 3026 199.
1228 2987 1365 3029 libello]
1383 2988 1435 3019 Cf.
1451 2987 1513 3027 Ep.
1534 2988 1605 3026 766.
1625 2996 1710 3017 2211.
