2034 3433
145 145 245 199 895]
558 148 710 188 FROM
746 148 1012 189 WILLIAM
1050 150 1324 191 BUDAEUS
1653 155 1735 194 437

144 253 281 291 bunde
300 253 464 292 reiicere
493 254 601 304 quod
629 254 826 293 verereris
854 268 907 293 ne
933 255 1105 294 Carolus
1129 256 1325 306 Princeps
1350 256 1657 297 illustrissimus
1683 260 1734 296 ob

143 318 186 356 id
207 318 494 368 offenderetur,
517 319 607 358 Rex
625 318 822 357 Franciae
842 320 904 357 tui
928 321 1102 370 cupidus
1124 313 1216 359 eam
1247 321 1297 359 ob
1324 334 1412 359 rem
1435 322 1486 360 ad
1514 335 1609 361 eum
1639 324 1732 361 scri-

144 385 294 432 pturus
312 383 450 431 fuerit,
473 384 508 422 si
528 384 627 434 quid
648 385 694 421 tu
715 384 966 423 eiuscemodi
986 398 1231 424 excusasses.

198 448 306 486 Tum
339 451 439 487 sunt
469 447 562 497 alia,
595 460 700 499 quae
730 448 905 487 scribere
940 449 1111 499 longum
1145 452 1263 499 esset,
1300 464 1374 489 nec
1405 451 1598 502 epistolae
1628 452 1732 490 forte

143 513 450 560 committenda,
469 513 540 552 sed
563 515 704 552 tamen
723 527 824 564 quae
846 526 912 552 me
933 514 1191 564 impulerunt
1210 517 1255 553 vt
1276 516 1560 555 huiuscemodi
1588 516 1732 567 episto·
1751 532 1791 564 95

143 578 226 617 lam
246 578 295 616 ad
316 580 358 617 te
380 578 629 626 scriberem;
658 578 765 629 quod
792 578 841 616 ad
870 578 946 616 hoc
970 579 1138 628 quidem
1163 580 1355 630 pertinet.
1415 581 1532 630 Quod
1557 581 1593 621 si
1620 595 1730 620 nunc

142 643 248 681 mihi
267 643 318 682 ad
337 643 495 694 aliquot
515 656 680 682 menses
698 643 925 682 amicitiam
945 644 1185 683 renunciare
1201 645 1397 695 cogitasti,
1415 646 1545 696 quoad
1565 647 1732 685 animus

143 710 240 746 tuus
268 708 314 747 in
342 721 410 747 me
438 710 669 747 commotus
697 709 935 755 consederit,
958 709 1068 748 haud
1097 710 1199 748 satis
1222 710 1346 760 digna
1371 723 1489 750 causa
1511 714 1573 750 est
1593 725 1732 762 quam-

142 773 284 812 obrem
317 773 513 812 Antistiti
546 773 736 811 Parisino
774 786 858 812 non
890 773 1071 822 scribas;
1114 787 1243 824 quum
1276 774 1317 813 id
1356 777 1574 826 negocium
1612 776 1731 815 facile

140 849 336 886 passurus
369 838 448 877 sim
482 840 571 876 sine
604 851 672 876 me
698 837 853 876 arbitro
882 841 952 877 aut
982 839 1243 878 internuncio
1271 841 1457 891 transigi.
1516 842 1575 879 Tu
1603 841 1728 880 velim
1755 856 1814 878 100

141 902 389 941 rusticulum
402 916 469 940 me
482 902 774 950 cauillatorem‚
791 916 875 940 non
887 905 1140 953 protei-uum,
1151 917 1238 942 esse
1251 905 1534 955 interpreteris
1550 905 1607 955 (id
1622 907 1730 956 quod

140 970 186 1005 tu
207 970 352 1018 sponte
370 968 503 1006 facere
517 967 624 1006 mihi
639 968 789 1016 videre,
809 967 844 1005 si
863 981 936 1017 per
953 969 1120 1007 tuorum
1139 982 1279 1019 pacem
1301 970 1452 1009 bonam
1471 970 1639 1020 liceret),
1656 985 1731 1009 nec

140 1045 205 1070 me
235 1033 374 1071 minus
401 1046 525 1083 quam
549 1032 708 1071 dudum
733 1032 977 1083 pridemque
1002 1046 1142 1080 ames;
1173 1034 1356 1073 inuitum
1385 1035 1498 1073 enim
1529 1038 1569 1074 te
1597 1036 1730 1074 facere

139 1097 269 1146 video,
300 1100 346 1136 vt
372 1098 480 1136 mihi
507 1098 719 1136 infensum
748 1099 788 1135 te
816 1098 1021 1147 praebeas.
1079 1099 1252 1138 Vtinam
1287 1103 1426 1138 autem
1455 1100 1515 1138 ita
1544 1113 1611 1139 me
1641 1101 1730 1139 diui

138 1163 242 1202 bene
261 1163 462 1202 adiuuent
481 1164 526 1201 vt
546 1176 620 1212 ego
639 1162 717 1200 tibi
736 1162 841 1201 bene
861 1162 980 1212 cupio
995 1163 1206 1213 laetorque
1219 1164 1416 1214 sospitem
1435 1167 1477 1204 te
1495 1165 1728 1204 Louanium
1751 1182 1809 1213 105

137 1228 319 1267 rediisse.
378 1228 536 1266 Rumor
553 1227 666 1266 enim
686 1227 754 1266 hic
773 1229 967 1266 constans
986 1230 1071 1267 erat
1090 1228 1266 1268 Romam
1287 1232 1327 1267 te
1348 1231 1419 1268 aut
1446 1230 1728 1269 Mediolanum

137 1294 346 1343 migrasse.
408 1293 659 1332 Glareanum
685 1292 763 1331 tibi
790 1293 979 1341 salutaui,
1008 1294 1077 1344 qui
1107 1295 1229 1332 hodie
1252 1295 1302 1333 ad
1333 1308 1398 1333 me
1428 1295 1554 1333 venit.
1612 1294 1725 1343 Vale,

136 1361 177 1397 et
197 1372 274 1406 me,
298 1371 393 1397 cum
411 1358 512 1397 satis
532 1358 669 1397 odisse
687 1358 888 1407 videbere,
911 1371 1054 1397 rursus
1072 1372 1175 1398 ama.

189 1423 369 1472 Parisiis,
392 1422 527 1473 pridie
557 1422 640 1461 Cal.
672 1423 940 1472 Nouembres,
968 1437 1061 1463 cum
1086 1425 1217 1475 pridie
1243 1425 1332 1464 eius
1359 1425 1440 1464 diei
1464 1425 1607 1464 literas
1635 1427 1728 1463 tuas

134 1488 382 1538 accepissem
402 1489 511 1526 haud
531 1488 751 1538 auspicato.
1750 1508 1809 1530 110

189 1609 277 1658 Qvo
306 1609 438 1658 magis
465 1608 539 1647 illa
566 1608 726 1647 nefasta
754 1609 928 1659 epistola
947 1609 1135 1648 Vulcano
1160 1610 1356 1649 sacranda
1384 1610 1574 1648 videatur
1601 1609 1726 1659 (quod

133 1678 274 1714 tamen
294 1673 358 1712 tui
383 1673 544 1712 arbitrii
566 1674 655 1722 erit,
678 1687 808 1724 quum
832 1676 904 1713 tua
928 1675 1061 1725 magis
1086 1688 1210 1725 quam
1231 1688 1324 1714 mea
1349 1688 1469 1714 causa
1489 1674 1640 1724 scripta
1659 1674 1724 1721 sit,

134 1740 171 1778 si
208 1738 310 1778 satis
347 1738 648 1788 regustaueris),
681 1739 753 1778 sed
790 1740 934 1777 tamen
972 1753 1053 1789 quo
1089 1740 1232 1778 minus
1270 1740 1376 1778 mihi
1413 1739 1580 1789 placeat,
1616 1739 1728 1777 inter

133 1805 355 1855 legendum
373 1817 464 1842 eam
483 1803 606 1842 hodie
628 1798 809 1843 erratum
822 1810 967 1843 '‘vnum
994 1805 1248 1855 deprehendi
1277 1805 1323 1843 in
1347 1805 1436 1843 eius
1456 1804 1605 1843 scheda
1625 1818 1726 1854 quae

133 1870 240 1920 apud
259 1882 326 1908 me
347 1871 563 1908 manserat.
625 1869 676 1908 Id
706 1872 769 1908 est
794 1871 933 1908 autem
959 1869 1004 1908 in
1031 1870 1211 1908 secunda
1238 1870 1399 1921 pagella
1421 1870 1466 1908 in
1487 1870 1553 1908 his
1572 1868 1722 1915 verbis,
1748 1885 1804 1915 115

136 1934 208 1973 ·1d
236 1934 344 1984 quod
373 1935 420 1972 tu
448 1933 670 1973 inficiando
694 1948 779 1973 non
805 1934 929 1974 eris':
961 1935 1070 1984 quod
1097 1936 1132 1973 si
1157 1934 1304 1973 itidem
1328 1936 1391 1973 est
1408 1935 1454 1973 in
1474 1937 1557 1982 tua,
1580 1947 1657 1978 me,
1679 1936 1724 1972 vt

133 2002 245 2050 puto,
266 1998 368 2037 satis
386 1998 562 2037 irrisisti.
615 1999 742 2038 Volui
761 2000 874 2037 enim
895 1999 1038 2048 dicere,
1065 2000 1155 2038 ‘cui
1175 2002 1220 2038 tu
1242 2000 1299 2038 rei
1314 1999 1582 2038 inficiandae?
1629 1999 1724 2037 Non

131 2064 250 2102 video
276 2065 417 2102 tamen
447 2076 518 2102 cur
543 2064 616 2103 illa
644 2065 785 2102 minus
814 2065 925 2103 exire
954 2065 1078 2115 digna
1106 2065 1160 2104 sit
1189 2065 1362 2115 epistola
1396 2077 1519 2115 quam
1556 2063 1630 2102 illa
1659 2064 1724 2102 die

131 2129 303 2168 brumae
333 2129 494 2178 scripta,
528 2128 572 2167 in
606 2142 687 2179 qua
719 2130 765 2167 τὰ
793 2131 956 2178 μυστικὰ
989 2130 1192 2180 euulgasti
1223 2143 1326 2180 quae
1360 2129 1467 2168 inter
1504 2131 1545 2166 te
1583 2130 1624 2166 et
1658 2141 1725 2166 me

131 2206 276 2232 arcana
304 2193 390 2231 fore
423 2193 648 2243 sperabam,
682 2194 779 2232 adeo
808 2197 852 2232 vt
881 2207 932 2232 ne
961 2195 1069 2244 apud
1098 2208 1166 2233 me
1194 2195 1361 2245 quidem
1389 2194 1525 2232 Vllum
1547 2193 1722 2232 verbum
1746 2209 1806 2231 120

131 2259 219 2297 eius
247 2257 422 2297 schedae
454 2259 729 2296 remansisset.
803 2258 1057 2308 Scripseram
1090 2259 1140 2298 ad
1174 2262 1215 2298 te
1246 2259 1371 2297 aliam
1406 2271 1568 2309 quoque
1605 2258 1722 2296 semi-

131 2336 330 2373 graecam,
362 2336 447 2361 non
476 2323 619 2372 magis,
649 2325 695 2361 vt
722 2323 911 2371 arbitror,
943 2324 1294 2374 supprimendam.
1356 2323 1474 2372 Quod
1504 2323 1540 2361 si
1567 2322 1612 2360 in
1640 2336 1723 2361 vno

131 2390 203 2427 aut
240 2387 369 2426 altero
407 2400 528 2427 versu
565 2389 638 2426 aut
670 2387 860 2437 pluribus
896 2388 1029 2438 posita
1068 2390 1166 2427 sunt
1204 2402 1306 2439 quae
1344 2387 1604 2427 stomachum
1643 2387 1721 2426 tibi

130 2453 300 2500 faciunt,
323 2465 395 2502 per
414 2465 481 2491 me
499 2451 596 2491 licet
614 2454 660 2491 vt
677 2453 881 2492 arbitratu
902 2454 974 2492 tuo
995 2455 1213 2492 mutentur
1232 2455 1304 2492 aut
1322 2452 1538 2491 tollantur.

174 2579 227 2608 93.
257 2569 431 2600 eiusmodi
446 2571 489 2600 N.
599 2579 652 2609 97.
677 2569 723 2600 ad
738 2580 797 2601 om.
811 2573 851 2601 Ν.
963 2571 1015 2609 98.
1043 2579 1100 2601 me
1117 2573 1162 2600 E:
1188 2572 1222 2600 te
1238 2573 1279 2601 N.
1392 2570 1464 2601 106.
1491 2568 1622 2600 redisse
1639 2571 1675 2599 F.

174 2699 228 2728 99.
254 2688 432 2731 Parisino]
452 2688 624 2720 Poncher.
1007 2698 1078 2728 117.
1106 2688 1335 2729 inficiandae]
1361 2688 1425 2729 Ep.
1445 2689 1520 2719 810.
1541 2698 1592 2727 49.

179 2733 249 2763 106.
266 2731 526 2772 Mediolanum]
541 2732 587 2763 M.
600 2731 802 2763 Delaruelle
813 2742 891 2772 sug·
1008 2734 1079 2763 118.
1106 2733 1164 2763 die
1176 2732 1339 2772 brumae]
1354 2732 1416 2772 Ep.
1432 2742 1504 2771 744,
1517 2731 1637 2761 which
1651 2730 1721 2761 had

130 2777 225 2815 gasts
249 2775 329 2806 that
351 2775 381 2805 it
402 2785 485 2814 may
500 2775 592 2805 have
614 2775 702 2806 been
720 2776 892 2816 expected
961 2776 1051 2806 been
1074 2776 1219 2816 printed
1243 2776 1283 2806 in
1307 2774 1376 2814 D1;
1399 2776 1558 2806 whereas
1577 2774 1640 2814 Ep.
1658 2774 1722 2804 810

129 2819 211 2849 that
243 2819 411 2850 Erasmus
436 2818 557 2849 would
588 2828 630 2858 go
659 2821 696 2849 to
727 2819 891 2858 Grolier;
960 2819 1022 2849 did
1038 2822 1100 2850 not
1117 2828 1245 2859 appear
1260 2819 1319 2849 till
1335 2819 1374 2850 E.

129 2862 174 2894 cf.
195 2862 258 2901 Ep.
276 2862 352 2901 831.
1006 2871 1076 2895 121.
1102 2863 1367 2903 semigraecam]
1394 2861 1456 2901 Ep.
1475 2862 1549 2901 568.
