<?xml version="1.0" encoding="UTF-8"?>
<!DOCTYPE html PUBLIC "-//W3C//DTD XHTML 1.0 Transitional//EN"
    "http://www.w3.org/TR/xhtml1/DTD/xhtml1-transitional.dtd">
<html xmlns="http://www.w3.org/1999/xhtml" xml:lang="en" lang="en">
 <head>
  <title>
</title>
<meta http-equiv="Content-Type" content="text/html;charset=utf-8" />
  <meta name='ocr-system' content='tesseract 3.04.00' />
  <meta name='ocr-capabilities' content='ocr_page ocr_carea ocr_par ocr_line ocrx_word'/>
</head>
<body>
  <div class='ocr_page' id='page_1' title='image "./opusepistolarumd03erasuoft_0485.png"; bbox 0 0 2034 3433; ppageno 0'>
   <div class='ocr_carea' id='block_1_1' title="bbox 108 174 1694 236">
    <p class='ocr_par' dir='ltr' id='par_1_1' title="bbox 108 174 1694 236">
     <span class='ocr_line' id='line_1_1' title="bbox 108 174 1694 236; baseline -0.013 -3"><span class='ocrx_word' id='word_1_1' title='bbox 108 177 219 236; x_wconf 67' lang='lat'>893]</span> <span class='ocrx_word' id='word_1_2' title='bbox 546 183 615 222; x_wconf 75' lang='lat' dir='ltr'>&#39;ro</span> <span class='ocrx_word' id='word_1_3' title='bbox 652 182 932 234; x_wconf 84' lang='lat' dir='ltr'>&lt;W1LL1AM</span> <span class='ocrx_word' id='word_1_4' title='bbox 970 177 1260 229; x_wconf 80' lang='lat' dir='ltr'>WARHAM&gt;</span> <span class='ocrx_word' id='word_1_5' title='bbox 1615 174 1694 213; x_wconf 84' lang='lat'>431</span> 
     </span>
    </p>
   </div>
   <div class='ocr_carea' id='block_1_2' title="bbox 109 282 1787 2678">
    <p class='ocr_par' dir='ltr' id='par_1_2' title="bbox 109 282 1772 1768">
     <span class='ocr_line' id='line_1_2' title="bbox 109 282 1737 339; baseline -0.004 -11"><span class='ocrx_word' id='word_1_6' title='bbox 109 288 213 328; x_wconf 87' lang='lat' dir='ltr'>teria</span> <span class='ocrx_word' id='word_1_7' title='bbox 238 291 279 327; x_wconf 92' lang='lat' dir='ltr'>et</span> <span class='ocrx_word' id='word_1_8' title='bbox 301 289 388 328; x_wconf 85' lang='lat' dir='ltr'>alui</span> <span class='ocrx_word' id='word_1_9' title='bbox 418 288 621 338; x_wconf 87' lang='lat' dir='ltr'>profluuio</span> <span class='ocrx_word' id='word_1_10' title='bbox 648 287 995 339; x_wconf 71' lang='lat' dir='ltr'>periculosissime</span> <span class='ocrx_word' id='word_1_11' title='bbox 1024 285 1220 332; x_wconf 85' lang='lat' dir='ltr'>laboraui‚</span> <span class='ocrx_word' id='word_1_12' title='bbox 1246 284 1368 323; x_wconf 89' lang='lat' dir='ltr'>toties</span> <span class='ocrx_word' id='word_1_13' title='bbox 1395 296 1462 321; x_wconf 90' lang='lat' dir='ltr'>me</span> <span class='ocrx_word' id='word_1_14' title='bbox 1488 282 1700 332; x_wconf 79' lang='lat' dir='ltr'>repetente</span> <span class='ocrx_word' id='word_1_15' title='bbox 1720 291 1737 322; x_wconf 78' lang='lat'><strong><em>5</em></strong></span> 
     </span>
     <span class='ocr_line' id='line_1_3' title="bbox 109 346 1699 404; baseline -0.005 -12"><span class='ocrx_word' id='word_1_16' title='bbox 109 353 255 392; x_wconf 90' lang='lat' dir='ltr'>morbo</span> <span class='ocrx_word' id='word_1_17' title='bbox 282 355 328 392; x_wconf 88' lang='lat' dir='ltr'>vt</span> <span class='ocrx_word' id='word_1_18' title='bbox 359 366 462 403; x_wconf 87' lang='lat' dir='ltr'>pene</span> <span class='ocrx_word' id='word_1_19' title='bbox 495 355 690 404; x_wconf 89' lang='lat' dir='ltr'>perpetuo</span> <span class='ocrx_word' id='word_1_20' title='bbox 719 352 953 402; x_wconf 88' lang='lat' dir='ltr'>egrotarim.</span> <span class='ocrx_word' id='word_1_21' title='bbox 1013 350 1130 398; x_wconf 80' lang='lat' dir='ltr'>Quod</span> <span class='ocrx_word' id='word_1_22' title='bbox 1168 350 1204 388; x_wconf 88' lang='lat' dir='ltr'>si</span> <span class='ocrx_word' id='word_1_23' title='bbox 1236 349 1346 387; x_wconf 86' lang='lat' dir='ltr'>nihil</span> <span class='ocrx_word' id='word_1_24' title='bbox 1377 348 1524 386; x_wconf 88' lang='lat' dir='ltr'>fuisset</span> <span class='ocrx_word' id='word_1_25' title='bbox 1553 346 1699 392; x_wconf 89' lang='lat' dir='ltr'>morbi,</span> 
     </span>
     <span class='ocr_line' id='line_1_4' title="bbox 110 411 1701 457; baseline -0.005 0"><span class='ocrx_word' id='word_1_26' title='bbox 110 421 251 457; x_wconf 89' lang='lat' dir='ltr'>tamen</span> <span class='ocrx_word' id='word_1_27' title='bbox 284 420 398 457; x_wconf 90' lang='lat' dir='ltr'>estus</span> <span class='ocrx_word' id='word_1_28' title='bbox 430 420 518 456; x_wconf 86' lang='lat' dir='ltr'>erat</span> <span class='ocrx_word' id='word_1_29' title='bbox 550 419 691 456; x_wconf 86' lang='lat' dir='ltr'>tantus</span> <span class='ocrx_word' id='word_1_30' title='bbox 720 418 768 456; x_wconf 84' lang='lat' dir='ltr'>vt</span> <span class='ocrx_word' id='word_1_31' title='bbox 798 415 1075 455; x_wconf 76' lang='lat' dir='ltr'>robustissimi</span> <span class='ocrx_word' id='word_1_32' title='bbox 1104 414 1175 453; x_wconf 85' lang='lat' dir='ltr'>vix</span> <span class='ocrx_word' id='word_1_33' title='bbox 1208 414 1414 452; x_wconf 77' lang='lat' dir='ltr'>durarent.</span> <span class='ocrx_word' id='word_1_34' title='bbox 1479 411 1533 450; x_wconf 92' lang='lat' dir='ltr'>In</span> <span class='ocrx_word' id='word_1_35' title='bbox 1566 411 1701 451; x_wconf 90' lang='lat' dir='ltr'>reditu</span> 
     </span>
     <span class='ocr_line' id='line_1_5' title="bbox 109 477 1699 533; baseline -0.004 -12"><span class='ocrx_word' id='word_1_36' title='bbox 109 483 311 533; x_wconf 87' lang='lat' dir='ltr'>paulatim</span> <span class='ocrx_word' id='word_1_37' title='bbox 337 484 653 530; x_wconf 87' lang='lat' dir='ltr'>conualueram;</span> <span class='ocrx_word' id='word_1_38' title='bbox 684 484 986 532; x_wconf 77' lang='lat' dir='ltr'>pretergressus</span> <span class='ocrx_word' id='word_1_39' title='bbox 1012 480 1226 520; x_wconf 85' lang='lat' dir='ltr'>Coloniam</span> <span class='ocrx_word' id='word_1_40' title='bbox 1252 481 1315 518; x_wconf 86' lang='lat' dir='ltr'>sat</span> <span class='ocrx_word' id='word_1_41' title='bbox 1343 478 1449 517; x_wconf 89' lang='lat' dir='ltr'>mihi</span> <span class='ocrx_word' id='word_1_42' title='bbox 1477 477 1699 527; x_wconf 82' lang='lat' dir='ltr'>placebam.</span> 
     </span>
     <span class='ocr_line' id='line_1_6' title="bbox 110 543 1705 598; baseline -0.004 -11"><span class='ocrx_word' id='word_1_43' title='bbox 110 548 336 598; x_wconf 84' lang='lat' dir='ltr'>Sperabam</span> <span class='ocrx_word' id='word_1_44' title='bbox 363 548 448 587; x_wconf 85' lang='lat' dir='ltr'>fore</span> <span class='ocrx_word' id='word_1_45' title='bbox 473 550 520 586; x_wconf 89' lang='lat' dir='ltr'>vt</span> <span class='ocrx_word' id='word_1_46' title='bbox 548 561 622 587; x_wconf 90' lang='lat' dir='ltr'>vos</span> <span class='ocrx_word' id='word_1_47' title='bbox 650 548 758 587; x_wconf 90' lang='lat' dir='ltr'>letus</span> <span class='ocrx_word' id='word_1_48' title='bbox 785 548 891 586; x_wconf 88' lang='lat' dir='ltr'>letos</span> <span class='ocrx_word' id='word_1_49' title='bbox 918 548 1013 586; x_wconf 89' lang='lat' dir='ltr'>ante</span> <span class='ocrx_word' id='word_1_50' title='bbox 1040 546 1235 596; x_wconf 86' lang='lat' dir='ltr'>hyemem</span> <span class='ocrx_word' id='word_1_51' title='bbox 1264 545 1503 584; x_wconf 89' lang='lat' dir='ltr'>reuiserem.</span> <span class='ocrx_word' id='word_1_52' title='bbox 1558 543 1705 582; x_wconf 89' lang='lat' dir='ltr'>Varias</span> 
     </span>
     <span class='ocr_line' id='line_1_7' title="bbox 112 607 1764 663; baseline -0.004 -11"><span class='ocrx_word' id='word_1_53' title='bbox 112 614 217 652; x_wconf 90' lang='lat' dir='ltr'>mihi</span> <span class='ocrx_word' id='word_1_54' title='bbox 236 614 472 663; x_wconf 88' lang='lat' dir='ltr'>voluptates</span> <span class='ocrx_word' id='word_1_55' title='bbox 491 613 725 663; x_wconf 79' lang='lat' dir='ltr'>pollicebar.</span> <span class='ocrx_word' id='word_1_56' title='bbox 782 613 861 652; x_wconf 86' lang='lat' dir='ltr'>Sed</span> <span class='ocrx_word' id='word_1_57' title='bbox 883 627 906 651; x_wconf 95' lang='lat' dir='ltr'>o</span> <span class='ocrx_word' id='word_1_58' title='bbox 927 625 1067 651; x_wconf 90' lang='lat' dir='ltr'>rerum</span> <span class='ocrx_word' id='word_1_59' title='bbox 1087 611 1367 649; x_wconf 87' lang='lat' dir='ltr'>humanarum</span> <span class='ocrx_word' id='word_1_60' title='bbox 1386 610 1520 648; x_wconf 87' lang='lat' dir='ltr'>vices!</span> <span class='ocrx_word' id='word_1_61' title='bbox 1576 607 1703 658; x_wconf 89' lang='lat' dir='ltr'>Apud</span> <span class='ocrx_word' id='word_1_62' title='bbox 1724 617 1764 639; x_wconf 81' lang='lat'>10</span> 
     </span>
     <span class='ocr_line' id='line_1_8' title="bbox 111 675 1704 730; baseline -0.004 -12"><span class='ocrx_word' id='word_1_63' title='bbox 111 679 424 730; x_wconf 90' lang='lat' dir='ltr'>Aquisgranum</span> <span class='ocrx_word' id='word_1_64' title='bbox 453 679 499 716; x_wconf 90' lang='lat' dir='ltr'>in</span> <span class='ocrx_word' id='word_1_65' title='bbox 527 678 713 717; x_wconf 90' lang='lat' dir='ltr'>subitum</span> <span class='ocrx_word' id='word_1_66' title='bbox 740 678 915 717; x_wconf 87' lang='lat' dir='ltr'>exitium</span> <span class='ocrx_word' id='word_1_67' title='bbox 940 677 1079 716; x_wconf 89' lang='lat' dir='ltr'>incidi.</span> <span class='ocrx_word' id='word_1_68' title='bbox 1134 677 1254 726; x_wconf 89' lang='lat' dir='ltr'>Equo</span> <span class='ocrx_word' id='word_1_69' title='bbox 1279 675 1424 714; x_wconf 90' lang='lat' dir='ltr'>claudo</span> <span class='ocrx_word' id='word_1_70' title='bbox 1443 677 1584 713; x_wconf 88' lang='lat' dir='ltr'>vectus</span> <span class='ocrx_word' id='word_1_71' title='bbox 1610 686 1704 712; x_wconf 88' lang='lat' dir='ltr'>sum</span> 
     </span>
     <span class='ocr_line' id='line_1_9' title="bbox 113 738 1705 794; baseline -0.004 -12"><span class='ocrx_word' id='word_1_72' title='bbox 113 757 242 794; x_wconf 89' lang='lat' dir='ltr'>vsque</span> <span class='ocrx_word' id='word_1_73' title='bbox 260 743 310 782; x_wconf 86' lang='lat' dir='ltr'>ad</span> <span class='ocrx_word' id='word_1_74' title='bbox 331 743 528 793; x_wconf 87' lang='lat' dir='ltr'>Tongros,</span> <span class='ocrx_word' id='word_1_75' title='bbox 552 743 622 782; x_wconf 86' lang='lat' dir='ltr'>sed</span> <span class='ocrx_word' id='word_1_76' title='bbox 642 744 760 782; x_wconf 89' lang='lat' dir='ltr'>tanto</span> <span class='ocrx_word' id='word_1_77' title='bbox 781 744 963 781; x_wconf 88' lang='lat' dir='ltr'>cruciatu</span> <span class='ocrx_word' id='word_1_78' title='bbox 983 744 1029 781; x_wconf 90' lang='lat' dir='ltr'>vt</span> <span class='ocrx_word' id='word_1_79' title='bbox 1049 741 1271 791; x_wconf 88' lang='lat' dir='ltr'>aliquando</span> <span class='ocrx_word' id='word_1_80' title='bbox 1290 740 1415 778; x_wconf 86' lang='lat' dir='ltr'>fuerit</span> <span class='ocrx_word' id='word_1_81' title='bbox 1434 739 1479 778; x_wconf 93' lang='lat' dir='ltr'>in</span> <span class='ocrx_word' id='word_1_82' title='bbox 1499 740 1640 777; x_wconf 90' lang='lat' dir='ltr'>animo</span> <span class='ocrx_word' id='word_1_83' title='bbox 1661 738 1705 776; x_wconf 93' lang='lat' dir='ltr'>in</span> 
     </span>
     <span class='ocr_line' id='line_1_10' title="bbox 113 804 1706 859; baseline -0.004 -11"><span class='ocrx_word' id='word_1_84' title='bbox 113 809 249 848; x_wconf 87' lang='lat' dir='ltr'>solum</span> <span class='ocrx_word' id='word_1_85' title='bbox 267 811 421 848; x_wconf 85' lang='lat' dir='ltr'>memet</span> <span class='ocrx_word' id='word_1_86' title='bbox 439 809 613 848; x_wconf 87' lang='lat' dir='ltr'>abiicere</span> <span class='ocrx_word' id='word_1_87' title='bbox 632 811 756 859; x_wconf 88' lang='lat' dir='ltr'>atque</span> <span class='ocrx_word' id='word_1_88' title='bbox 776 808 862 847; x_wconf 86' lang='lat' dir='ltr'>illic</span> <span class='ocrx_word' id='word_1_89' title='bbox 882 808 959 848; x_wconf 87' lang='lat' dir='ltr'>sub</span> <span class='ocrx_word' id='word_1_90' title='bbox 983 808 1051 846; x_wconf 92' lang='lat' dir='ltr'>dio</span> <span class='ocrx_word' id='word_1_91' title='bbox 1071 807 1204 845; x_wconf 88' lang='lat' dir='ltr'>efflare</span> <span class='ocrx_word' id='word_1_92' title='bbox 1223 807 1419 844; x_wconf 89' lang='lat' dir='ltr'>animam.</span> <span class='ocrx_word' id='word_1_93' title='bbox 1469 805 1509 843; x_wconf 90' lang='lat' dir='ltr'>A</span> <span class='ocrx_word' id='word_1_94' title='bbox 1529 804 1706 853; x_wconf 83' lang='lat' dir='ltr'>Tongris</span> 
     </span>
     <span class='ocr_line' id='line_1_11' title="bbox 114 870 1703 924; baseline -0.004 -11"><span class='ocrx_word' id='word_1_95' title='bbox 114 874 209 924; x_wconf 86' lang='lat' dir='ltr'>biga</span> <span class='ocrx_word' id='word_1_96' title='bbox 236 874 476 924; x_wconf 87' lang='lat' dir='ltr'>deportatus</span> <span class='ocrx_word' id='word_1_97' title='bbox 503 887 597 913; x_wconf 92' lang='lat' dir='ltr'>sum</span> <span class='ocrx_word' id='word_1_98' title='bbox 621 874 854 913; x_wconf 89' lang='lat' dir='ltr'>Louanium</span> <span class='ocrx_word' id='word_1_99' title='bbox 873 875 945 913; x_wconf 88' lang='lat' dir='ltr'>vix</span> <span class='ocrx_word' id='word_1_100' title='bbox 972 873 1220 920; x_wconf 89' lang='lat' dir='ltr'>semiuiuus‚</span> <span class='ocrx_word' id='word_1_101' title='bbox 1240 871 1320 910; x_wconf 89' lang='lat' dir='ltr'>tria</span> <span class='ocrx_word' id='word_1_102' title='bbox 1341 871 1501 909; x_wconf 89' lang='lat' dir='ltr'>habens</span> <span class='ocrx_word' id='word_1_103' title='bbox 1523 870 1703 916; x_wconf 91' lang='lat' dir='ltr'>hulcera‚</span> 
     </span>
     <span class='ocr_line' id='line_1_12' title="bbox 117 936 1765 990; baseline -0.004 -11"><span class='ocrx_word' id='word_1_104' title='bbox 117 953 246 979; x_wconf 86' lang='lat' dir='ltr'>vnum</span> <span class='ocrx_word' id='word_1_105' title='bbox 275 939 352 979; x_wconf 92' lang='lat' dir='ltr'>sub</span> <span class='ocrx_word' id='word_1_106' title='bbox 381 953 482 979; x_wconf 86' lang='lat' dir='ltr'>coxa</span> <span class='ocrx_word' id='word_1_107' title='bbox 509 939 612 988; x_wconf 92' lang='lat' dir='ltr'>leua,</span> <span class='ocrx_word' id='word_1_108' title='bbox 635 940 812 979; x_wconf 87' lang='lat' dir='ltr'>alterum</span> <span class='ocrx_word' id='word_1_109' title='bbox 841 940 885 978; x_wconf 92' lang='lat' dir='ltr'>in</span> <span class='ocrx_word' id='word_1_110' title='bbox 912 939 1085 990; x_wconf 90' lang='lat' dir='ltr'>inguine</span> <span class='ocrx_word' id='word_1_111' title='bbox 1115 939 1271 985; x_wconf 86' lang='lat' dir='ltr'>dextro,</span> <span class='ocrx_word' id='word_1_112' title='bbox 1298 936 1475 976; x_wconf 89' lang='lat' dir='ltr'>tercium</span> <span class='ocrx_word' id='word_1_113' title='bbox 1504 936 1546 974; x_wconf 91' lang='lat' dir='ltr'>in</span> <span class='ocrx_word' id='word_1_114' title='bbox 1575 938 1704 984; x_wconf 89' lang='lat' dir='ltr'>tergo.</span> <span class='ocrx_word' id='word_1_115' title='bbox 1730 944 1765 972; x_wconf 69' lang='lat'>15</span> 
     </span>
     <span class='ocr_line' id='line_1_13' title="bbox 114 998 1709 1055; baseline -0.005 -11"><span class='ocrx_word' id='word_1_116' title='bbox 114 1006 289 1044; x_wconf 86' lang='lat' dir='ltr'>Accerso</span> <span class='ocrx_word' id='word_1_117' title='bbox 321 1004 532 1055; x_wconf 81' lang='lat' dir='ltr'>chirurgos</span> <span class='ocrx_word' id='word_1_118' title='bbox 561 1004 686 1044; x_wconf 89' lang='lat' dir='ltr'>duos:</span> <span class='ocrx_word' id='word_1_119' title='bbox 725 1006 895 1055; x_wconf 85' lang='lat' dir='ltr'>vterque</span> <span class='ocrx_word' id='word_1_120' title='bbox 926 1006 1084 1054; x_wconf 88' lang='lat' dir='ltr'>pestem</span> <span class='ocrx_word' id='word_1_121' title='bbox 1118 1015 1207 1042; x_wconf 90' lang='lat' dir='ltr'>esse</span> <span class='ocrx_word' id='word_1_122' title='bbox 1239 1001 1502 1052; x_wconf 85' lang='lat' dir='ltr'>pronunciat.</span> <span class='ocrx_word' id='word_1_123' title='bbox 1558 998 1709 1039; x_wconf 89' lang='lat' dir='ltr'>Medici</span> 
     </span>
     <span class='ocr_line' id='line_1_14' title="bbox 115 1065 1710 1120; baseline -0.004 -12"><span class='ocrx_word' id='word_1_124' title='bbox 115 1069 322 1120; x_wconf 84' lang='lat' dir='ltr'>negabant</span> <span class='ocrx_word' id='word_1_125' title='bbox 348 1069 484 1108; x_wconf 80' lang='lat' dir='ltr'>Vllum</span> <span class='ocrx_word' id='word_1_126' title='bbox 512 1069 646 1108; x_wconf 88' lang='lat' dir='ltr'>morbi</span> <span class='ocrx_word' id='word_1_127' title='bbox 673 1069 841 1119; x_wconf 89' lang='lat' dir='ltr'>signum</span> <span class='ocrx_word' id='word_1_128' title='bbox 870 1083 958 1108; x_wconf 90' lang='lat' dir='ltr'>esse</span> <span class='ocrx_word' id='word_1_129' title='bbox 986 1069 1030 1107; x_wconf 88' lang='lat' dir='ltr'>in</span> <span class='ocrx_word' id='word_1_130' title='bbox 1060 1068 1169 1106; x_wconf 91' lang='lat' dir='ltr'>loti0.</span> <span class='ocrx_word' id='word_1_131' title='bbox 1229 1066 1436 1105; x_wconf 84' lang='lat' dir='ltr'>Tumebat</span> <span class='ocrx_word' id='word_1_132' title='bbox 1464 1068 1506 1105; x_wconf 92' lang='lat' dir='ltr'>et</span> <span class='ocrx_word' id='word_1_133' title='bbox 1534 1065 1710 1116; x_wconf 88' lang='lat' dir='ltr'>predura</span> 
     </span>
     <span class='ocr_line' id='line_1_15' title="bbox 115 1131 1710 1184; baseline -0.003 -12"><span class='ocrx_word' id='word_1_134' title='bbox 115 1135 235 1184; x_wconf 89' lang='lat' dir='ltr'>glans</span> <span class='ocrx_word' id='word_1_135' title='bbox 253 1134 299 1172; x_wconf 89' lang='lat' dir='ltr'>in</span> <span class='ocrx_word' id='word_1_136' title='bbox 318 1133 488 1173; x_wconf 88' lang='lat' dir='ltr'>sinistro</span> <span class='ocrx_word' id='word_1_137' title='bbox 506 1134 679 1184; x_wconf 86' lang='lat' dir='ltr'>inguine</span> <span class='ocrx_word' id='word_1_138' title='bbox 698 1134 802 1173; x_wconf 90' lang='lat' dir='ltr'>citra</span> <span class='ocrx_word' id='word_1_139' title='bbox 819 1133 1177 1172; x_wconf 83' lang='lat' dir='ltr'>exulcerationem.</span> <span class='ocrx_word' id='word_1_140' title='bbox 1227 1131 1313 1170; x_wconf 84' lang='lat' dir='ltr'>Sub</span> <span class='ocrx_word' id='word_1_141' title='bbox 1332 1131 1425 1170; x_wconf 88' lang='lat' dir='ltr'>leua</span> <span class='ocrx_word' id='word_1_142' title='bbox 1444 1144 1543 1170; x_wconf 89' lang='lat' dir='ltr'>coxa</span> <span class='ocrx_word' id='word_1_143' title='bbox 1563 1131 1710 1181; x_wconf 88' lang='lat' dir='ltr'>ingens</span> 
     </span>
     <span class='ocr_line' id='line_1_16' title="bbox 114 1195 1711 1247; baseline -0.002 -10"><span class='ocrx_word' id='word_1_144' title='bbox 114 1200 204 1237; x_wconf 89' lang='lat' dir='ltr'>erat</span> <span class='ocrx_word' id='word_1_145' title='bbox 222 1199 383 1238; x_wconf 90' lang='lat' dir='ltr'>hulcus.</span> <span class='ocrx_word' id='word_1_146' title='bbox 445 1199 508 1237; x_wconf 89' lang='lat' dir='ltr'>Ex</span> <span class='ocrx_word' id='word_1_147' title='bbox 529 1199 725 1238; x_wconf 81' lang='lat' dir='ltr'>omnibus</span> <span class='ocrx_word' id='word_1_148' title='bbox 744 1199 895 1238; x_wconf 86' lang='lat' dir='ltr'>excidit</span> <span class='ocrx_word' id='word_1_149' title='bbox 913 1211 1006 1237; x_wconf 91' lang='lat' dir='ltr'>caro</span> <span class='ocrx_word' id='word_1_150' title='bbox 1026 1197 1145 1247; x_wconf 89' lang='lat' dir='ltr'>nigra</span> <span class='ocrx_word' id='word_1_151' title='bbox 1164 1198 1206 1235; x_wconf 92' lang='lat' dir='ltr'>et</span> <span class='ocrx_word' id='word_1_152' title='bbox 1224 1198 1400 1245; x_wconf 88' lang='lat' dir='ltr'>mortua,</span> <span class='ocrx_word' id='word_1_153' title='bbox 1424 1196 1495 1235; x_wconf 90' lang='lat' dir='ltr'>sed</span> <span class='ocrx_word' id='word_1_154' title='bbox 1519 1209 1605 1235; x_wconf 90' lang='lat' dir='ltr'>non</span> <span class='ocrx_word' id='word_1_155' title='bbox 1629 1195 1711 1234; x_wconf 87' lang='lat' dir='ltr'>nisi</span> 
     </span>
     <span class='ocr_line' id='line_1_17' title="bbox 116 1262 1772 1314; baseline -0.002 -12"><span class='ocrx_word' id='word_1_156' title='bbox 116 1266 210 1314; x_wconf 90' lang='lat' dir='ltr'>post</span> <span class='ocrx_word' id='word_1_157' title='bbox 229 1266 312 1302; x_wconf 91' lang='lat' dir='ltr'>tres</span> <span class='ocrx_word' id='word_1_158' title='bbox 331 1264 462 1302; x_wconf 85' lang='lat' dir='ltr'>ferme</span> <span class='ocrx_word' id='word_1_159' title='bbox 481 1264 742 1303; x_wconf 86' lang='lat' dir='ltr'>ebdomades.</span> <span class='ocrx_word' id='word_1_160' title='bbox 799 1265 891 1303; x_wconf 90' lang='lat' dir='ltr'>Iam</span> <span class='ocrx_word' id='word_1_161' title='bbox 911 1263 1006 1314; x_wconf 91' lang='lat' dir='ltr'>plus</span> <span class='ocrx_word' id='word_1_162' title='bbox 1028 1275 1100 1301; x_wconf 84' lang='lat' dir='ltr'>sex</span> <span class='ocrx_word' id='word_1_163' title='bbox 1120 1262 1366 1301; x_wconf 85' lang='lat' dir='ltr'>ebdomades</span> <span class='ocrx_word' id='word_1_164' title='bbox 1389 1275 1486 1300; x_wconf 91' lang='lat' dir='ltr'>cum</span> <span class='ocrx_word' id='word_1_165' title='bbox 1509 1262 1712 1312; x_wconf 88' lang='lat' dir='ltr'>chirurgis</span> <span class='ocrx_word' id='word_1_166' title='bbox 1733 1270 1772 1292; x_wconf 89' lang='lat'>20</span> 
     </span>
     <span class='ocr_line' id='line_1_18' title="bbox 119 1327 1708 1380; baseline -0.001 -14"><span class='ocrx_word' id='word_1_167' title='bbox 119 1341 184 1367; x_wconf 87' lang='lat' dir='ltr'>res</span> <span class='ocrx_word' id='word_1_168' title='bbox 216 1331 292 1377; x_wconf 89' lang='lat' dir='ltr'>est,</span> <span class='ocrx_word' id='word_1_169' title='bbox 325 1329 438 1368; x_wconf 91' lang='lat' dir='ltr'>domi</span> <span class='ocrx_word' id='word_1_170' title='bbox 469 1329 637 1379; x_wconf 88' lang='lat' dir='ltr'>alligato</span> <span class='ocrx_word' id='word_1_171' title='bbox 668 1331 809 1380; x_wconf 86' lang='lat' dir='ltr'>vtpote</span> <span class='ocrx_word' id='word_1_172' title='bbox 842 1328 1002 1368; x_wconf 89' lang='lat' dir='ltr'>duobus</span> <span class='ocrx_word' id='word_1_173' title='bbox 1038 1327 1278 1366; x_wconf 89' lang='lat' dir='ltr'>hulceribus</span> <span class='ocrx_word' id='word_1_174' title='bbox 1314 1327 1449 1366; x_wconf 88' lang='lat' dir='ltr'>adhuc</span> <span class='ocrx_word' id='word_1_175' title='bbox 1482 1327 1708 1366; x_wconf 87' lang='lat' dir='ltr'>hiantibus.</span> 
     </span>
     <span class='ocr_line' id='line_1_19' title="bbox 119 1392 1713 1442; baseline -0.001 -10"><span class='ocrx_word' id='word_1_176' title='bbox 119 1393 269 1432; x_wconf 85' lang='lat' dir='ltr'>Deerat</span> <span class='ocrx_word' id='word_1_177' title='bbox 298 1394 376 1433; x_wconf 93' lang='lat' dir='ltr'>hoc</span> <span class='ocrx_word' id='word_1_178' title='bbox 409 1395 609 1434; x_wconf 91' lang='lat' dir='ltr'>nimirum</span> <span class='ocrx_word' id='word_1_179' title='bbox 642 1395 796 1434; x_wconf 90' lang='lat' dir='ltr'>nostris</span> <span class='ocrx_word' id='word_1_180' title='bbox 828 1395 963 1434; x_wconf 90' lang='lat' dir='ltr'>malis.</span> <span class='ocrx_word' id='word_1_181' title='bbox 1020 1394 1121 1442; x_wconf 78' lang='lat' dir='ltr'>Quis</span> <span class='ocrx_word' id='word_1_182' title='bbox 1154 1392 1394 1432; x_wconf 88' lang='lat' dir='ltr'>credidisset</span> <span class='ocrx_word' id='word_1_183' title='bbox 1425 1393 1503 1432; x_wconf 92' lang='lat' dir='ltr'>hoc</span> <span class='ocrx_word' id='word_1_184' title='bbox 1529 1393 1713 1432; x_wconf 85' lang='lat' dir='ltr'>vitreum</span> 
     </span>
     <span class='ocr_line' id='line_1_20' title="bbox 117 1458 1710 1508; baseline -0.001 -11"><span class='ocrx_word' id='word_1_185' title='bbox 117 1459 408 1508; x_wconf 87' lang='lat' dir='ltr'>corpusculum</span> <span class='ocrx_word' id='word_1_186' title='bbox 434 1462 496 1498; x_wconf 92' lang='lat' dir='ltr'>tot</span> <span class='ocrx_word' id='word_1_187' title='bbox 523 1460 644 1499; x_wconf 87' lang='lat' dir='ltr'>malis</span> <span class='ocrx_word' id='word_1_188' title='bbox 672 1461 945 1500; x_wconf 86' lang='lat' dir='ltr'>suffecturum</span> <span class='ocrx_word' id='word_1_189' title='bbox 971 1459 1124 1507; x_wconf 87' lang='lat' dir='ltr'>fuisse;</span> <span class='ocrx_word' id='word_1_190' title='bbox 1152 1460 1216 1497; x_wconf 92' lang='lat' dir='ltr'>tot</span> <span class='ocrx_word' id='word_1_191' title='bbox 1238 1460 1278 1496; x_wconf 88' lang='lat' dir='ltr'>et</span> <span class='ocrx_word' id='word_1_192' title='bbox 1301 1458 1455 1496; x_wconf 90' lang='lat' dir='ltr'>talibus</span> <span class='ocrx_word' id='word_1_193' title='bbox 1477 1458 1710 1506; x_wconf 89' lang='lat' dir='ltr'>itineribus,</span> 
     </span>
     <span class='ocr_line' id='line_1_21' title="bbox 118 1522 1714 1573; baseline -0.001 -11"><span class='ocrx_word' id='word_1_194' title='bbox 118 1523 249 1562; x_wconf 84' lang='lat' dir='ltr'>tantis</span> <span class='ocrx_word' id='word_1_195' title='bbox 268 1524 501 1563; x_wconf 90' lang='lat' dir='ltr'>studiorum</span> <span class='ocrx_word' id='word_1_196' title='bbox 515 1524 741 1573; x_wconf 85' lang='lat' dir='ltr'>laboribus,</span> <span class='ocrx_word' id='word_1_197' title='bbox 755 1527 818 1565; x_wconf 92' lang='lat' dir='ltr'>tot</span> <span class='ocrx_word' id='word_1_198' title='bbox 832 1525 989 1564; x_wconf 89' lang='lat' dir='ltr'>morbis</span> <span class='ocrx_word' id='word_1_199' title='bbox 1010 1523 1132 1563; x_wconf 90' lang='lat' dir='ltr'>toties</span> <span class='ocrx_word' id='word_1_200' title='bbox 1153 1536 1225 1562; x_wconf 92' lang='lat' dir='ltr'>ceu</span> <span class='ocrx_word' id='word_1_201' title='bbox 1244 1522 1538 1572; x_wconf 85' lang='lat' dir='ltr'>redintegratis</span> <span class='ocrx_word' id='word_1_202' title='bbox 1551 1522 1714 1561; x_wconf 84' lang='lat' dir='ltr'>viribus</span> 
     </span>
     <span class='ocr_line' id='line_1_22' title="bbox 121 1585 1772 1641; baseline -0.002 -14"><span class='ocrx_word' id='word_1_203' title='bbox 121 1601 188 1628; x_wconf 92' lang='lat' dir='ltr'>me</span> <span class='ocrx_word' id='word_1_204' title='bbox 211 1589 526 1639; x_wconf 82' lang='lat' dir='ltr'>repetentibus?</span> <span class='ocrx_word' id='word_1_205' title='bbox 555 1592 602 1628; x_wconf 91' lang='lat' dir='ltr'>vt</span> <span class='ocrx_word' id='word_1_206' title='bbox 627 1604 680 1629; x_wconf 87' lang='lat' dir='ltr'>ne</span> <span class='ocrx_word' id='word_1_207' title='bbox 705 1590 802 1641; x_wconf 90' lang='lat' dir='ltr'>quid</span> <span class='ocrx_word' id='word_1_208' title='bbox 831 1591 1003 1629; x_wconf 89' lang='lat' dir='ltr'>interim</span> <span class='ocrx_word' id='word_1_209' title='bbox 1032 1589 1167 1627; x_wconf 92' lang='lat' dir='ltr'>dicam</span> <span class='ocrx_word' id='word_1_210' title='bbox 1195 1589 1246 1627; x_wconf 92' lang='lat' dir='ltr'>de</span> <span class='ocrx_word' id='word_1_211' title='bbox 1274 1587 1602 1627; x_wconf 86' lang='lat' dir='ltr'>sceleratissimis</span> <span class='ocrx_word' id='word_1_212' title='bbox 1630 1585 1715 1637; x_wconf 90' lang='lat' dir='ltr'>qui·</span> <span class='ocrx_word' id='word_1_213' title='bbox 1736 1592 1772 1623; x_wconf 88' lang='lat'>²5</span> 
     </span>
     <span class='ocr_line' id='line_1_23' title="bbox 121 1651 1715 1706; baseline -0.002 -13"><span class='ocrx_word' id='word_1_214' title='bbox 121 1654 294 1693; x_wconf 92' lang='lat' dir='ltr'>busdam</span> <span class='ocrx_word' id='word_1_215' title='bbox 314 1654 529 1693; x_wconf 83' lang='lat' dir='ltr'>monachis</span> <span class='ocrx_word' id='word_1_216' title='bbox 549 1657 590 1694; x_wconf 91' lang='lat' dir='ltr'>et</span> <span class='ocrx_word' id='word_1_217' title='bbox 611 1655 770 1706; x_wconf 89' lang='lat' dir='ltr'>aliquot</span> <span class='ocrx_word' id='word_1_218' title='bbox 789 1654 1080 1694; x_wconf 91' lang='lat' dir='ltr'>insulsissimis</span> <span class='ocrx_word' id='word_1_219' title='bbox 1103 1653 1318 1703; x_wconf 84' lang='lat' dir='ltr'>theologis,</span> <span class='ocrx_word' id='word_1_220' title='bbox 1343 1652 1414 1703; x_wconf 89' lang='lat' dir='ltr'>qui</span> <span class='ocrx_word' id='word_1_221' title='bbox 1432 1652 1548 1691; x_wconf 87' lang='lat' dir='ltr'>velut</span> <span class='ocrx_word' id='word_1_222' title='bbox 1573 1651 1715 1702; x_wconf 89' lang='lat' dir='ltr'>ignaui</span> 
     </span>
     <span class='ocr_line' id='line_1_24' title="bbox 120 1718 1020 1768; baseline 0.001 -11"><span class='ocrx_word' id='word_1_223' title='bbox 120 1731 242 1757; x_wconf 86' lang='lat' dir='ltr'>canes</span> <span class='ocrx_word' id='word_1_224' title='bbox 260 1718 305 1756; x_wconf 92' lang='lat' dir='ltr'>in</span> <span class='ocrx_word' id='word_1_225' title='bbox 323 1718 538 1758; x_wconf 85' lang='lat' dir='ltr'>absentem</span> <span class='ocrx_word' id='word_1_226' title='bbox 557 1719 722 1768; x_wconf 89' lang='lat' dir='ltr'>latrant,</span> <span class='ocrx_word' id='word_1_227' title='bbox 745 1733 882 1758; x_wconf 87' lang='lat' dir='ltr'>coram</span> <span class='ocrx_word' id='word_1_228' title='bbox 902 1720 1020 1758; x_wconf 91' lang='lat' dir='ltr'>muti.</span> 
     </span>
    </p>

    <p class='ocr_par' dir='ltr' id='par_1_3' title="bbox 121 1781 1787 2678">
     <span class='ocr_line' id='line_1_25' title="bbox 176 1781 1713 1834; baseline -0.001 -12"><span class='ocrx_word' id='word_1_229' title='bbox 176 1784 318 1823; x_wconf 88' lang='lat' dir='ltr'>Habes</span> <span class='ocrx_word' id='word_1_230' title='bbox 336 1785 590 1834; x_wconf 84' lang='lat' dir='ltr'>tragoediam</span> <span class='ocrx_word' id='word_1_231' title='bbox 611 1785 895 1824; x_wconf 89' lang='lat' dir='ltr'>calamitatum</span> <span class='ocrx_word' id='word_1_232' title='bbox 914 1798 1123 1823; x_wconf 89' lang='lat' dir='ltr'>mearum:</span> <span class='ocrx_word' id='word_1_233' title='bbox 1153 1783 1204 1822; x_wconf 89' lang='lat' dir='ltr'>ad</span> <span class='ocrx_word' id='word_1_234' title='bbox 1224 1796 1326 1833; x_wconf 90' lang='lat' dir='ltr'>quas</span> <span class='ocrx_word' id='word_1_235' title='bbox 1345 1784 1386 1821; x_wconf 89' lang='lat' dir='ltr'>et</span> <span class='ocrx_word' id='word_1_236' title='bbox 1408 1782 1513 1821; x_wconf 89' lang='lat' dir='ltr'>illud</span> <span class='ocrx_word' id='word_1_237' title='bbox 1531 1781 1713 1830; x_wconf 82' lang='lat' dir='ltr'>accessit,</span> 
     </span>
     <span class='ocr_line' id='line_1_26' title="bbox 121 1847 1715 1900; baseline -0.002 -12"><span class='ocrx_word' id='word_1_238' title='bbox 121 1849 232 1900; x_wconf 88' lang='lat' dir='ltr'>quod</span> <span class='ocrx_word' id='word_1_239' title='bbox 261 1848 472 1900; x_wconf 88' lang='lat' dir='ltr'>Principis</span> <span class='ocrx_word' id='word_1_240' title='bbox 502 1850 636 1890; x_wconf 88' lang='lat' dir='ltr'>nostri</span> <span class='ocrx_word' id='word_1_241' title='bbox 667 1850 944 1890; x_wconf 86' lang='lat' dir='ltr'>Cancellarius</span> <span class='ocrx_word' id='word_1_242' title='bbox 975 1851 1020 1889; x_wconf 90' lang='lat' dir='ltr'>in</span> <span class='ocrx_word' id='word_1_243' title='bbox 1052 1849 1270 1899; x_wconf 87' lang='lat' dir='ltr'>Hispaniis</span> <span class='ocrx_word' id='word_1_244' title='bbox 1303 1848 1415 1887; x_wconf 90' lang='lat' dir='ltr'>diem</span> <span class='ocrx_word' id='word_1_245' title='bbox 1447 1861 1569 1886; x_wconf 91' lang='lat' dir='ltr'>suum</span> <span class='ocrx_word' id='word_1_246' title='bbox 1600 1847 1715 1894; x_wconf 81' lang='lat' dir='ltr'>obiit⁷</span> 
     </span>
     <span class='ocr_line' id='line_1_27' title="bbox 124 1912 1778 1965; baseline -0.003 -11"><span class='ocrx_word' id='word_1_247' title='bbox 124 1915 233 1954; x_wconf 86' lang='lat' dir='ltr'>vnde</span> <span class='ocrx_word' id='word_1_248' title='bbox 266 1927 358 1963; x_wconf 90' lang='lat' dir='ltr'>spes</span> <span class='ocrx_word' id='word_1_249' title='bbox 391 1915 528 1954; x_wconf 80' lang='lat' dir='ltr'>omnis</span> <span class='ocrx_word' id='word_1_250' title='bbox 565 1915 610 1953; x_wconf 86' lang='lat' dir='ltr'>in</span> <span class='ocrx_word' id='word_1_251' title='bbox 643 1915 712 1954; x_wconf 89' lang='lat' dir='ltr'>his</span> <span class='ocrx_word' id='word_1_252' title='bbox 745 1915 982 1965; x_wconf 88' lang='lat' dir='ltr'>regionibus</span> <span class='ocrx_word' id='word_1_253' title='bbox 1018 1914 1247 1965; x_wconf 89' lang='lat' dir='ltr'>pendebat;</span> <span class='ocrx_word' id='word_1_254' title='bbox 1290 1926 1423 1952; x_wconf 86' lang='lat' dir='ltr'>vnum</span> <span class='ocrx_word' id='word_1_255' title='bbox 1458 1913 1573 1951; x_wconf 90' lang='lat' dir='ltr'>enim</span> <span class='ocrx_word' id='word_1_256' title='bbox 1606 1912 1717 1950; x_wconf 89' lang='lat' dir='ltr'>hunc</span> <span class='ocrx_word' id='word_1_257' title='bbox 1739 1918 1778 1949; x_wconf 84' lang='lat'>30</span> 
     </span>
     <span class='ocr_line' id='line_1_28' title="bbox 126 1977 1717 2029; baseline -0.002 -11"><span class='ocrx_word' id='word_1_258' title='bbox 126 1979 328 2018; x_wconf 81' lang='lat' dir='ltr'>habebam</span> <span class='ocrx_word' id='word_1_259' title='bbox 349 1993 398 2017; x_wconf 85' lang='lat' dir='ltr'>ex</span> <span class='ocrx_word' id='word_1_260' title='bbox 418 1980 559 2018; x_wconf 87' lang='lat' dir='ltr'>animo</span> <span class='ocrx_word' id='word_1_261' title='bbox 579 1980 805 2019; x_wconf 88' lang='lat' dir='ltr'>fauentem.</span> <span class='ocrx_word' id='word_1_262' title='bbox 850 1980 904 2019; x_wconf 88' lang='lat' dir='ltr'>In</span> <span class='ocrx_word' id='word_1_263' title='bbox 920 1980 1098 2020; x_wconf 83' lang='lat' dir='ltr'>Galliam</span> <span class='ocrx_word' id='word_1_264' title='bbox 1115 1979 1346 2029; x_wconf 90' lang='lat' dir='ltr'>demigrare</span> <span class='ocrx_word' id='word_1_265' title='bbox 1361 1992 1447 2017; x_wconf 89' lang='lat' dir='ltr'>non</span> <span class='ocrx_word' id='word_1_266' title='bbox 1462 1980 1525 2017; x_wconf 92' lang='lat' dir='ltr'>est</span> <span class='ocrx_word' id='word_1_267' title='bbox 1539 1977 1717 2025; x_wconf 89' lang='lat' dir='ltr'>animus,</span> 
     </span>
     <span class='ocr_line' id='line_1_29' title="bbox 126 2042 1719 2096; baseline -0.003 -13"><span class='ocrx_word' id='word_1_268' title='bbox 126 2057 362 2095; x_wconf 86' lang='lat' dir='ltr'>quanquam</span> <span class='ocrx_word' id='word_1_269' title='bbox 390 2058 571 2084; x_wconf 88' lang='lat' dir='ltr'>accersor</span> <span class='ocrx_word' id='word_1_270' title='bbox 599 2047 683 2084; x_wconf 92' lang='lat' dir='ltr'>iam</span> <span class='ocrx_word' id='word_1_271' title='bbox 712 2046 862 2096; x_wconf 89' lang='lat' dir='ltr'>sepius.</span> <span class='ocrx_word' id='word_1_272' title='bbox 919 2047 1009 2084; x_wconf 91' lang='lat' dir='ltr'>Aut</span> <span class='ocrx_word' id='word_1_273' title='bbox 1033 2046 1199 2095; x_wconf 90' lang='lat' dir='ltr'>Anglus</span> <span class='ocrx_word' id='word_1_274' title='bbox 1228 2058 1307 2093; x_wconf 85' lang='lat' dir='ltr'>ero,</span> <span class='ocrx_word' id='word_1_275' title='bbox 1333 2046 1405 2082; x_wconf 90' lang='lat' dir='ltr'>aut</span> <span class='ocrx_word' id='word_1_276' title='bbox 1432 2057 1481 2082; x_wconf 88' lang='lat' dir='ltr'>ex</span> <span class='ocrx_word' id='word_1_277' title='bbox 1510 2042 1650 2092; x_wconf 90' lang='lat' dir='ltr'>Anglo</span> <span class='ocrx_word' id='word_1_278' title='bbox 1678 2043 1719 2080; x_wconf 90' lang='lat' dir='ltr'>et</span> 
     </span>
     <span class='ocr_line' id='line_1_30' title="bbox 127 2106 1721 2150; baseline -0.003 0"><span class='ocrx_word' id='word_1_279' title='bbox 127 2110 337 2150; x_wconf 89' lang='lat' dir='ltr'>Brabanto</span> <span class='ocrx_word' id='word_1_280' title='bbox 357 2109 527 2150; x_wconf 82' lang='lat' dir='ltr'>mixtus.</span> <span class='ocrx_word' id='word_1_281' title='bbox 588 2111 681 2149; x_wconf 85' lang='lat' dir='ltr'>Non</span> <span class='ocrx_word' id='word_1_282' title='bbox 702 2111 890 2150; x_wconf 87' lang='lat' dir='ltr'>deficiam</span> <span class='ocrx_word' id='word_1_283' title='bbox 909 2114 981 2150; x_wconf 93' lang='lat' dir='ltr'>tua</span> <span class='ocrx_word' id='word_1_284' title='bbox 1000 2110 1243 2150; x_wconf 88' lang='lat' dir='ltr'>celsitudine</span> <span class='ocrx_word' id='word_1_285' title='bbox 1263 2109 1369 2148; x_wconf 90' lang='lat' dir='ltr'>mihi</span> <span class='ocrx_word' id='word_1_286' title='bbox 1389 2109 1566 2147; x_wconf 84' lang='lat' dir='ltr'>fauente.</span> <span class='ocrx_word' id='word_1_287' title='bbox 1625 2106 1721 2145; x_wconf 92' lang='lat' dir='ltr'>Pot-</span> 
     </span>
     <span class='ocr_line' id='line_1_31' title="bbox 129 2170 1720 2227; baseline -0.003 -14"><span class='ocrx_word' id='word_1_288' title='bbox 129 2176 216 2227; x_wconf 80' lang='lat' dir='ltr'>kyn</span> <span class='ocrx_word' id='word_1_289' title='bbox 236 2175 408 2225; x_wconf 88' lang='lat' dir='ltr'>pulchre</span> <span class='ocrx_word' id='word_1_290' title='bbox 434 2189 501 2214; x_wconf 91' lang='lat' dir='ltr'>me</span> <span class='ocrx_word' id='word_1_291' title='bbox 527 2177 685 2224; x_wconf 89' lang='lat' dir='ltr'>tractat,</span> <span class='ocrx_word' id='word_1_292' title='bbox 713 2178 779 2215; x_wconf 89' lang='lat' dir='ltr'>cui</span> <span class='ocrx_word' id='word_1_293' title='bbox 805 2177 922 2216; x_wconf 90' lang='lat' dir='ltr'>nulla</span> <span class='ocrx_word' id='word_1_294' title='bbox 950 2177 1083 2226; x_wconf 90' lang='lat' dir='ltr'>placet</span> <span class='ocrx_word' id='word_1_295' title='bbox 1111 2175 1358 2225; x_wconf 86' lang='lat' dir='ltr'>syngrapha.</span> <span class='ocrx_word' id='word_1_296' title='bbox 1403 2174 1485 2212; x_wconf 90' lang='lat' dir='ltr'>Per</span> <span class='ocrx_word' id='word_1_297' title='bbox 1507 2173 1631 2212; x_wconf 90' lang='lat' dir='ltr'>illum</span> <span class='ocrx_word' id='word_1_298' title='bbox 1653 2170 1720 2209; x_wconf 87' lang='lat' dir='ltr'>vel</span> 
     </span>
     <span class='ocr_line' id='line_1_32' title="bbox 129 2236 1780 2290; baseline -0.002 -12"><span class='ocrx_word' id='word_1_299' title='bbox 129 2240 238 2279; x_wconf 91' lang='lat' dir='ltr'>mori</span> <span class='ocrx_word' id='word_1_300' title='bbox 276 2240 460 2278; x_wconf 89' lang='lat' dir='ltr'>licuisset</span> <span class='ocrx_word' id='word_1_301' title='bbox 497 2240 670 2290; x_wconf 88' lang='lat' dir='ltr'>inopia;</span> <span class='ocrx_word' id='word_1_302' title='bbox 709 2241 818 2279; x_wconf 92' lang='lat' dir='ltr'>nihil</span> <span class='ocrx_word' id='word_1_303' title='bbox 848 2241 962 2279; x_wconf 89' lang='lat' dir='ltr'>enim</span> <span class='ocrx_word' id='word_1_304' title='bbox 996 2241 1046 2279; x_wconf 92' lang='lat' dir='ltr'>ab</span> <span class='ocrx_word' id='word_1_305' title='bbox 1080 2240 1152 2278; x_wconf 88' lang='lat' dir='ltr'>illo</span> <span class='ocrx_word' id='word_1_306' title='bbox 1189 2239 1326 2289; x_wconf 90' lang='lat' dir='ltr'>potuit</span> <span class='ocrx_word' id='word_1_307' title='bbox 1358 2238 1603 2288; x_wconf 86' lang='lat' dir='ltr'>extorqueri.</span> <span class='ocrx_word' id='word_1_308' title='bbox 1667 2236 1722 2274; x_wconf 93' lang='lat' dir='ltr'>In</span> <span class='ocrx_word' id='word_1_309' title='bbox 1741 2244 1780 2275; x_wconf 83' lang='lat'>35</span> 
     </span>
     <span class='ocr_line' id='line_1_33' title="bbox 130 2301 1723 2356; baseline -0.002 -13"><span class='ocrx_word' id='word_1_310' title='bbox 130 2307 377 2356; x_wconf 85' lang='lat' dir='ltr'>Augustano</span> <span class='ocrx_word' id='word_1_311' title='bbox 398 2305 580 2344; x_wconf 84' lang='lat' dir='ltr'>Consilio</span> <span class='ocrx_word' id='word_1_312' title='bbox 604 2306 710 2345; x_wconf 88' lang='lat' dir='ltr'>nihil</span> <span class='ocrx_word' id='word_1_313' title='bbox 737 2306 872 2345; x_wconf 88' lang='lat' dir='ltr'>adhuc</span> <span class='ocrx_word' id='word_1_314' title='bbox 897 2319 1145 2356; x_wconf 88' lang='lat' dir='ltr'>magnopere</span> <span class='ocrx_word' id='word_1_315' title='bbox 1171 2306 1320 2352; x_wconf 84' lang='lat' dir='ltr'>actum,</span> <span class='ocrx_word' id='word_1_316' title='bbox 1345 2304 1426 2341; x_wconf 89' lang='lat' dir='ltr'>nisi</span> <span class='ocrx_word' id='word_1_317' title='bbox 1452 2303 1560 2353; x_wconf 91' lang='lat' dir='ltr'>quod</span> <span class='ocrx_word' id='word_1_318' title='bbox 1579 2301 1723 2340; x_wconf 88' lang='lat' dir='ltr'>Archi·</span> 
     </span>
     <span class='ocr_line' id='line_1_34' title="bbox 130 2368 1720 2421; baseline -0.002 -13"><span class='ocrx_word' id='word_1_319' title='bbox 130 2369 345 2420; x_wconf 85' lang='lat' dir='ltr'>episcopus</span> <span class='ocrx_word' id='word_1_320' title='bbox 369 2370 702 2419; x_wconf 87' lang='lat' dir='ltr'>Maguntinensis</span> <span class='ocrx_word' id='word_1_321' title='bbox 724 2371 962 2410; x_wconf 86' lang='lat' dir='ltr'>adolescens</span> <span class='ocrx_word' id='word_1_322' title='bbox 989 2371 1128 2421; x_wconf 89' lang='lat' dir='ltr'>galero</span> <span class='ocrx_word' id='word_1_323' title='bbox 1153 2368 1418 2408; x_wconf 89' lang='lat' dir='ltr'>cardinalicio</span> <span class='ocrx_word' id='word_1_324' title='bbox 1443 2369 1621 2406; x_wconf 87' lang='lat' dir='ltr'>donatus</span> <span class='ocrx_word' id='word_1_325' title='bbox 1647 2368 1720 2405; x_wconf 90' lang='lat' dir='ltr'>est.</span> 
     </span>
     <span class='ocr_line' id='line_1_35' title="bbox 133 2431 1723 2485; baseline -0.003 -12"><span class='ocrx_word' id='word_1_326' title='bbox 133 2433 292 2473; x_wconf 88' lang='lat' dir='ltr'>Habita</span> <span class='ocrx_word' id='word_1_327' title='bbox 305 2435 436 2472; x_wconf 89' lang='lat' dir='ltr'>oratio</span> <span class='ocrx_word' id='word_1_328' title='bbox 451 2447 537 2473; x_wconf 90' lang='lat' dir='ltr'>non</span> <span class='ocrx_word' id='word_1_329' title='bbox 552 2435 778 2474; x_wconf 91' lang='lat' dir='ltr'>admodum</span> <span class='ocrx_word' id='word_1_330' title='bbox 798 2438 913 2485; x_wconf 89' lang='lat' dir='ltr'>grata</span> <span class='ocrx_word' id='word_1_331' title='bbox 933 2435 983 2474; x_wconf 89' lang='lat' dir='ltr'>de</span> <span class='ocrx_word' id='word_1_332' title='bbox 999 2433 1354 2481; x_wconf 80' lang='lat' dir='ltr'>decimationibus,</span> <span class='ocrx_word' id='word_1_333' title='bbox 1371 2446 1497 2482; x_wconf 89' lang='lat' dir='ltr'>quam</span> <span class='ocrx_word' id='word_1_334' title='bbox 1508 2431 1723 2471; x_wconf 86' lang='lat' dir='ltr'>Tonstallo</span> 
     </span>
     <span class='ocr_line' id='line_1_36' title="bbox 133 2496 1724 2549; baseline -0.003 -12"><span class='ocrx_word' id='word_1_335' title='bbox 133 2499 241 2538; x_wconf 90' lang='lat' dir='ltr'>misi.</span> <span class='ocrx_word' id='word_1_336' title='bbox 284 2499 436 2537; x_wconf 85' lang='lat' dir='ltr'>Scribit</span> <span class='ocrx_word' id='word_1_337' title='bbox 450 2499 500 2538; x_wconf 89' lang='lat' dir='ltr'>ad</span> <span class='ocrx_word' id='word_1_338' title='bbox 516 2513 583 2538; x_wconf 92' lang='lat' dir='ltr'>me</span> <span class='ocrx_word' id='word_1_339' title='bbox 595 2500 743 2538; x_wconf 84' lang='lat' dir='ltr'>Comes</span> <span class='ocrx_word' id='word_1_340' title='bbox 755 2500 898 2538; x_wconf 89' lang='lat' dir='ltr'>Nouae</span> <span class='ocrx_word' id='word_1_341' title='bbox 909 2499 1062 2549; x_wconf 89' lang='lat' dir='ltr'>Aquile</span> <span class='ocrx_word' id='word_1_342' title='bbox 1076 2498 1307 2538; x_wconf 90' lang='lat' dir='ltr'>Concilium</span> <span class='ocrx_word' id='word_1_343' title='bbox 1320 2497 1424 2536; x_wconf 89' lang='lat' dir='ltr'>illud</span> <span class='ocrx_word' id='word_1_344' title='bbox 1437 2496 1724 2535; x_wconf 88' lang='lat' dir='ltr'>Franfordiam</span> 
     </span>
     <span class='ocr_line' id='line_1_37' title="bbox 134 2560 1787 2615; baseline -0.001 -13"><span class='ocrx_word' id='word_1_345' title='bbox 134 2564 480 2613; x_wconf 89' lang='lat' dir='ltr'>transferendum,</span> <span class='ocrx_word' id='word_1_346' title='bbox 507 2566 631 2615; x_wconf 90' lang='lat' dir='ltr'>atque</span> <span class='ocrx_word' id='word_1_347' title='bbox 658 2565 716 2604; x_wconf 92' lang='lat' dir='ltr'>ibi</span> <span class='ocrx_word' id='word_1_348' title='bbox 743 2565 986 2615; x_wconf 85' lang='lat' dir='ltr'>agitandum</span> <span class='ocrx_word' id='word_1_349' title='bbox 1014 2565 1064 2603; x_wconf 91' lang='lat' dir='ltr'>de</span> <span class='ocrx_word' id='word_1_350' title='bbox 1093 2563 1322 2602; x_wconf 90' lang='lat' dir='ltr'>coronando</span> <span class='ocrx_word' id='word_1_351' title='bbox 1349 2562 1620 2601; x_wconf 84' lang='lat' dir='ltr'>Ferdinando.</span> <span class='ocrx_word' id='word_1_352' title='bbox 1681 2560 1725 2598; x_wconf 88' lang='lat' dir='ltr'>Is</span> <span class='ocrx_word' id='word_1_353' title='bbox 1743 2566 1787 2600; x_wconf 90' lang='lat'>40</span> 
     </span>
     <span class='ocr_line' id='line_1_38' title="bbox 135 2616 1726 2678; baseline -0.002 -12"><span class='ocrx_word' id='word_1_354' title='bbox 135 2628 202 2666; x_wconf 90' lang='lat' dir='ltr'>hic</span> <span class='ocrx_word' id='word_1_355' title='bbox 220 2627 306 2677; x_wconf 89' lang='lat' dir='ltr'>agit</span> <span class='ocrx_word' id='word_1_356' title='bbox 327 2628 428 2666; x_wconf 87' lang='lat' dir='ltr'>satis</span> <span class='ocrx_word' id='word_1_357' title='bbox 447 2628 609 2678; x_wconf 87' lang='lat' dir='ltr'>frigide.</span> <span class='ocrx_word' id='word_1_358' title='bbox 668 2629 801 2668; x_wconf 88' lang='lat' dir='ltr'>Addit</span> <span class='ocrx_word' id='word_1_359' title='bbox 825 2629 900 2667; x_wconf 90' lang='lat' dir='ltr'>hec</span> <span class='ocrx_word' id='word_1_360' title='bbox 919 2629 1053 2677; x_wconf 87' lang='lat' dir='ltr'>verba,</span> <span class='ocrx_word' id='word_1_361' title='bbox 1082 2628 1260 2678; x_wconf 89' lang='lat' dir='ltr'>‘Regem</span> <span class='ocrx_word' id='word_1_362' title='bbox 1287 2640 1334 2665; x_wconf 84' lang='lat' dir='ltr'>ex</span> <span class='ocrx_word' id='word_1_363' title='bbox 1355 2625 1585 2676; x_wconf 86' lang='lat' dir='ltr'>Hyspaniis</span> <span class='ocrx_word' id='word_1_364' title='bbox 1607 2616 1726 2663; x_wconf 81' lang='lat' dir='ltr'>breui</span> 
     </span>
    </p>
   </div>
   <div class='ocr_carea' id='block_1_3' title="bbox 138 2727 1727 2805">
    <p class='ocr_par' dir='ltr' id='par_1_4' title="bbox 138 2727 1727 2805">
     <span class='ocr_line' id='line_1_39' title="bbox 143 2727 1727 2804; baseline -0.001 -44"><span class='ocrx_word' id='word_1_365' title='bbox 143 2740 233 2804; x_wconf 35' lang='lat'>1132.</span> <span class='ocrx_word' id='word_1_366' title='bbox 257 2733 312 2761; x_wconf 90' lang='lat' dir='ltr'>LB</span> <span class='ocrx_word' id='word_1_367' title='bbox 327 2741 334 2760; x_wconf 90' lang='lat'>:</span> <span class='ocrx_word' id='word_1_368' title='bbox 349 2731 504 2803; x_wconf 47' lang='lat' dir='ltr'>{Bongris</span> <span class='ocrx_word' id='word_1_369' title='bbox 519 2734 588 2763; x_wconf 83' lang='lat' dir='ltr'>MS.</span> <span class='ocrx_word' id='word_1_370' title='bbox 722 2742 773 2771; x_wconf 85' lang='lat'>33.</span> <span class='ocrx_word' id='word_1_371' title='bbox 802 2731 964 2763; x_wconf 82' lang='lat' dir='ltr'>deficiam</span> <span class='ocrx_word' id='word_1_372' title='bbox 981 2734 1054 2762; x_wconf 89' lang='lat' dir='ltr'>LB:</span> <span class='ocrx_word' id='word_1_373' title='bbox 1078 2729 1245 2769; x_wconf 82' lang='lat' dir='ltr'>deijciam</span> <span class='ocrx_word' id='word_1_374' title='bbox 1260 2732 1330 2760; x_wconf 81' lang='lat' dir='ltr'>MS.</span> <span class='ocrx_word' id='word_1_375' title='bbox 1478 2738 1530 2766; x_wconf 90' lang='lat'>40.</span> <span class='ocrx_word' id='word_1_376' title='bbox 1558 2727 1727 2767; x_wconf 83' lang='lat' dir='ltr'>agitando</span> 
     </span>
     <span class='ocr_line' id='line_1_40' title="bbox 138 2784 410 2805; baseline -0.004 0"><span class='ocrx_word' id='word_1_377' title='bbox 138 2796 148 2805; x_wconf 77' lang='lat'>.</span> <span class='ocrx_word' id='word_1_378' title='bbox 201 2785 232 2804; x_wconf 90' lang='lat'>.:</span> <span class='ocrx_word' id='word_1_379' title='bbox 255 2784 330 2804; x_wconf 82' lang='lat' dir='ltr'>corr.</span> <span class='ocrx_word' id='word_1_380' title='bbox 405 2798 410 2804; x_wconf 92' lang='lat'>.</span> 
     </span>
    </p>
   </div>
   <div class='ocr_carea' id='block_1_4' title="bbox 139 2850 1729 3063">
    <p class='ocr_par' dir='ltr' id='par_1_5' title="bbox 183 2850 1352 2934">
     <span class='ocr_line' id='line_1_41' title="bbox 183 2850 1212 2891; baseline -0.002 -10"><span class='ocrx_word' id='word_1_381' title='bbox 183 2861 235 2890; x_wconf 91' lang='lat'>29.</span> <span class='ocrx_word' id='word_1_382' title='bbox 257 2850 515 2891; x_wconf 84' lang='lat' dir='ltr'>Cancellarius]</span> <span class='ocrx_word' id='word_1_383' title='bbox 542 2851 590 2882; x_wconf 88' lang='lat' dir='ltr'>Le</span> <span class='ocrx_word' id='word_1_384' title='bbox 606 2851 772 2891; x_wconf 85' lang='lat' dir='ltr'>Sauvage.</span> <span class='ocrx_word' id='word_1_385' title='bbox 967 2851 1039 2881; x_wconf 83' lang='lat' dir='ltr'>and</span> <span class='ocrx_word' id='word_1_386' title='bbox 1058 2850 1120 2881; x_wconf 83' lang='lat' dir='ltr'>SE.</span> <span class='ocrx_word' id='word_1_387' title='bbox 1143 2859 1212 2887; x_wconf 89' lang='lat'>170.</span> 
     </span>
     <span class='ocr_line' id='line_1_42' title="bbox 183 2891 1352 2934; baseline -0.003 -10"><span class='ocrx_word' id='word_1_388' title='bbox 183 2895 236 2932; x_wconf 87' lang='lat'>38.</span> <span class='ocrx_word' id='word_1_389' title='bbox 263 2894 576 2934; x_wconf 85' lang='lat' dir='ltr'>decimationibus]</span> <span class='ocrx_word' id='word_1_390' title='bbox 616 2894 667 2926; x_wconf 90' lang='lat' dir='ltr'>Cf.</span> <span class='ocrx_word' id='word_1_391' title='bbox 701 2895 789 2934; x_wconf 89' lang='lat' dir='ltr'>Epp.</span> <span class='ocrx_word' id='word_1_392' title='bbox 824 2896 897 2933; x_wconf 86' lang='lat'>887,</span> <span class='ocrx_word' id='word_1_393' title='bbox 1054 2892 1108 2933; x_wconf 86' lang='lat' dir='ltr'>Is]</span> <span class='ocrx_word' id='word_1_394' title='bbox 1133 2891 1352 2923; x_wconf 81' lang='lat' dir='ltr'>Ferdinand.</span> 
     </span>
    </p>

    <p class='ocr_par' dir='ltr' id='par_1_6' title="bbox 139 2934 1729 3021">
     <span class='ocr_line' id='line_1_43' title="bbox 139 2934 1729 2977; baseline -0.002 -9"><span class='ocrx_word' id='word_1_395' title='bbox 139 2939 213 2977; x_wconf 89' lang='lat'>891.</span> <span class='ocrx_word' id='word_1_396' title='bbox 1011 2946 1063 2975; x_wconf 87' lang='lat'>41.</span> <span class='ocrx_word' id='word_1_397' title='bbox 1095 2935 1238 2976; x_wconf 83' lang='lat' dir='ltr'>frigide]</span> <span class='ocrx_word' id='word_1_398' title='bbox 1271 2935 1428 2974; x_wconf 81' lang='lat' dir='ltr'>Perhaps</span> <span class='ocrx_word' id='word_1_399' title='bbox 1452 2934 1491 2964; x_wconf 87' lang='lat' dir='ltr'>in</span> <span class='ocrx_word' id='word_1_400' title='bbox 1515 2934 1576 2965; x_wconf 85' lang='lat' dir='ltr'>the</span> <span class='ocrx_word' id='word_1_401' title='bbox 1597 2936 1729 2965; x_wconf 86' lang='lat' dir='ltr'>matter</span> 
     </span>
     <span class='ocr_line' id='line_1_44' title="bbox 184 2977 1529 3021; baseline -0.002 -9"><span class='ocrx_word' id='word_1_402' title='bbox 184 2992 236 3019; x_wconf 93' lang='lat'>40.</span> <span class='ocrx_word' id='word_1_403' title='bbox 260 2980 476 3021; x_wconf 71' lang='lat' dir='ltr'>coronando]</span> <span class='ocrx_word' id='word_1_404' title='bbox 502 2980 726 3021; x_wconf 83' lang='lat' dir='ltr'>Apparently</span> <span class='ocrx_word' id='word_1_405' title='bbox 745 2991 784 3012; x_wconf 88' lang='lat' dir='ltr'>as</span> <span class='ocrx_word' id='word_1_406' title='bbox 803 2981 901 3020; x_wconf 86' lang='lat' dir='ltr'>King</span> <span class='ocrx_word' id='word_1_407' title='bbox 970 2980 1007 3011; x_wconf 85' lang='lat' dir='ltr'>of</span> <span class='ocrx_word' id='word_1_408' title='bbox 1020 2979 1126 3018; x_wconf 75' lang='lat' dir='ltr'>study</span> <span class='ocrx_word' id='word_1_409' title='bbox 1145 2990 1152 3017; x_wconf 83' lang='lat'><em>3</em></span> <span class='ocrx_word' id='word_1_410' title='bbox 1176 2978 1220 3009; x_wconf 89' lang='lat' dir='ltr'>cf.</span> <span class='ocrx_word' id='word_1_411' title='bbox 1240 2978 1300 3018; x_wconf 88' lang='lat' dir='ltr'>Ep.</span> <span class='ocrx_word' id='word_1_412' title='bbox 1317 2988 1378 3017; x_wconf 91' lang='lat'>917</span> <span class='ocrx_word' id='word_1_413' title='bbox 1398 2977 1529 3009; x_wconf 87' lang='lat' dir='ltr'>introd.</span> 
     </span>
    </p>

    <p class='ocr_par' dir='ltr' id='par_1_7' title="bbox 139 3021 1692 3063">
     <span class='ocr_line' id='line_1_45' title="bbox 139 3021 1692 3063; baseline -0.002 -8"><span class='ocrx_word' id='word_1_414' title='bbox 139 3024 178 3056; x_wconf 85' lang='lat' dir='ltr'>of</span> <span class='ocrx_word' id='word_1_415' title='bbox 201 3025 264 3055; x_wconf 83' lang='lat' dir='ltr'>the</span> <span class='ocrx_word' id='word_1_416' title='bbox 291 3025 466 3063; x_wconf 77' lang='lat' dir='ltr'>Romans3</span> <span class='ocrx_word' id='word_1_417' title='bbox 503 3024 545 3055; x_wconf 85' lang='lat' dir='ltr'>cf.</span> <span class='ocrx_word' id='word_1_418' title='bbox 576 3024 721 3055; x_wconf 83' lang='lat' dir='ltr'>Brewer</span> <span class='ocrx_word' id='word_1_419' title='bbox 747 3025 786 3056; x_wconf 85' lang='lat' dir='ltr'>ii.</span> <span class='ocrx_word' id='word_1_420' title='bbox 815 3034 899 3063; x_wconf 83' lang='lat'><strong>4257</strong></span> <span class='ocrx_word' id='word_1_421' title='bbox 1057 3021 1186 3062; x_wconf 87' lang='lat' dir='ltr'>Addit]</span> <span class='ocrx_word' id='word_1_422' title='bbox 1202 3032 1242 3052; x_wconf 85' lang='lat' dir='ltr'>sc.</span> <span class='ocrx_word' id='word_1_423' title='bbox 1262 3022 1409 3060; x_wconf 88' lang='lat' dir='ltr'>Comes;</span> <span class='ocrx_word' id='word_1_424' title='bbox 1434 3022 1476 3053; x_wconf 80' lang='lat' dir='ltr'>cf.</span> <span class='ocrx_word' id='word_1_425' title='bbox 1491 3021 1553 3061; x_wconf 91' lang='lat' dir='ltr'>Ep.</span> <span class='ocrx_word' id='word_1_426' title='bbox 1572 3021 1645 3059; x_wconf 88' lang='lat'>878.</span> <span class='ocrx_word' id='word_1_427' title='bbox 1661 3030 1692 3060; x_wconf 90' lang='lat'>5.</span> 
     </span>
    </p>
   </div>
  </div>
 </body>
</html>
