2034 3433
119 156 217 211 820]
1627 164 1708 202 289

564 214 661 255 820.
721 213 785 255 To
816 213 1034 256 WILLIAM
1066 214 1262 257 GONELL.

163 301 351 339 Deventer
369 303 445 339 MS.
463 312 519 349 91,
541 303 566 338 f.
589 314 643 339 10.
1401 306 1576 342 Louvain.

164 359 208 395 D.
226 372 260 406 p.
285 370 371 406 152:
398 361 437 396 F.
454 373 490 407 p.
514 370 604 405 147:
630 360 722 396 HN:
751 361 869 397 Lond.
889 362 942 397 iii.
967 373 1029 408 13:
1058 363 1130 398 LB.
1151 375 1230 407 242.
1318 374 1362 400 22
1380 364 1487 409 April
1507 364 1661 412 (1518).

170 432 255 474 [For
270 442 290 463 a
306 434 391 465 visit
407 433 444 464 of
457 433 627 465 Erasmus
642 436 678 465 to
691 434 826 474 Bruges
842 435 1000 466 between
1020 445 1124 475 17-22
1140 437 1244 476 April
1260 447 1318 468 see
1336 438 1401 478 Ep.
1418 438 1494 476 831.
1512 447 1573 477 109
1586 437 1639 478 n.]

566 545 771 575 ERASMVS
802 546 1008 577 GONELLO
1040 548 1121 578 SVO
1154 549 1187 579 S.
1216 549 1257 579 D.

169 624 350 664 GRATVM
370 627 455 664 erat
475 627 597 664 tuum
613 626 922 674 munusculum,
939 627 1092 676 gratior
1112 627 1285 678 epistola
1303 631 1389 668 tam
1404 630 1543 678 amica,
1562 631 1705 680 gratis·

114 689 245 729 simus
264 691 430 729 animus
449 690 558 729 nihil
579 691 705 729 etiam
724 692 975 730 immutatus
995 692 1156 732 diutina
1176 695 1488 734 consuetudinis
1500 696 1703 735 intermis-

112 756 238 795 sione.
300 756 570 805 Clementem,
587 769 773 795 summae
793 757 882 806 spei
899 756 1106 806 iuuenem,
1123 759 1229 797 meis
1247 760 1386 798 verbis
1404 761 1646 801 admonebis
1659 764 1706 800 vt

112 821 163 858 ab
182 820 478 871 intempestiuo
498 821 637 860 studio
656 824 868 871 temperet.
914 821 1088 860 Memini
1111 837 1236 873 quam
1254 824 1325 863 ille
1346 825 1398 864 sit
1418 826 1524 864 libro
1544 827 1700 866 affixus.

113 885 340 924 Presertim
354 888 401 924 vt
415 900 438 924 a
454 887 655 924 nocturna
675 887 898 937 scriptione
913 887 1046 936 quoad
1065 887 1162 926 licet
1182 888 1395 936 abstineat,
1413 893 1464 938 et,
1482 891 1517 929 si
1531 891 1701 931 forsitan
1722 906 1741 937 5

112 950 164 988 ob
185 950 415 989 Cardinalis
434 952 603 1000 negocia
622 953 788 1001 cogetur
806 951 994 1000 scribere,
1017 954 1133 991 stans
1151 956 1192 992 et
1212 956 1369 993 erectus
1383 955 1559 994 scribere
1573 970 1703 996 assue-

111 1017 208 1054 scat.
251 1015 395 1054 Nolim
408 1016 487 1054 hoc
501 1016 718 1066 ingenium
737 1018 832 1055 ante
854 1017 964 1055 diem
984 1017 1128 1067 perire,
1142 1019 1369 1069 malimque
1385 1021 1541 1060 seruari
1556 1022 1703 1061 studiis

111 1093 236 1131 quam
255 1080 540 1120 Cardinaliciis
557 1081 740 1131 negociis
757 1081 955 1132 impendi.
1015 1083 1130 1121 Bene
1150 1084 1251 1123 vale.

165 1144 351 1184 Louanii.
372 1159 411 1185 x.
435 1146 506 1185 Gal
526 1145 663 1185 Maias.
723 1143 869 1198 [Anno
889 1146 1110 1199 M.D.xvn.l

589 1277 686 1318 821.
748 1277 812 1318 To
843 1277 1060 1319 RICHARD
1092 1279 1222 1321 PAcF.

156 1364 343 1400 Deventer
359 1363 436 1398 MS.
455 1373 510 1408 91,
531 1363 556 1398 f.
580 1373 623 1398 10
640 1368 690 1398 v0.
1417 1368 1594 1406 Louvain.

155 1422 199 1457 D.
213 1434 249 1468 p.
268 1431 349 1467 153:
376 1421 418 1457 E.
433 1434 469 1467 p.
484 1422 549 1465 46:
577 1421 614 1456 F.
630 1433 692 1467 pp.
711 1431 787 1465 147,
804 1433 890 1468 217:
919 1423 1008 1458 HN:
1036 1424 1152 1459 Lond.
1170 1424 1224 1459 iii.
1244 1435 1306 1469 14:
1359 1436 1401 1462 22
1418 1427 1527 1473 April
1550 1432 1649 1474 1518.

248 1480 324 1515 LB.
340 1490 421 1524 241.

153 1562 246 1603 [One
265 1562 304 1592 of
319 1562 378 1592 the
394 1561 475 1592 four
489 1561 613 1592 letters
630 1561 666 1591 in
686 1561 717 1591 D
734 1561 856 1592 which
877 1571 936 1593 are
958 1562 1105 1602 printed
1129 1563 1203 1594 also
1225 1564 1264 1595 in
1287 1564 1316 1596 E
1333 1575 1342 1603 ;
1364 1564 1428 1596 the
1451 1566 1571 1598 others
1594 1568 1701 1608 being

109 1605 197 1646 Epp.
214 1615 290 1644 279,
307 1606 382 1644 644,
402 1605 476 1644 778.
523 1605 569 1635 In
584 1605 659 1635 this
675 1614 753 1635 case
769 1606 830 1636 the
846 1615 973 1636 reason
988 1605 1043 1636 for
1060 1607 1120 1637 the
1136 1617 1392 1647 reappearance
1406 1610 1446 1640 in
1458 1611 1485 1641 E
1503 1611 1533 1641 is
1545 1613 1699 1652 perhaps

107 1649 189 1680 that
204 1649 268 1680 the
283 1650 360 1679 text
376 1648 479 1679 there
498 1648 562 1679 has
581 1649 795 1679 corrections
818 1649 920 1679 made
937 1649 983 1688 by
999 1649 1170 1682 Erasmus
1187 1651 1249 1692 (αἳ)
1266 1652 1306 1682 in
1323 1652 1384 1683 the
1401 1656 1624 1695 manuscript
1641 1656 1696 1694 (cf.

107 1693 172 1733 Ep.
189 1693 281 1732 826),
298 1692 459 1723 whereas
475 1692 505 1722 it
521 1701 634 1722 seems
650 1692 731 1722 that
747 1692 831 1731 only
847 1692 909 1723 the
925 1702 1012 1733 copy
1030 1694 1076 1734 by
1087 1694 1185 1726 John
1207 1695 1327 1726 Smith
1345 1696 1471 1737 (Hand
1487 1697 1518 1727 D
1535 1709 1541 1728 :
1557 1698 1606 1736 al)
1624 1709 1697 1730 was

108 1736 284 1767 available
308 1736 363 1766 for
386 1736 428 1767 D.
477 1735 513 1766 It
530 1735 561 1765 is
578 1736 776 1766 noticeable
793 1738 852 1766 too
868 1737 948 1767 that
967 1746 1063 1768 some
1079 1737 1118 1768 of
1134 1738 1198 1769 the
1213 1739 1364 1778 changes
1380 1739 1592 1772 introduced
1609 1742 1648 1774 in
1666 1743 1698 1773 D

106 1789 167 1811 are
183 1779 322 1811 revised
338 1780 380 1809 in
397 1779 424 1809 E
439 1790 447 1818 3
469 1779 513 1810 cf.
532 1779 595 1810 the
612 1779 822 1810 differences
838 1781 1001 1810 between
1018 1780 1049 1810 D
1066 1781 1135 1812 and
1152 1782 1179 1812 E
1196 1782 1235 1813 in
1252 1782 1315 1822 Ep.
1333 1792 1407 1822 279.

151 1822 342 1854 Barland’s
357 1824 435 1853 text
450 1822 490 1852 in
506 1822 564 1852 his
579 1824 735 1859 Epistolae
750 1825 877 1854 Selectae
889 1823 995 1863 (App.
1017 1826 1072 1864 12)
1089 1824 1226 1856 follows
1247 1826 1275 1857 E
1293 1829 1419 1867 except
1435 1827 1472 1858 in
1492 1827 1514 1858 l.
1530 1829 1561 1868 6,
1577 1828 1697 1860 where

107 1866 152 1898 he
169 1866 234 1898 has
246 1870 345 1906 iuuat,
364 1866 517 1906 perhaps
533 1866 618 1905 only
634 1875 654 1896 a
669 1866 868 1908 misprint.]

474 1974 680 2004 ERASMVS
710 1975 910 2006 RICARDO
940 1977 1082 2008 PACEO
1113 1978 1196 2008 SVO
1227 1979 1262 2008 S.
1284 1978 1327 2010 D.

161 2057 196 2095 Ο
223 2068 330 2095 VERE
362 2055 622 2106 splendidam
655 2057 817 2094 vestrae
845 2056 1087 2096 Britanniae
1117 2058 1284 2108 regiam,
1317 2060 1456 2098 sedem
1490 2063 1531 2098 et
1560 2074 1694 2100 arcem

106 2121 359 2172 optimorum
387 2120 619 2158 studiorum
647 2133 692 2158 ac
719 2119 950 2160 virtutum!
1007 2121 1062 2160 Et
1090 2122 1218 2171 vobis,
1249 2123 1309 2161 mi
1337 2124 1478 2173 Pacee,
1510 2126 1694 2175 gratulor

106 2186 233 2225 talem
259 2185 509 2234 Principem,
539 2186 579 2222 et
605 2184 686 2234 ipsi
706 2184 894 2235 Principi
912 2187 1104 2235 gratulor,
1129 2187 1246 2226 cuius
1264 2201 1438 2238 regnum
1458 2191 1519 2228 tot
1538 2190 1693 2240 ingeni-

106 2263 226 2289 orum
246 2250 477 2288 luminibus
500 2249 744 2289 illustretur.
802 2251 986 2301 Vtroque
1010 2265 1106 2290 vero
1132 2253 1301 2291 nomine
1327 2255 1484 2292 vestrae
1510 2255 1693 2304 gratulor

103 2315 295 2366 Angliae,
319 2328 414 2353 cum
433 2314 534 2353 alias
553 2313 700 2353 multis
719 2314 854 2353 modis
872 2314 994 2364 felici,
1017 2317 1108 2354 tum
1128 2316 1220 2355 istis
1242 2317 1379 2357 titulis
1397 2318 1456 2357 sic
1476 2319 1692 2360 excellenti
1709 2332 1728 2364 5

104 2383 150 2419 vt
187 2379 306 2419 nulla
339 2379 555 2429 regionum
589 2391 684 2418 cum
717 2392 764 2418 ea
795 2381 918 2429 queat
956 2379 1142 2418 conferri.
1217 2381 1338 2420 Nunc
1375 2382 1543 2422 demum
1576 2384 1692 2425 iuuet

103 2444 342 2484 vniuersam
356 2446 510 2483 etatem
528 2443 637 2494 apud
655 2443 817 2493 Anglos
832 2444 1003 2494 exigere,
1020 2445 1091 2483 vbi
1105 2445 1245 2484 fauore
1265 2446 1500 2498 principum
1518 2453 1691 2498 regnant

106 2509 237 2548 bonae
255 2509 405 2558 literae,
428 2509 542 2559 viget
559 2509 723 2548 honesti
742 2509 942 2557 studium,
964 2509 1104 2548 exulat
1132 2523 1178 2549 ac
1197 2510 1300 2550 iacet
1326 2525 1422 2551 cum
1447 2513 1582 2552 fucata
1607 2528 1692 2565 per-

150 2614 226 2645 820.
251 2623 281 2645 2.
312 2614 422 2644 etiam
445 2616 537 2644 MS.:
566 2613 768 2644 etiamnum
792 2616 835 2644 H.
992 2614 1260 2645 intermissione
1283 2618 1333 2646 D:
1363 2617 1596 2648 intecessione
1619 2620 1687 2649 MS.

107 2667 138 2697 3.
169 2667 330 2689 summae
353 2657 429 2696 spei
452 2658 620 2688 iuuenem
645 2659 720 2687 add.
742 2659 780 2688 D.
948 2665 979 2696 5.
1013 2660 1064 2687 D:
1095 2659 1244 2689 noctura
1266 2661 1335 2691 MS.
1461 2661 1576 2699 quoad
1598 2664 1689 2693 MS:

107 2703 285 2741 quantum
300 2702 344 2732 H.
431 2699 584 2731 forsitan
600 2724 608 2731 .
624 2723 632 2731 .
652 2725 659 2732 .
678 2701 709 2731 6.
727 2700 873 2740 negocia
888 2702 962 2732 add.
979 2703 1018 2732 D.
1139 2711 1168 2740 7.
1191 2702 1386 2742 malimque
1404 2726 1411 2734 .
1427 2725 1435 2734 .
1455 2727 1463 2735 .
1479 2704 1509 2735 8.
1526 2705 1688 2745 impendi

106 2747 181 2775 add.
198 2747 236 2776 D.
305 2753 336 2783 9.
362 2743 470 2775 Anno
485 2753 635 2774 M.n.xvn
650 2746 724 2774 add.
742 2746 778 2775 F.
853 2743 928 2776 821.
951 2753 1014 2776 m.
1039 2753 1193 2775 mommo
1215 2748 1289 2777 add.
1307 2748 1359 2776 D:
1383 2755 1563 2778 moranno
1581 2746 1668 2779 FlH
1682 2760 1689 2779 :

107 2799 165 2819 om.
183 2786 293 2819 aEF2.
410 2796 441 2825 3.
468 2786 535 2825 ipsi
552 2786 654 2818 DF¹H
668 2797 676 2817 z
700 2797 759 2818 om.
775 2786 886 2819 aEffl.
976 2788 1007 2819 6.
1032 2797 1072 2818 ea
1087 2790 1161 2819 add.
1176 2786 1220 2819 αἳ.
1309 2788 1409 2820 «21:1²2
1424 2800 1432 2820 z
1456 2790 1558 2821 iuuat
1574 2789 1686 2823 DFlH.

107 2833 140 2864 8.
163 2841 203 2863 ac
218 2830 252 2861 ιι2
263 2829 353 2861 Effl:
377 2831 441 2860 aut
455 2828 489 2860 ο.1
500 2829 610 2860 DFlH.

148 2951 220 2982 820.
230 2961 260 2990 3.
271 2949 509 2990 Clementem]
517 2949 670 2980 Ioannes
679 2950 857 2982 Clemens:
971 2951 1001 2983 6.
1028 2951 1246 2993 Cardinalis]
1261 2952 1415 2992 Wolsey.

104 2995 136 3026 D
153 2997 190 3025 in
204 3004 302 3032 mary.
349 2993 400 3024 Cf.
415 2993 479 3033 Ep.
498 2993 571 3031 388.
592 3002 652 3032 173
663 3003 698 3024 n.
972 2995 1046 3026 821.
1074 3005 1100 3027 1.
1125 2995 1272 3037 regiam]
1297 2995 1349 3028 Cf.
1370 2997 1433 3037 Ep.
1452 2997 1525 3037 855.
1543 2998 1584 3028 28
1601 3008 1635 3029 n.

171 3059 279 3079 ammi<
298 3059 339 3079 111
880 3062 909 3088 U
