2034 3433
291 336 331 368 95

273 659 330 680 100

287 1669 327 1691 10

286 2325 324 2345 20

284 2649 320 2680 ²5

350 150 432 188 476
822 149 1074 189 LETTERS
1112 149 1182 188 oF
1220 150 1486 189 ERAsMUs
1824 150 1948 205 [1519

352 253 607 303 Improbum,
633 254 784 303 inquis,
808 255 979 292 votum:
1009 253 1247 302 improbum
1268 266 1380 302 sane,
1403 253 1473 291 sed
1495 253 1603 303 quod
1630 266 1704 291 nec
1724 253 1809 302 ipse
1827 255 1949 304 plane

351 318 566 368 improbet.
628 320 736 367 Ergo
758 332 832 357 nec
852 318 1151 357 existimationi
1179 332 1254 356 nec
1281 318 1509 357 commodis
1535 318 1642 356 tanti
1663 317 1743 357 viri
1768 317 1946 369 inuideo,

351 384 468 421 cuius
487 383 719 432 eloquentia
741 383 848 433 apud
879 397 946 421 me
972 383 1105 432 pluris
1130 385 1194 421 est
1219 396 1342 433 quam
1362 384 1492 421 totius
1519 383 1676 421 Galliae
1701 395 1811 433 opes·
1869 384 1947 423 Sed

350 452 394 486 in
422 449 498 486 hoc
526 449 605 486 ista
631 449 777 497 scribo,
807 451 853 487 vt
879 448 915 487 si
945 448 1045 497 quid
1070 448 1207 496 habes,
1231 450 1419 487 actutum
1446 461 1514 486 me
1553 448 1771 486 certiorem
1804 449 1948 489 reddas

352 526 423 550 cur
455 525 619 561 semper
654 514 854 562 neglectis
884 513 1116 561 Gallorum,
1149 526 1261 552 nunc
1302 513 1489 562 primum
1519 513 1716 552 fastiditis
1745 512 1947 553 Italorum

352 578 541 626 ingeniis,
565 579 810 617 Germanica
829 581 915 617 tam
935 578 1153 617 ambitiose
1173 578 1447 618 assectemini.

403 642 504 680 Vale
525 657 573 680 ex
593 643 696 681 vrbe
718 644 861 682 Roma.
885 646 1033 693 quarto
1053 644 1193 683 Galen.
1217 643 1468 682 Februarias.

697 768 888 823 14’06915930
951 767 1080 808 FROM
1114 767 1330 808 WILLIAM
1365 768 1596 810 BUDAEUS.

396 841 560 887 Farrago
579 854 614 886 p.
636 844 691 886 36.
1646 840 1760 876 Paris.

397 899 433 933 F.
453 911 492 944 p.
514 902 600 945 198:
629 900 720 935 HN:
750 900 865 935 Lond.
886 900 940 936 iii.
960 909 1024 945 57:
1051 900 1124 935 LB.
1144 901 1222 944 383.
1501 910 1515 935 1
1537 899 1726 944 February
1747 897 1899 946 (1519).

693 993 732 1021 G.
767 992 972 1020 BVDAEvs
1004 991 1184 1022 ERASMO
1214 991 1523 1022 ROTERODAMO
1555 992 1588 1022 S.

402 1066 504 1104 V1D1
543 1067 846 1106 enarrationem
890 1081 1015 1117 quam
1055 1067 1099 1105 in
1140 1067 1361 1117 epistolam
1401 1080 1536 1106 meam
1575 1067 1788 1118 scripsisti,
1829 1066 1947 1105 illam

347 1131 504 1169 scilicet
534 1132 811 1170 humanitatis
839 1132 1019 1182 plenam,
1051 1133 1119 1171 sed
1149 1132 1227 1170 tibi
1257 1135 1378 1170 antea
1406 1131 1655 1180 inusitatae;
1685 1132 1729 1170 in
1759 1145 1839 1182 qua
1868 1131 1948 1170 etsi

347 1196 486 1234 onmia
511 1197 619 1234 mihi
646 1197 974 1246 perplacuerunt,
1010 1199 1152 1236 tamen
1183 1197 1311 1236 variis
1344 1197 1454 1236 curis
1488 1197 1718 1247 implicitus
1751 1209 1876 1245 nunc,
1901 1198 1948 1234 vt

345 1261 532 1309 arbitror,
558 1275 642 1299 non
671 1262 990 1312 respondissem,
1013 1263 1095 1301 nisi
1122 1263 1168 1301 in
1195 1262 1394 1312 epistolae
1424 1264 1518 1301 tuae
1547 1263 1820 1313 appendicula
1848 1261 1948 1301 obti-

345 1339 501 1364 cescere
514 1340 581 1364 me
594 1327 805 1366 vetuisses.
839 1327 947 1366 Nam
964 1341 1015 1365 ne
1032 1342 1098 1366 me
1113 1328 1215 1366 adeo
1230 1327 1370 1378 supini
1386 1328 1462 1366 ocii
1477 1328 1695 1366 hominem
1711 1340 1799 1366 esse
1811 1329 1946 1377 putes,

344 1391 415 1441 qui
455 1393 525 1430 diu
557 1393 640 1431 iam
676 1393 974 1442 paterfamilias
1008 1394 1144 1431 factus
1177 1393 1355 1443 septimo
1386 1393 1512 1432 etiam
1540 1393 1628 1432 filio
1659 1395 1806 1432 auctus
1837 1392 1945 1431 sim:

345 1457 516 1496 domum
551 1471 683 1508 nuper
711 1458 795 1496 emi
829 1458 872 1495 in
908 1471 1080 1508 eamque
1113 1458 1303 1508 migraui,
1338 1458 1466 1497 simul
1499 1461 1540 1497 et
1570 1458 1944 1497 reconcinnandam

345 1522 473 1560 fabris
492 1523 764 1561 tumultuarie
785 1523 929 1571 locaui,
954 1524 1074 1562 libris
1094 1523 1265 1562 interim
1286 1526 1327 1562 et
1348 1524 1503 1563 chartis
1518 1524 1562 1562 in
1577 1523 1767 1572 congerie
1780 1523 1945 1562 iacenti-

344 1586 433 1624 bus.
494 1586 545 1625 In
568 1588 643 1625 hac
664 1588 909 1626 transitione
932 1602 1030 1638 opes
1055 1601 1169 1628 meas
1198 1589 1385 1628 recensui
1413 1591 1536 1628 antea
1565 1589 1671 1627 mihi
1700 1589 1943 1639 incognitas,

345 1665 397 1689 ne
430 1665 497 1690 me
533 1666 617 1690 non
653 1654 759 1691 serio
799 1655 985 1704 excipere
1014 1656 1133 1704 putes
1163 1655 1271 1704 quod
1306 1655 1355 1692 de
1388 1654 1548 1694 diuitiis
1579 1655 1683 1693 meis
1716 1654 1940 1704 aspersisti.

345 1717 460 1764 Quod
500 1720 640 1756 tamen
678 1719 816 1768 ipsum
857 1732 1039 1769 quonam
1078 1720 1200 1758 modo
1233 1720 1278 1758 in
1318 1722 1502 1759 mentem
1535 1719 1614 1759 tibi
1647 1720 1820 1768 venerit,
1857 1733 1942 1758 non

344 1781 558 1832 intelligo;
589 1797 718 1833 quum
741 1784 783 1821 in
803 1785 921 1823 libris
942 1787 984 1824 et
1003 1785 1147 1824 liberis
1166 1786 1319 1824 bonam
1339 1798 1488 1824 census
1512 1785 1595 1824 mei
1614 1787 1773 1835 partem
1793 1785 1944 1824 habere

344 1860 410 1884 me
429 1860 592 1897 semper
612 1861 709 1897 prae
729 1862 796 1886 me
818 1849 989 1888 tulerim
1010 1852 1132 1900 atque
1151 1851 1278 1888 etiam
1299 1852 1476 1888 testatus
1495 1851 1589 1889 sim.

397 1913 477 1951 Sed
498 1927 623 1963 quam
645 1915 748 1952 illud
770 1915 921 1953 scitum
943 1915 1048 1954 mihi
1068 1916 1207 1954 visum
1227 1930 1315 1955 esse
1335 1929 1485 1964 censes,
1510 1916 1618 1966 quod
1639 1916 1684 1954 in
1706 1915 1943 1965 Epimethei

290 1999 320 2006 -·
344 1978 555 2017 mentione
580 1980 759 2018 dicacem
781 1994 848 2018 me
875 1983 916 2018 et
945 1982 1156 2020 eruditum
1186 1982 1299 2020 velut
1328 1996 1377 2020 ex
1408 1982 1705 2020 commentario
1734 1981 1868 2020 facis?
1896 1983 1943 2019 vt

343 2044 518 2091 paucula
547 2045 750 2094 quaedam
778 2059 882 2095 quae
908 2048 953 2084 tu
979 2046 1086 2085 bona
1113 2046 1225 2085 dicta
1250 2059 1381 2095 vocas,
1406 2047 1586 2096 seposita
1605 2047 1718 2085 velut
1739 2045 1783 2085 in
1802 2059 1941 2085 nume

343 2111 432 2147 rato
471 2110 672 2157 habeam3
717 2124 821 2160 quae
854 2112 981 2150 etiam
1014 2112 1102 2161 ipsa
1135 2112 1372 2162 perditurus
1402 2126 1526 2161 eram,
1558 2111 1641 2150 nisi
1679 2114 1721 2150 te
1759 2111 1941 2150 amicum

343 2175 489 2212 nactus
509 2188 642 2213 essem
664 2176 707 2213 in
732 2189 855 2225 quem
876 2177 965 2226 ipsa
986 2177 1281 2227 intorquerem.
1339 2176 1513 2215 Memini
1533 2177 1632 2216 alias
1651 2176 1724 2216 abs
1742 2179 1785 2216 te
1804 2176 1942 2216 nescio

344 2239 441 2288 quid
474 2239 609 2278 simile
640 2241 685 2278 in
716 2255 782 2280 me
811 2243 1022 2291 iactatum,
1047 2243 1126 2281 etsi
1156 2256 1267 2281 nunc
1297 2246 1440 2281 notare
1472 2242 1611 2281 locum
1645 2255 1731 2281 non
1764 2255 1939 2292 possem.

343 2305 419 2343 Eia
445 2308 502 2352 tu,
527 2306 593 2344 cui
621 2306 688 2345 vel
715 2306 804 2344 ioco
833 2307 1015 2345 amicum
1042 2309 1320 2358 perstringere
1346 2307 1491 2358 religio
1514 2310 1605 2347 est:
1635 2309 1720 2347 tam
1752 2308 1941 2358 stupidae

342 2371 452 2409 auris
471 2384 558 2409 esse
587 2385 654 2409 me
680 2372 875 2410 lectorem
902 2373 1070 2422 putasti,
1093 2376 1139 2412 vt
1167 2373 1208 2411 id
1240 2374 1367 2412 semel
1396 2374 1556 2412 dictum
1586 2387 1671 2412 non
1695 2373 1940 2412 satisexau·

341 2436 493 2474 dissem
507 2437 527 2474 i>
582 2437 694 2475 Ante
713 2439 754 2474 te
774 2438 1107 2489 paroemiologon
1126 2439 1167 2477 id
1188 2440 1253 2477 ius
1272 2439 1398 2477 fuisse
1419 2439 1582 2486 scimus,
1607 2441 1651 2477 vt
1672 2438 1939 2489 antiquorum

343 2501 528 2539 inuentis
558 2501 867 2540 studiosissimo
898 2503 1044 2553 cuique
1074 2504 1131 2542 ita
1159 2503 1221 2542 vti
1249 2504 1331 2542 frui
1362 2504 1513 2552 liceret,
1537 2506 1584 2543 vt
1610 2517 1662 2541 ne
1687 2502 1731 2542 in
1757 2502 1938 2542 alienam

341 2566 507 2615 quidem
537 2567 840 2616 possessionem
871 2569 1071 2608 inuasisse
1099 2569 1323 2617 videretur,
1348 2571 1418 2608 sed
1447 2569 1579 2608 veluti
1608 2569 1781 2607 floribus
1810 2568 1940 2608 decer-

341 2632 425 2680 ptis
452 2631 511 2670 vti
540 2632 582 2669 in
610 2646 707 2682 agro
737 2634 906 2682 publico
932 2635 1066 2673 enatis
1092 2637 1132 2673 et
1158 2637 1405 2684 occupaturo
1430 2635 1637 2684 expositis
1697 2634 1818 2673 Nunc
1844 2636 1938 2684 post

383 2721 457 2751 914.
482 2732 535 2760 94.
562 2721 669 2761 plane
686 2724 758 2752 add.
776 2724 812 2752 F.
947 2732 1000 2761 95.
1028 2722 1119 2762 Ergo
1135 2724 1186 2752 E:
1212 2722 1283 2761 Ego
1300 2724 1342 2752 H.
1476 2732 1530 2762 97.
1556 2722 1683 2753 reddas
1699 2723 1750 2752 E:
1773 2722 1880 2753 facias
1895 2725 1931 2753 F.
1969 2738 1972 2741 Δ

340 2765 403 2793 915
444 2773 491 2794 10.
510 2766 671 2804 excipere
688 2768 737 2794 E:
761 2766 921 2805 accipere
938 2767 979 2796 N.
1116 2774 1164 2804 19.
1192 2767 1321 2804 possim
1339 2768 1381 2797 H.

384 2874 457 2904 915.
483 2883 511 2911 5.
541 2872 730 2913 vetuisses]
747 2874 811 2914 Ep.
827 2875 903 2913 906.
923 2884 997 2913 571.
1220 2884 1248 2913 7.
1274 2874 1437 2915 domum]
1455 2874 1500 2905 In
1517 2874 1581 2906 the
1599 2885 1660 2906 rue
1677 2876 1727 2907 st.
1749 2875 1880 2907 Martin
1897 2877 1934 2905 at

383 2917 413 2945 6.
462 2916 628 2956 septimo]
675 2918 742 2947 For
788 2917 850 2948 the
888 2917 1027 2956 growth
1066 2917 1105 2948 of
1175 2916 1295 2955 Paris;
1322 2918 1364 2949 cf.
1384 2917 1468 2949 BE⁴.
1488 2928 1539 2957 43.

340 2959 512 2989 Budaeus’
540 2960 667 2999 family
691 2961 734 2992 ef.
761 2961 847 3000 Epp.
878 2971 953 3000 403.
985 2962 1100 3000 148—9,
1219 2971 1263 2998 14.
1292 2961 1513 3001 Epimethei]
1532 2961 1585 2993 Of.
1602 2962 1664 3001 Ep.
1683 2963 1759 3001 906.
1781 2971 1915 3000 119-49.

339 3003 412 3040 989.
433 3012 517 3043 22—3
535 3004 623 3033 with
642 3004 726 3038 BE‘.
744 3006 774 3043 6,
798 3014 847 3043 19,
870 3014 941 3043 103,
964 3014 1035 3043 134.
1215 3015 1266 3034 20.
1292 3005 1464 3045 amicum]
1479 3005 1534 3035 Cf.
1551 3005 1612 3045 Ep.
1628 3007 1703 3044 906.
1723 3005 1783 3035 128
1797 3015 1831 3036 n.
