<?xml version="1.0" encoding="UTF-8"?>
<!DOCTYPE html PUBLIC "-//W3C//DTD XHTML 1.0 Transitional//EN"
    "http://www.w3.org/TR/xhtml1/DTD/xhtml1-transitional.dtd">
<html xmlns="http://www.w3.org/1999/xhtml" xml:lang="en" lang="en">
 <head>
  <title>
</title>
<meta http-equiv="Content-Type" content="text/html;charset=utf-8" />
  <meta name='ocr-system' content='tesseract 3.04.00' />
  <meta name='ocr-capabilities' content='ocr_page ocr_carea ocr_par ocr_line ocrx_word'/>
</head>
<body>
  <div class='ocr_page' id='page_1' title='image "./opusepistolarumd03erasuoft_0391.png"; bbox 0 0 2034 3433; ppageno 0'>
   <div class='ocr_carea' id='block_1_1' title="bbox 140 115 1725 171">
    <p class='ocr_par' dir='ltr' id='par_1_1' title="bbox 140 115 1725 171">
     <span class='ocr_line' id='line_1_1' title="bbox 140 115 1725 171; baseline 0.004 -15"><span class='ocrx_word' id='word_1_1' title='bbox 140 115 238 171; x_wconf 80' lang='lat'><strong>848]</strong></span> <span class='ocrx_word' id='word_1_2' title='bbox 664 119 734 158; x_wconf 79' lang='lat' dir='ltr'><strong>To</strong></span> <span class='ocrx_word' id='word_1_3' title='bbox 772 119 1004 161; x_wconf 77' lang='lat' dir='ltr'><strong>THoMAs</strong></span> <span class='ocrx_word' id='word_1_4' title='bbox 1044 121 1199 161; x_wconf 82' lang='lat' dir='ltr'>MORE</span> <span class='ocrx_word' id='word_1_5' title='bbox 1648 125 1725 163; x_wconf 82' lang='lat'><strong>341</strong></span> 
     </span>
    </p>
   </div>
   <div class='ocr_carea' id='block_1_2' title="bbox 133 222 1790 1059">
    <p class='ocr_par' dir='ltr' id='par_1_2' title="bbox 133 222 1790 1059">
     <span class='ocr_line' id='line_1_2' title="bbox 137 222 1732 275; baseline 0.003 -13"><span class='ocrx_word' id='word_1_6' title='bbox 137 222 409 262; x_wconf 80' lang='lat' dir='ltr'>Germaniam</span> <span class='ocrx_word' id='word_1_7' title='bbox 442 235 550 262; x_wconf 85' lang='lat' dir='ltr'><strong>noua</strong></span> <span class='ocrx_word' id='word_1_8' title='bbox 587 223 764 273; x_wconf 89' lang='lat' dir='ltr'><strong>quedam</strong></span> <span class='ocrx_word' id='word_1_9' title='bbox 798 225 936 273; x_wconf 87' lang='lat' dir='ltr'><strong>pestis,</strong></span> <span class='ocrx_word' id='word_1_10' title='bbox 960 238 1063 275; x_wconf 88' lang='lat' dir='ltr'><strong>quae</strong></span> <span class='ocrx_word' id='word_1_11' title='bbox 1094 225 1220 265; x_wconf 91' lang='lat' dir='ltr'><strong>simul</strong></span> <span class='ocrx_word' id='word_1_12' title='bbox 1257 228 1299 265; x_wconf 89' lang='lat' dir='ltr'><strong>et</strong></span> <span class='ocrx_word' id='word_1_13' title='bbox 1337 227 1488 266; x_wconf 79' lang='lat' dir='ltr'>tussim</span> <span class='ocrx_word' id='word_1_14' title='bbox 1527 228 1652 266; x_wconf 89' lang='lat' dir='ltr'><strong>habet</strong></span> <span class='ocrx_word' id='word_1_15' title='bbox 1691 231 1732 267; x_wconf 90' lang='lat' dir='ltr'><strong>et</strong></span> 
     </span>
     <span class='ocr_line' id='line_1_3' title="bbox 136 287 1730 341; baseline 0.004 -15"><span class='ocrx_word' id='word_1_16' title='bbox 136 287 286 338; x_wconf 84' lang='lat' dir='ltr'><strong>capitis</strong></span> <span class='ocrx_word' id='word_1_17' title='bbox 323 288 518 337; x_wconf 91' lang='lat' dir='ltr'><strong>dolorem,</strong></span> <span class='ocrx_word' id='word_1_18' title='bbox 557 288 603 327; x_wconf 88' lang='lat' dir='ltr'><strong>in</strong></span> <span class='ocrx_word' id='word_1_19' title='bbox 639 289 858 327; x_wconf 87' lang='lat' dir='ltr'><strong>nonnullis</strong></span> <span class='ocrx_word' id='word_1_20' title='bbox 900 303 1029 340; x_wconf 91' lang='lat' dir='ltr'><strong>vsque</strong></span> <span class='ocrx_word' id='word_1_21' title='bbox 1074 291 1124 329; x_wconf 88' lang='lat' dir='ltr'><strong>ad</strong></span> <span class='ocrx_word' id='word_1_22' title='bbox 1170 292 1408 341; x_wconf 82' lang='lat' dir='ltr'><strong>phrenesim</strong></span> <span class='ocrx_word' id='word_1_23' title='bbox 1445 295 1488 331; x_wconf 91' lang='lat' dir='ltr'><strong>et</strong></span> <span class='ocrx_word' id='word_1_24' title='bbox 1524 293 1730 333; x_wconf 87' lang='lat' dir='ltr'><strong>viscerum</strong></span> 
     </span>
     <span class='ocr_line' id='line_1_4' title="bbox 140 353 1767 404; baseline 0.003 -13"><span class='ocrx_word' id='word_1_25' title='bbox 140 354 333 393; x_wconf 90' lang='lat' dir='ltr'><strong>tormina.</strong></span> <span class='ocrx_word' id='word_1_26' title='bbox 391 354 531 393; x_wconf 85' lang='lat' dir='ltr'><strong>Amici</strong></span> <span class='ocrx_word' id='word_1_27' title='bbox 567 353 815 404; x_wconf 87' lang='lat' dir='ltr'><strong>scripserant</strong></span> <span class='ocrx_word' id='word_1_28' title='bbox 853 368 943 394; x_wconf 89' lang='lat' dir='ltr'><strong>eam</strong></span> <span class='ocrx_word' id='word_1_29' title='bbox 976 356 1059 394; x_wconf 90' lang='lat' dir='ltr'><strong>iam</strong></span> <span class='ocrx_word' id='word_1_30' title='bbox 1096 357 1322 396; x_wconf 76' lang='lat' dir='ltr'><strong>extinctam</strong></span> <span class='ocrx_word' id='word_1_31' title='bbox 1354 371 1453 398; x_wconf 88' lang='lat' dir='ltr'><strong>esse.</strong></span> <span class='ocrx_word' id='word_1_32' title='bbox 1511 358 1627 397; x_wconf 86' lang='lat' dir='ltr'><strong>Haec</strong></span> <span class='ocrx_word' id='word_1_33' title='bbox 1664 372 1731 398; x_wconf 90' lang='lat' dir='ltr'><strong>me</strong></span> <span class='ocrx_word' id='word_1_34' title='bbox 1749 365 1767 396; x_wconf 88' lang='lat'>5</span> 
     </span>
     <span class='ocr_line' id='line_1_5' title="bbox 138 419 1727 474; baseline 0.003 -16"><span class='ocrx_word' id='word_1_35' title='bbox 138 421 233 469; x_wconf 87' lang='lat' dir='ltr'><strong>post</strong></span> <span class='ocrx_word' id='word_1_36' title='bbox 265 419 471 459; x_wconf 89' lang='lat' dir='ltr'><strong>decimum</strong></span> <span class='ocrx_word' id='word_1_37' title='bbox 506 419 614 458; x_wconf 89' lang='lat' dir='ltr'><strong>diem</strong></span> <span class='ocrx_word' id='word_1_38' title='bbox 659 419 869 469; x_wconf 87' lang='lat' dir='ltr'><strong>corripuit,</strong></span> <span class='ocrx_word' id='word_1_39' title='bbox 903 423 944 459; x_wconf 88' lang='lat' dir='ltr'><strong>et</strong></span> <span class='ocrx_word' id='word_1_40' title='bbox 979 421 1063 460; x_wconf 89' lang='lat' dir='ltr'><strong>iam</strong></span> <span class='ocrx_word' id='word_1_41' title='bbox 1102 422 1190 460; x_wconf 87' lang='lat' dir='ltr'><strong>dies</strong></span> <span class='ocrx_word' id='word_1_42' title='bbox 1234 423 1394 473; x_wconf 79' lang='lat' dir='ltr'><strong>aliquot</strong></span> <span class='ocrx_word' id='word_1_43' title='bbox 1426 423 1535 462; x_wconf 89' lang='lat' dir='ltr'><strong>male</strong></span> <span class='ocrx_word' id='word_1_44' title='bbox 1572 423 1727 474; x_wconf 79' lang='lat' dir='ltr'><strong>affligit.</strong></span> 
     </span>
     <span class='ocr_line' id='line_1_6' title="bbox 139 485 1728 537; baseline 0.003 -13"><span class='ocrx_word' id='word_1_45' title='bbox 139 485 221 524; x_wconf 85' lang='lat' dir='ltr'><strong>Sed</strong></span> <span class='ocrx_word' id='word_1_46' title='bbox 258 487 397 525; x_wconf 85' lang='lat' dir='ltr'><strong>tamen</strong></span> <span class='ocrx_word' id='word_1_47' title='bbox 435 497 530 524; x_wconf 90' lang='lat' dir='ltr'><strong>sum</strong></span> <span class='ocrx_word' id='word_1_48' title='bbox 584 513 873 526; x_wconf 89' lang='grc'><strong>.....</strong></span> <span class='ocrx_word' id='word_1_49' title='bbox 928 485 1084 525; x_wconf 91' lang='lat' dir='ltr'><strong>Multos</strong></span> <span class='ocrx_word' id='word_1_50' title='bbox 1130 487 1298 537; x_wconf 88' lang='lat' dir='ltr'><strong>quidem</strong></span> <span class='ocrx_word' id='word_1_51' title='bbox 1340 488 1489 527; x_wconf 87' lang='lat' dir='ltr'><strong>occidit</strong></span> <span class='ocrx_word' id='word_1_52' title='bbox 1536 489 1620 536; x_wconf 87' lang='lat' dir='ltr'><strong>illa,</strong></span> <span class='ocrx_word' id='word_1_53' title='bbox 1660 490 1728 528; x_wconf 89' lang='lat' dir='ltr'><strong>sed</strong></span> 
     </span>
     <span class='ocr_line' id='line_1_7' title="bbox 139 550 1731 601; baseline 0.003 -12"><span class='ocrx_word' id='word_1_54' title='bbox 139 550 278 600; x_wconf 87' lang='lat' dir='ltr'><strong>plures</strong></span> <span class='ocrx_word' id='word_1_55' title='bbox 296 550 506 601; x_wconf 72' lang='lat' dir='ltr'><strong>relinquit.</strong></span> <span class='ocrx_word' id='word_1_56' title='bbox 567 550 680 600; x_wconf 91' lang='lat' dir='ltr'><strong>Opus</strong></span> <span class='ocrx_word' id='word_1_57' title='bbox 708 550 817 589; x_wconf 88' lang='lat' dir='ltr'><strong>Noui</strong></span> <span class='ocrx_word' id='word_1_58' title='bbox 842 551 1096 590; x_wconf 71' lang='lat' dir='ltr'><strong>Testamenti</strong></span> <span class='ocrx_word' id='word_1_59' title='bbox 1121 552 1206 591; x_wconf 90' lang='lat' dir='ltr'><strong>iam</strong></span> <span class='ocrx_word' id='word_1_60' title='bbox 1233 554 1277 591; x_wconf 90' lang='lat' dir='ltr'><strong>in</strong></span> <span class='ocrx_word' id='word_1_61' title='bbox 1303 566 1425 592; x_wconf 87' lang='lat' dir='ltr'><strong>cursu</strong></span> <span class='ocrx_word' id='word_1_62' title='bbox 1444 556 1523 593; x_wconf 90' lang='lat' dir='ltr'><strong>est.</strong></span> <span class='ocrx_word' id='word_1_63' title='bbox 1579 553 1731 593; x_wconf 86' lang='lat' dir='ltr'><strong>Curaui</strong></span> 
     </span>
     <span class='ocr_line' id='line_1_8' title="bbox 138 615 1729 659; baseline 0.003 -6"><span class='ocrx_word' id='word_1_64' title='bbox 138 616 220 654; x_wconf 87' lang='lat' dir='ltr'><strong>tria</strong></span> <span class='ocrx_word' id='word_1_65' title='bbox 238 615 454 655; x_wconf 81' lang='lat' dir='ltr'><strong>volumina</strong></span> <span class='ocrx_word' id='word_1_66' title='bbox 472 615 712 654; x_wconf 84' lang='lat' dir='ltr'><strong>excudenda</strong></span> <span class='ocrx_word' id='word_1_67' title='bbox 730 616 776 654; x_wconf 91' lang='lat' dir='ltr'><strong>in</strong></span> <span class='ocrx_word' id='word_1_68' title='bbox 795 616 1059 655; x_wconf 84' lang='lat' dir='ltr'><strong>membranis.</strong></span> <span class='ocrx_word' id='word_1_69' title='bbox 1103 618 1164 656; x_wconf 93' lang='lat' dir='ltr'><strong>De</strong></span> <span class='ocrx_word' id='word_1_70' title='bbox 1178 631 1261 656; x_wconf 92' lang='lat' dir='ltr'><strong>vno</strong></span> <span class='ocrx_word' id='word_1_71' title='bbox 1281 618 1455 657; x_wconf 85' lang='lat' dir='ltr'><strong>iusserat</strong></span> <span class='ocrx_word' id='word_1_72' title='bbox 1475 619 1729 659; x_wconf 85' lang='lat' dir='ltr'><strong>Tunstallus.</strong></span> 
     </span>
     <span class='ocr_line' id='line_1_9' title="bbox 139 680 1790 734; baseline 0.002 -15"><span class='ocrx_word' id='word_1_73' title='bbox 139 680 186 718; x_wconf 91' lang='lat' dir='ltr'><strong>Si</strong></span> <span class='ocrx_word' id='word_1_74' title='bbox 217 681 410 720; x_wconf 80' lang='lat' dir='ltr'><strong>valetudo</strong></span> <span class='ocrx_word' id='word_1_75' title='bbox 441 680 587 719; x_wconf 82' lang='lat' dir='ltr'><strong>fuisset</strong></span> <span class='ocrx_word' id='word_1_76' title='bbox 618 694 811 732; x_wconf 87' lang='lat' dir='ltr'><strong>prospera</strong></span> <span class='ocrx_word' id='word_1_77' title='bbox 857 681 958 720; x_wconf 87' lang='lat' dir='ltr'><strong>duos</strong></span> <span class='ocrx_word' id='word_1_78' title='bbox 992 681 1193 721; x_wconf 88' lang='lat' dir='ltr'><strong>duntaxat</strong></span> <span class='ocrx_word' id='word_1_79' title='bbox 1226 696 1406 731; x_wconf 88' lang='lat' dir='ltr'><strong>menses,</strong></span> <span class='ocrx_word' id='word_1_80' title='bbox 1437 684 1482 722; x_wconf 89' lang='lat' dir='ltr'><strong>in</strong></span> <span class='ocrx_word' id='word_1_81' title='bbox 1516 697 1610 723; x_wconf 91' lang='lat' dir='ltr'><strong>eum</strong></span> <span class='ocrx_word' id='word_1_82' title='bbox 1645 698 1733 734; x_wconf 90' lang='lat' dir='ltr'><strong>pro·</strong></span> <span class='ocrx_word' id='word_1_83' title='bbox 1753 690 1790 712; x_wconf 89' lang='lat'><strong>10</strong></span> 
     </span>
     <span class='ocr_line' id='line_1_10' title="bbox 137 745 1734 797; baseline 0.004 -14"><span class='ocrx_word' id='word_1_84' title='bbox 137 745 351 785; x_wconf 80' lang='lat' dir='ltr'><strong>duxissem</strong></span> <span class='ocrx_word' id='word_1_85' title='bbox 370 745 508 784; x_wconf 90' lang='lat' dir='ltr'><strong>locum</strong></span> <span class='ocrx_word' id='word_1_86' title='bbox 527 748 574 785; x_wconf 92' lang='lat' dir='ltr'><strong>vt</strong></span> <span class='ocrx_word' id='word_1_87' title='bbox 599 759 667 785; x_wconf 91' lang='lat' dir='ltr'><strong>me</strong></span> <span class='ocrx_word' id='word_1_88' title='bbox 694 760 855 797; x_wconf 92' lang='lat' dir='ltr'><strong>quoque</strong></span> <span class='ocrx_word' id='word_1_89' title='bbox 882 746 1050 785; x_wconf 88' lang='lat' dir='ltr'><strong>absente</strong></span> <span class='ocrx_word' id='word_1_90' title='bbox 1075 747 1277 797; x_wconf 87' lang='lat' dir='ltr'><strong>potuisset</strong></span> <span class='ocrx_word' id='word_1_91' title='bbox 1305 748 1476 787; x_wconf 88' lang='lat' dir='ltr'><strong>absolui.</strong></span> <span class='ocrx_word' id='word_1_92' title='bbox 1536 749 1617 788; x_wconf 85' lang='lat' dir='ltr'><strong>Sed</strong></span> <span class='ocrx_word' id='word_1_93' title='bbox 1637 749 1734 789; x_wconf 88' lang='lat' dir='ltr'><strong>fatis</strong></span> 
     </span>
     <span class='ocr_line' id='line_1_11' title="bbox 133 810 1732 864; baseline 0.003 -16"><span class='ocrx_word' id='word_1_94' title='bbox 133 810 309 860; x_wconf 82' lang='lat' dir='ltr'><strong>agimur,</strong></span> <span class='ocrx_word' id='word_1_95' title='bbox 332 811 429 851; x_wconf 88' lang='lat' dir='ltr'><strong>fatis</strong></span> <span class='ocrx_word' id='word_1_96' title='bbox 448 812 677 850; x_wconf 89' lang='lat' dir='ltr'><strong>cedendum</strong></span> <span class='ocrx_word' id='word_1_97' title='bbox 697 814 771 851; x_wconf 88' lang='lat' dir='ltr'><strong>est.</strong></span> <span class='ocrx_word' id='word_1_98' title='bbox 826 811 871 850; x_wconf 89' lang='lat' dir='ltr'><strong>Si</strong></span> <span class='ocrx_word' id='word_1_99' title='bbox 889 812 1092 851; x_wconf 88' lang='lat' dir='ltr'><strong>fauebunt</strong></span> <span class='ocrx_word' id='word_1_100' title='bbox 1111 814 1257 862; x_wconf 89' lang='lat' dir='ltr'><strong>superi,</strong></span> <span class='ocrx_word' id='word_1_101' title='bbox 1279 814 1468 863; x_wconf 88' lang='lat' dir='ltr'><strong>proximo</strong></span> <span class='ocrx_word' id='word_1_102' title='bbox 1488 814 1732 864; x_wconf 87' lang='lat' dir='ltr'><strong>Septembre</strong></span> 
     </span>
     <span class='ocr_line' id='line_1_12' title="bbox 140 875 1732 928; baseline 0.003 -14"><span class='ocrx_word' id='word_1_103' title='bbox 140 875 361 915; x_wconf 81' lang='lat' dir='ltr'><strong>reddemus</strong></span> <span class='ocrx_word' id='word_1_104' title='bbox 393 890 469 915; x_wconf 89' lang='lat' dir='ltr'><strong>nos</strong></span> <span class='ocrx_word' id='word_1_105' title='bbox 501 876 741 915; x_wconf 83' lang='lat' dir='ltr'><strong>Brabantie.</strong></span> <span class='ocrx_word' id='word_1_106' title='bbox 814 878 928 926; x_wconf 92' lang='lat' dir='ltr'><strong>Opus</strong></span> <span class='ocrx_word' id='word_1_107' title='bbox 960 879 1101 917; x_wconf 85' lang='lat' dir='ltr'><strong>tamen</strong></span> <span class='ocrx_word' id='word_1_108' title='bbox 1134 891 1219 917; x_wconf 91' lang='lat' dir='ltr'><strong>non</strong></span> <span class='ocrx_word' id='word_1_109' title='bbox 1252 879 1405 928; x_wconf 90' lang='lat' dir='ltr'><strong>poterit</strong></span> <span class='ocrx_word' id='word_1_110' title='bbox 1436 879 1597 918; x_wconf 84' lang='lat' dir='ltr'><strong>absolui</strong></span> <span class='ocrx_word' id='word_1_111' title='bbox 1635 881 1732 919; x_wconf 88' lang='lat' dir='ltr'><strong>ante</strong></span> 
     </span>
     <span class='ocr_line' id='line_1_13' title="bbox 136 941 1730 990; baseline 0.003 -11"><span class='ocrx_word' id='word_1_112' title='bbox 136 941 345 990; x_wconf 88' lang='lat' dir='ltr'><strong>proximas</strong></span> <span class='ocrx_word' id='word_1_113' title='bbox 377 942 598 983; x_wconf 77' lang='lat' dir='ltr'><strong>nundinas,</strong></span> <span class='ocrx_word' id='word_1_114' title='bbox 657 942 771 982; x_wconf 88' lang='lat' dir='ltr'><strong>Haec</strong></span> <span class='ocrx_word' id='word_1_115' title='bbox 816 943 878 981; x_wconf 90' lang='lat' dir='ltr'><strong>fac</strong></span> <span class='ocrx_word' id='word_1_116' title='bbox 915 945 962 982; x_wconf 89' lang='lat' dir='ltr'><strong>vt</strong></span> <span class='ocrx_word' id='word_1_117' title='bbox 999 943 1102 982; x_wconf 85' lang='lat' dir='ltr'><strong>sciat</strong></span> <span class='ocrx_word' id='word_1_118' title='bbox 1139 944 1265 982; x_wconf 89' lang='lat' dir='ltr'><strong>etiam</strong></span> <span class='ocrx_word' id='word_1_119' title='bbox 1304 945 1557 984; x_wconf 88' lang='lat' dir='ltr'><strong>Tunstallus.</strong></span> <span class='ocrx_word' id='word_1_120' title='bbox 1615 945 1730 984; x_wconf 88' lang='lat' dir='ltr'><strong>Bene</strong></span> 
     </span>
     <span class='ocr_line' id='line_1_14' title="bbox 136 1007 1788 1059; baseline 0.003 -14"><span class='ocrx_word' id='word_1_121' title='bbox 136 1007 240 1055; x_wconf 84' lang='lat' dir='ltr'><strong>vale,</strong></span> <span class='ocrx_word' id='word_1_122' title='bbox 263 1008 492 1047; x_wconf 90' lang='lat' dir='ltr'><strong>amicorum</strong></span> <span class='ocrx_word' id='word_1_123' title='bbox 517 1007 769 1047; x_wconf 83' lang='lat' dir='ltr'><strong>charissime.</strong></span> <span class='ocrx_word' id='word_1_124' title='bbox 831 1008 994 1047; x_wconf 91' lang='lat' dir='ltr'><strong>Basilee</strong></span> <span class='ocrx_word' id='word_1_125' title='bbox 1013 1009 1212 1059; x_wconf 88' lang='lat' dir='ltr'><strong>postridie</strong></span> <span class='ocrx_word' id='word_1_126' title='bbox 1232 1010 1462 1050; x_wconf 84' lang='lat' dir='ltr'><strong>Trinitatis.</strong></span> <span class='ocrx_word' id='word_1_127' title='bbox 1752 1018 1788 1050; x_wconf 86' lang='lat'><strong>15</strong></span> 
     </span>
    </p>
   </div>
   <div class='ocr_carea' id='block_1_3' title="bbox 589 1148 1276 1191">
    <p class='ocr_par' dir='ltr' id='par_1_3' title="bbox 589 1148 1276 1191">
     <span class='ocr_line' id='line_1_15' title="bbox 589 1148 1276 1191; baseline 0.003 -2"><span class='ocrx_word' id='word_1_128' title='bbox 589 1152 686 1190; x_wconf 79' lang='lat'><strong>849.</strong></span> <span class='ocrx_word' id='word_1_129' title='bbox 749 1149 879 1191; x_wconf 82' lang='lat' dir='ltr'><strong>FRoM</strong></span> <span class='ocrx_word' id='word_1_130' title='bbox 914 1148 1064 1189; x_wconf 76' lang='lat' dir='ltr'>PETER</span> <span class='ocrx_word' id='word_1_131' title='bbox 1096 1149 1276 1191; x_wconf 66' lang='lat' dir='ltr'><strong>GIJAAES.</strong></span> 
     </span>
    </p>
   </div>
   <div class='ocr_carea' id='block_1_4' title="bbox 183 1228 1681 1333">
    <p class='ocr_par' dir='ltr' id='par_1_4' title="bbox 183 1228 1681 1333">
     <span class='ocr_line' id='line_1_16' title="bbox 183 1228 1610 1275; baseline 0 -12"><span class='ocrx_word' id='word_1_132' title='bbox 183 1228 348 1274; x_wconf 85' lang='lat' dir='ltr'><strong>Farrago</strong></span> <span class='ocrx_word' id='word_1_133' title='bbox 366 1240 403 1273; x_wconf 84' lang='lat' dir='ltr'><strong>p.</strong></span> <span class='ocrx_word' id='word_1_134' title='bbox 424 1238 504 1273; x_wconf 88' lang='lat'>191.</span> <span class='ocrx_word' id='word_1_135' title='bbox 1420 1229 1610 1275; x_wconf 87' lang='lat' dir='ltr'><strong>Antwerp.</strong></span> 
     </span>
     <span class='ocr_line' id='line_1_17' title="bbox 185 1285 1681 1333; baseline 0.001 -12"><span class='ocrx_word' id='word_1_136' title='bbox 185 1286 224 1321; x_wconf 81' lang='lat' dir='ltr'><strong>F.</strong></span> <span class='ocrx_word' id='word_1_137' title='bbox 243 1299 282 1332; x_wconf 92' lang='lat' dir='ltr'><strong>p.</strong></span> <span class='ocrx_word' id='word_1_138' title='bbox 299 1295 390 1331; x_wconf 88' lang='lat'>327:</span> <span class='ocrx_word' id='word_1_139' title='bbox 416 1285 510 1323; x_wconf 89' lang='lat' dir='ltr'><strong>HN:</strong></span> <span class='ocrx_word' id='word_1_140' title='bbox 537 1286 655 1322; x_wconf 86' lang='lat' dir='ltr'><strong>Lond.</strong></span> <span class='ocrx_word' id='word_1_141' title='bbox 675 1285 736 1322; x_wconf 83' lang='lat' dir='ltr'><strong>vii.</strong></span> <span class='ocrx_word' id='word_1_142' title='bbox 757 1288 824 1322; x_wconf 85' lang='lat'><strong>28:</strong></span> <span class='ocrx_word' id='word_1_143' title='bbox 850 1286 924 1321; x_wconf 88' lang='lat' dir='ltr'><strong>LB.</strong></span> <span class='ocrx_word' id='word_1_144' title='bbox 945 1287 1024 1331; x_wconf 86' lang='lat'><strong>436.</strong></span> <span class='ocrx_word' id='word_1_145' title='bbox 1352 1296 1392 1331; x_wconf 89' lang='lat'><strong>19</strong></span> <span class='ocrx_word' id='word_1_146' title='bbox 1410 1287 1507 1323; x_wconf 89' lang='lat' dir='ltr'><strong>June</strong></span> <span class='ocrx_word' id='word_1_147' title='bbox 1528 1286 1681 1333; x_wconf 83' lang='lat'><strong>(1518).</strong></span> 
     </span>
    </p>
   </div>
   <div class='ocr_carea' id='block_1_5' title="bbox 132 1371 1730 1499">
    <p class='ocr_par' dir='ltr' id='par_1_5' title="bbox 132 1371 1730 1499">
     <span class='ocr_line' id='line_1_18' title="bbox 185 1371 1730 1413; baseline 0.001 -10"><span class='ocrx_word' id='word_1_148' title='bbox 185 1372 274 1413; x_wconf 75' lang='lat' dir='ltr'><strong>[The</strong></span> <span class='ocrx_word' id='word_1_149' title='bbox 289 1372 488 1412; x_wconf 81' lang='lat' dir='ltr'><strong>year-date,</strong></span> <span class='ocrx_word' id='word_1_150' title='bbox 505 1371 620 1403; x_wconf 83' lang='lat' dir='ltr'><strong>added</strong></span> <span class='ocrx_word' id='word_1_151' title='bbox 636 1373 677 1403; x_wconf 88' lang='lat' dir='ltr'><strong>in</strong></span> <span class='ocrx_word' id='word_1_152' title='bbox 693 1372 741 1411; x_wconf 88' lang='lat' dir='ltr'><strong>H,</strong></span> <span class='ocrx_word' id='word_1_153' title='bbox 760 1381 825 1402; x_wconf 90' lang='lat' dir='ltr'><strong>can</strong></span> <span class='ocrx_word' id='word_1_154' title='bbox 841 1372 884 1403; x_wconf 88' lang='lat' dir='ltr'><strong>be</strong></span> <span class='ocrx_word' id='word_1_155' title='bbox 905 1371 1084 1403; x_wconf 78' lang='lat' dir='ltr'><strong>corrected</strong></span> <span class='ocrx_word' id='word_1_156' title='bbox 1107 1371 1200 1402; x_wconf 90' lang='lat' dir='ltr'><strong>from</strong></span> <span class='ocrx_word' id='word_1_157' title='bbox 1224 1371 1286 1402; x_wconf 92' lang='lat' dir='ltr'><strong>the</strong></span> <span class='ocrx_word' id='word_1_158' title='bbox 1310 1373 1442 1402; x_wconf 86' lang='lat' dir='ltr'><strong>arrival</strong></span> <span class='ocrx_word' id='word_1_159' title='bbox 1467 1373 1505 1403; x_wconf 90' lang='lat' dir='ltr'><strong>of</strong></span> <span class='ocrx_word' id='word_1_160' title='bbox 1525 1372 1730 1404; x_wconf 87' lang='lat' dir='ltr'><strong>Ferdinand</strong></span> 
     </span>
     <span class='ocr_line' id='line_1_19' title="bbox 132 1415 1729 1447; baseline 0.001 -3"><span class='ocrx_word' id='word_1_161' title='bbox 132 1415 209 1446; x_wconf 83' lang='lat' dir='ltr'><strong>¹and</strong></span> <span class='ocrx_word' id='word_1_162' title='bbox 225 1415 315 1446; x_wconf 87' lang='lat' dir='ltr'><strong>from</strong></span> <span class='ocrx_word' id='word_1_163' title='bbox 333 1416 513 1447; x_wconf 84' lang='lat' dir='ltr'><strong>Erasmus&#39;</strong></span> <span class='ocrx_word' id='word_1_164' title='bbox 531 1416 680 1446; x_wconf 84' lang='lat' dir='ltr'><strong>absence</strong></span> <span class='ocrx_word' id='word_1_165' title='bbox 696 1417 734 1446; x_wconf 90' lang='lat' dir='ltr'><strong>at</strong></span> <span class='ocrx_word' id='word_1_166' title='bbox 750 1415 863 1446; x_wconf 88' lang='lat' dir='ltr'><strong>Basle.</strong></span> <span class='ocrx_word' id='word_1_167' title='bbox 908 1415 982 1446; x_wconf 88' lang='lat' dir='ltr'><strong>The</strong></span> <span class='ocrx_word' id='word_1_168' title='bbox 999 1416 1092 1446; x_wconf 86' lang='lat' dir='ltr'><strong>later</strong></span> <span class='ocrx_word' id='word_1_169' title='bbox 1108 1425 1206 1446; x_wconf 88' lang='lat' dir='ltr'><strong>news</strong></span> <span class='ocrx_word' id='word_1_170' title='bbox 1229 1415 1338 1445; x_wconf 84' lang='lat' dir='ltr'><strong>about</strong></span> <span class='ocrx_word' id='word_1_171' title='bbox 1361 1415 1506 1446; x_wconf 86' lang='lat' dir='ltr'><strong>Francis</strong></span> <span class='ocrx_word' id='word_1_172' title='bbox 1529 1416 1729 1446; x_wconf 87' lang='lat' dir='ltr'><strong>Berckman</strong></span> 
     </span>
     <span class='ocr_line' id='line_1_20' title="bbox 139 1458 1729 1499; baseline 0.001 -10"><span class='ocrx_word' id='word_1_173' title='bbox 139 1460 178 1489; x_wconf 87' lang='lat' dir='ltr'><strong>in</strong></span> <span class='ocrx_word' id='word_1_174' title='bbox 195 1459 232 1490; x_wconf 91' lang='lat'><strong>11.</strong></span> <span class='ocrx_word' id='word_1_175' title='bbox 244 1469 320 1498; x_wconf 91' lang='lat' dir='ltr'><strong>4o,1</strong></span> <span class='ocrx_word' id='word_1_176' title='bbox 339 1459 456 1491; x_wconf 85' lang='lat' dir='ltr'><strong>shows</strong></span> <span class='ocrx_word' id='word_1_177' title='bbox 470 1459 551 1490; x_wconf 86' lang='lat' dir='ltr'><strong>that</strong></span> <span class='ocrx_word' id='word_1_178' title='bbox 567 1468 664 1490; x_wconf 87' lang='lat' dir='ltr'><strong>some</strong></span> <span class='ocrx_word' id='word_1_179' title='bbox 678 1459 835 1490; x_wconf 85' lang='lat' dir='ltr'><strong>interval</strong></span> <span class='ocrx_word' id='word_1_180' title='bbox 852 1459 924 1490; x_wconf 87' lang='lat' dir='ltr'><strong>had</strong></span> <span class='ocrx_word' id='word_1_181' title='bbox 941 1459 1084 1499; x_wconf 82' lang='lat' dir='ltr'><strong>elapsed</strong></span> <span class='ocrx_word' id='word_1_182' title='bbox 1101 1459 1199 1490; x_wconf 86' lang='lat' dir='ltr'><strong>since</strong></span> <span class='ocrx_word' id='word_1_183' title='bbox 1215 1458 1277 1489; x_wconf 88' lang='lat' dir='ltr'><strong>the</strong></span> <span class='ocrx_word' id='word_1_184' title='bbox 1294 1461 1601 1490; x_wconf 88' lang='lat' dir='ltr'><strong>commencement</strong></span> <span class='ocrx_word' id='word_1_185' title='bbox 1617 1459 1656 1490; x_wconf 87' lang='lat' dir='ltr'><strong>of</strong></span> <span class='ocrx_word' id='word_1_186' title='bbox 1667 1460 1729 1490; x_wconf 89' lang='lat' dir='ltr'><strong>the</strong></span> 
     </span>
    </p>
   </div>
   <div class='ocr_carea' id='block_1_6' title="bbox 136 1501 1465 1604">
    <p class='ocr_par' dir='ltr' id='par_1_6' title="bbox 136 1501 1465 1604">
     <span class='ocr_line' id='line_1_21' title="bbox 136 1501 268 1542; baseline 0 -9"><span class='ocrx_word' id='word_1_187' title='bbox 136 1501 268 1542; x_wconf 90' lang='lat' dir='ltr'><strong>letter.]</strong></span> 
     </span>
     <span class='ocr_line' id='line_1_22' title="bbox 396 1572 1465 1604; baseline 0.001 -2"><span class='ocrx_word' id='word_1_188' title='bbox 396 1573 437 1603; x_wconf 94' lang='lat' dir='ltr'><strong>D.</strong></span> <span class='ocrx_word' id='word_1_189' title='bbox 469 1572 647 1603; x_wconf 81' lang='lat' dir='ltr'><strong>ERASMO</strong></span> <span class='ocrx_word' id='word_1_190' title='bbox 678 1573 777 1604; x_wconf 85' lang='lat' dir='ltr'><strong>ROT.</strong></span> <span class='ocrx_word' id='word_1_191' title='bbox 809 1573 891 1604; x_wconf 85' lang='lat' dir='ltr'><strong>SVO</strong></span> <span class='ocrx_word' id='word_1_192' title='bbox 922 1573 1090 1603; x_wconf 84' lang='lat' dir='ltr'><strong>PETRVS</strong></span> <span class='ocrx_word' id='word_1_193' title='bbox 1121 1573 1337 1604; x_wconf 77' lang='lat' dir='ltr'><strong>AEGIDIVS</strong></span> <span class='ocrx_word' id='word_1_194' title='bbox 1369 1574 1400 1604; x_wconf 71' lang='lat' dir='ltr'><strong>S.</strong></span> <span class='ocrx_word' id='word_1_195' title='bbox 1423 1574 1465 1603; x_wconf 91' lang='lat' dir='ltr'><strong>D.</strong></span> 
     </span>
    </p>
   </div>
   <div class='ocr_carea' id='block_1_7' title="bbox 130 1654 1786 2357">
    <p class='ocr_par' dir='ltr' id='par_1_7' title="bbox 130 1654 1765 1957">
     <span class='ocr_line' id='line_1_23' title="bbox 188 1654 1730 1706; baseline 0.001 -13"><span class='ocrx_word' id='word_1_196' title='bbox 188 1654 327 1694; x_wconf 81' lang='lat' dir='ltr'><strong>VmEo</strong></span> <span class='ocrx_word' id='word_1_197' title='bbox 347 1657 388 1693; x_wconf 89' lang='lat' dir='ltr'><strong>te</strong></span> <span class='ocrx_word' id='word_1_198' title='bbox 403 1654 781 1705; x_wconf 83' lang='lat' dir='ltr'><strong>occupatissimum,</strong></span> <span class='ocrx_word' id='word_1_199' title='bbox 797 1655 868 1705; x_wconf 91' lang='lat' dir='ltr'><strong>qui</strong></span> <span class='ocrx_word' id='word_1_200' title='bbox 883 1656 935 1695; x_wconf 87' lang='lat' dir='ltr'><strong>ad</strong></span> <span class='ocrx_word' id='word_1_201' title='bbox 950 1657 1169 1706; x_wconf 88' lang='lat' dir='ltr'><strong>quaternas</strong></span> <span class='ocrx_word' id='word_1_202' title='bbox 1184 1667 1297 1695; x_wconf 86' lang='lat' dir='ltr'><strong>meas</strong></span> <span class='ocrx_word' id='word_1_203' title='bbox 1312 1654 1453 1696; x_wconf 81' lang='lat' dir='ltr'><strong>literas</strong></span> <span class='ocrx_word' id='word_1_204' title='bbox 1468 1668 1553 1693; x_wconf 90' lang='lat' dir='ltr'><strong>non</strong></span> <span class='ocrx_word' id='word_1_205' title='bbox 1567 1668 1730 1705; x_wconf 89' lang='lat' dir='ltr'><strong>respon—</strong></span> 
     </span>
     <span class='ocr_line' id='line_1_24' title="bbox 133 1720 1728 1771; baseline 0 -12"><span class='ocrx_word' id='word_1_206' title='bbox 133 1720 256 1759; x_wconf 83' lang='lat' dir='ltr'><strong>deris.</strong></span> <span class='ocrx_word' id='word_1_207' title='bbox 301 1721 429 1760; x_wconf 91' lang='lat' dir='ltr'><strong>Venit</strong></span> <span class='ocrx_word' id='word_1_208' title='bbox 443 1733 576 1771; x_wconf 87' lang='lat' dir='ltr'><strong>nuper</strong></span> <span class='ocrx_word' id='word_1_209' title='bbox 587 1720 638 1759; x_wconf 87' lang='lat' dir='ltr'><strong>ad</strong></span> <span class='ocrx_word' id='word_1_210' title='bbox 650 1733 729 1759; x_wconf 92' lang='lat' dir='ltr'><strong>nos</strong></span> <span class='ocrx_word' id='word_1_211' title='bbox 739 1720 910 1760; x_wconf 87' lang='lat' dir='ltr'><strong>tabellio</strong></span> <span class='ocrx_word' id='word_1_212' title='bbox 923 1721 1129 1771; x_wconf 84' lang='lat' dir='ltr'><strong>quispiam</strong></span> <span class='ocrx_word' id='word_1_213' title='bbox 1144 1734 1241 1761; x_wconf 90' lang='lat' dir='ltr'><strong>cum</strong></span> <span class='ocrx_word' id='word_1_214' title='bbox 1256 1720 1391 1759; x_wconf 85' lang='lat' dir='ltr'><strong>literis</strong></span> <span class='ocrx_word' id='word_1_215' title='bbox 1402 1721 1453 1759; x_wconf 89' lang='lat' dir='ltr'><strong>ad</strong></span> <span class='ocrx_word' id='word_1_216' title='bbox 1470 1720 1530 1760; x_wconf 92' lang='lat' dir='ltr'><strong>Io.</strong></span> <span class='ocrx_word' id='word_1_217' title='bbox 1547 1720 1728 1760; x_wconf 90' lang='lat' dir='ltr'><strong>Neuium</strong></span> 
     </span>
     <span class='ocr_line' id='line_1_25' title="bbox 134 1785 1730 1825; baseline 0 0"><span class='ocrx_word' id='word_1_218' title='bbox 134 1786 232 1825; x_wconf 92' lang='lat' dir='ltr'><strong>tuis.</strong></span> <span class='ocrx_word' id='word_1_219' title='bbox 290 1786 447 1825; x_wconf 89' lang='lat' dir='ltr'><strong>Aberat</strong></span> <span class='ocrx_word' id='word_1_220' title='bbox 469 1785 710 1825; x_wconf 84' lang='lat' dir='ltr'><strong>Franciscus</strong></span> <span class='ocrx_word' id='word_1_221' title='bbox 729 1787 775 1824; x_wconf 92' lang='lat' dir='ltr'><strong>in</strong></span> <span class='ocrx_word' id='word_1_222' title='bbox 794 1786 1013 1825; x_wconf 86' lang='lat' dir='ltr'><strong>Britannia</strong></span> <span class='ocrx_word' id='word_1_223' title='bbox 1031 1799 1127 1825; x_wconf 90' lang='lat' dir='ltr'><strong>cum</strong></span> <span class='ocrx_word' id='word_1_224' title='bbox 1146 1786 1218 1824; x_wconf 91' lang='lat' dir='ltr'><strong>ille</strong></span> <span class='ocrx_word' id='word_1_225' title='bbox 1236 1787 1398 1825; x_wconf 86' lang='lat' dir='ltr'><strong>adesset</strong></span> <span class='ocrx_word' id='word_1_226' title='bbox 1414 1799 1424 1824; x_wconf 75' lang='grc' dir='ltr'><strong><em>ε</em></strong></span> <span class='ocrx_word' id='word_1_227' title='bbox 1453 1786 1612 1825; x_wconf 88' lang='lat' dir='ltr'><strong>delatae</strong></span> <span class='ocrx_word' id='word_1_228' title='bbox 1631 1789 1730 1825; x_wconf 88' lang='lat' dir='ltr'><strong>sunt</strong></span> 
     </span>
     <span class='ocr_line' id='line_1_26' title="bbox 131 1850 1730 1902; baseline 0 -12"><span class='ocrx_word' id='word_1_229' title='bbox 131 1852 302 1890; x_wconf 86' lang='lat' dir='ltr'><strong>tandem</strong></span> <span class='ocrx_word' id='word_1_230' title='bbox 325 1851 376 1890; x_wconf 87' lang='lat' dir='ltr'><strong>ad</strong></span> <span class='ocrx_word' id='word_1_231' title='bbox 404 1864 471 1890; x_wconf 90' lang='lat' dir='ltr'><strong>me</strong></span> <span class='ocrx_word' id='word_1_232' title='bbox 497 1864 591 1890; x_wconf 89' lang='lat' dir='ltr'><strong>cum</strong></span> <span class='ocrx_word' id='word_1_233' title='bbox 619 1850 793 1901; x_wconf 85' lang='lat' dir='ltr'><strong>epistola</strong></span> <span class='ocrx_word' id='word_1_234' title='bbox 821 1852 999 1902; x_wconf 87' lang='lat' dir='ltr'><strong>quadam</strong></span> <span class='ocrx_word' id='word_1_235' title='bbox 1028 1851 1232 1899; x_wconf 86' lang='lat' dir='ltr'><strong>Frobenii,</strong></span> <span class='ocrx_word' id='word_1_236' title='bbox 1267 1864 1392 1901; x_wconf 90' lang='lat' dir='ltr'><strong>quam</strong></span> <span class='ocrx_word' id='word_1_237' title='bbox 1421 1864 1516 1890; x_wconf 90' lang='lat' dir='ltr'><strong>sum</strong></span> <span class='ocrx_word' id='word_1_238' title='bbox 1543 1851 1730 1901; x_wconf 85' lang='lat' dir='ltr'><strong>apprime</strong></span> 
     </span>
     <span class='ocr_line' id='line_1_27' title="bbox 130 1915 1765 1957; baseline 0.001 -1"><span class='ocrx_word' id='word_1_239' title='bbox 130 1915 402 1956; x_wconf 81' lang='lat' dir='ltr'><strong>exosculatus.</strong></span> <span class='ocrx_word' id='word_1_240' title='bbox 1748 1927 1765 1957; x_wconf 82' lang='lat'>5</span> 
     </span>
    </p>

    <p class='ocr_par' dir='ltr' id='par_1_8' title="bbox 134 1981 1786 2357">
     <span class='ocr_line' id='line_1_28' title="bbox 188 1981 1727 2031; baseline -0.001 -10"><span class='ocrx_word' id='word_1_241' title='bbox 188 1981 386 2021; x_wconf 86' lang='lat' dir='ltr'><strong>Borsalus</strong></span> <span class='ocrx_word' id='word_1_242' title='bbox 414 1981 670 2028; x_wconf 85' lang='lat' dir='ltr'><strong>decanatum,</strong></span> <span class='ocrx_word' id='word_1_243' title='bbox 701 1982 748 2019; x_wconf 89' lang='lat' dir='ltr'><strong>vt</strong></span> <span class='ocrx_word' id='word_1_244' title='bbox 775 1983 937 2029; x_wconf 86' lang='lat' dir='ltr'><strong>vocant,</strong></span> <span class='ocrx_word' id='word_1_245' title='bbox 968 1983 1117 2020; x_wconf 89' lang='lat' dir='ltr'><strong>nactus</strong></span> <span class='ocrx_word' id='word_1_246' title='bbox 1145 1983 1219 2020; x_wconf 82' lang='lat' dir='ltr'><strong>est.</strong></span> <span class='ocrx_word' id='word_1_247' title='bbox 1279 1981 1369 2019; x_wconf 88' lang='lat' dir='ltr'><strong>Hac</strong></span> <span class='ocrx_word' id='word_1_248' title='bbox 1397 1981 1658 2031; x_wconf 87' lang='lat' dir='ltr'><strong>proficiscens</strong></span> <span class='ocrx_word' id='word_1_249' title='bbox 1683 1981 1727 2020; x_wconf 94' lang='lat' dir='ltr'><strong>in</strong></span> 
     </span>
     <span class='ocr_line' id='line_1_29' title="bbox 137 2045 1729 2096; baseline -0.001 -10"><span class='ocrx_word' id='word_1_250' title='bbox 137 2046 375 2086; x_wconf 81' lang='lat' dir='ltr'><strong>Selandiam</strong></span> <span class='ocrx_word' id='word_1_251' title='bbox 399 2059 477 2084; x_wconf 89' lang='lat' dir='ltr'><strong>nos</strong></span> <span class='ocrx_word' id='word_1_252' title='bbox 499 2046 657 2093; x_wconf 88' lang='lat' dir='ltr'><strong>inuisit,</strong></span> <span class='ocrx_word' id='word_1_253' title='bbox 682 2047 724 2084; x_wconf 91' lang='lat' dir='ltr'><strong>te</strong></span> <span class='ocrx_word' id='word_1_254' title='bbox 742 2045 950 2085; x_wconf 88' lang='lat' dir='ltr'><strong>Basileam</strong></span> <span class='ocrx_word' id='word_1_255' title='bbox 969 2047 1210 2096; x_wconf 89' lang='lat' dir='ltr'><strong>peruenisse</strong></span> <span class='ocrx_word' id='word_1_256' title='bbox 1234 2046 1442 2085; x_wconf 82' lang='lat' dir='ltr'><strong>narrauit:</strong></span> <span class='ocrx_word' id='word_1_257' title='bbox 1475 2046 1585 2084; x_wconf 88' lang='lat' dir='ltr'><strong>vnde</strong></span> <span class='ocrx_word' id='word_1_258' title='bbox 1610 2046 1729 2085; x_wconf 89' lang='lat' dir='ltr'><strong>vehe-</strong></span> 
     </span>
     <span class='ocr_line' id='line_1_30' title="bbox 139 2110 1730 2162; baseline 0 -12"><span class='ocrx_word' id='word_1_259' title='bbox 139 2111 396 2151; x_wconf 89' lang='lat' dir='ltr'><strong>mentissime</strong></span> <span class='ocrx_word' id='word_1_260' title='bbox 424 2124 518 2149; x_wconf 89' lang='lat' dir='ltr'><strong>sum</strong></span> <span class='ocrx_word' id='word_1_261' title='bbox 546 2110 792 2160; x_wconf 85' lang='lat' dir='ltr'><strong>gratulatus.</strong></span> <span class='ocrx_word' id='word_1_262' title='bbox 854 2112 1011 2161; x_wconf 86' lang='lat' dir='ltr'><strong>Ecquid</strong></span> <span class='ocrx_word' id='word_1_263' title='bbox 1032 2112 1077 2150; x_wconf 93' lang='lat' dir='ltr'><strong>ni</strong></span> <span class='ocrx_word' id='word_1_264' title='bbox 1096 2111 1279 2162; x_wconf 89' lang='lat' dir='ltr'><strong>gratuler</strong></span> <span class='ocrx_word' id='word_1_265' title='bbox 1299 2112 1383 2162; x_wconf 90' lang='lat' dir='ltr'><strong>qui,</strong></span> <span class='ocrx_word' id='word_1_266' title='bbox 1409 2111 1571 2161; x_wconf 90' lang='lat' dir='ltr'><strong>quoties</strong></span> <span class='ocrx_word' id='word_1_267' title='bbox 1594 2112 1657 2150; x_wconf 87' lang='lat' dir='ltr'><strong>tui</strong></span> <span class='ocrx_word' id='word_1_268' title='bbox 1681 2112 1730 2150; x_wconf 90' lang='lat' dir='ltr'><strong>fit</strong></span> 
     </span>
     <span class='ocr_line' id='line_1_31' title="bbox 137 2175 1724 2226; baseline -0.001 -11"><span class='ocrx_word' id='word_1_269' title='bbox 137 2178 305 2224; x_wconf 88' lang='lat' dir='ltr'><strong>mentio,</strong></span> <span class='ocrx_word' id='word_1_270' title='bbox 329 2176 493 2226; x_wconf 87' lang='lat' dir='ltr'><strong>gestire,</strong></span> <span class='ocrx_word' id='word_1_271' title='bbox 515 2175 745 2225; x_wconf 87' lang='lat' dir='ltr'><strong>tripudiare</strong></span> <span class='ocrx_word' id='word_1_272' title='bbox 763 2177 804 2214; x_wconf 92' lang='lat' dir='ltr'><strong>et</strong></span> <span class='ocrx_word' id='word_1_273' title='bbox 824 2176 1015 2215; x_wconf 88' lang='lat' dir='ltr'><strong>subsilire</strong></span> <span class='ocrx_word' id='word_1_274' title='bbox 1034 2177 1145 2215; x_wconf 87' lang='lat' dir='ltr'><strong>soleo</strong></span> <span class='ocrx_word' id='word_1_275' title='bbox 1158 2178 1179 2215; x_wconf 79' lang='lat'><strong>⁶?</strong></span> <span class='ocrx_word' id='word_1_276' title='bbox 1216 2177 1374 2224; x_wconf 76' lang='lat' dir='ltr'><strong>Quaeso</strong></span> <span class='ocrx_word' id='word_1_277' title='bbox 1393 2178 1445 2224; x_wconf 89' lang='lat' dir='ltr'><strong>te,</strong></span> <span class='ocrx_word' id='word_1_278' title='bbox 1469 2175 1639 2214; x_wconf 90' lang='lat' dir='ltr'><strong>Erasme</strong></span> <span class='ocrx_word' id='word_1_279' title='bbox 1654 2177 1724 2224; x_wconf 84' lang='lat' dir='ltr'><strong>mi,</strong></span> 
     </span>
     <span class='ocr_line' id='line_1_32' title="bbox 135 2239 1786 2292; baseline -0.001 -11"><span class='ocrx_word' id='word_1_280' title='bbox 135 2242 172 2282; x_wconf 88' lang='lat' dir='ltr'><strong>si</strong></span> <span class='ocrx_word' id='word_1_281' title='bbox 192 2242 358 2292; x_wconf 85' lang='lat' dir='ltr'><strong>quando</strong></span> <span class='ocrx_word' id='word_1_282' title='bbox 378 2240 544 2280; x_wconf 84' lang='lat' dir='ltr'><strong>dabitur</strong></span> <span class='ocrx_word' id='word_1_283' title='bbox 563 2239 729 2288; x_wconf 88' lang='lat' dir='ltr'><strong>occasio,</strong></span> <span class='ocrx_word' id='word_1_284' title='bbox 750 2242 796 2278; x_wconf 84' lang='lat' dir='ltr'><strong>vt</strong></span> <span class='ocrx_word' id='word_1_285' title='bbox 816 2240 966 2290; x_wconf 90' lang='lat' dir='ltr'><strong>Pyladi</strong></span> <span class='ocrx_word' id='word_1_286' title='bbox 985 2243 1056 2279; x_wconf 89' lang='lat' dir='ltr'><strong>tuo</strong></span> <span class='ocrx_word' id='word_1_287' title='bbox 1077 2240 1150 2291; x_wconf 88' lang='lat' dir='ltr'><strong>(sic</strong></span> <span class='ocrx_word' id='word_1_288' title='bbox 1176 2242 1287 2280; x_wconf 88' lang='lat' dir='ltr'><strong>enim</strong></span> <span class='ocrx_word' id='word_1_289' title='bbox 1313 2254 1381 2279; x_wconf 89' lang='lat' dir='ltr'><strong>me</strong></span> <span class='ocrx_word' id='word_1_290' title='bbox 1405 2253 1490 2278; x_wconf 92' lang='lat' dir='ltr'><strong>non</strong></span> <span class='ocrx_word' id='word_1_291' title='bbox 1513 2241 1655 2279; x_wconf 89' lang='lat' dir='ltr'><strong>minus</strong></span> <span class='ocrx_word' id='word_1_292' title='bbox 1679 2254 1728 2280; x_wconf 88' lang='lat' dir='ltr'><strong>ex</strong></span> <span class='ocrx_word' id='word_1_293' title='bbox 1748 2249 1786 2272; x_wconf 90' lang='lat'><strong>10</strong></span> 
     </span>
     <span class='ocr_line' id='line_1_33' title="bbox 134 2305 1725 2357; baseline 0.002 -15"><span class='ocrx_word' id='word_1_294' title='bbox 134 2307 280 2347; x_wconf 86' lang='lat' dir='ltr'><strong>animo</strong></span> <span class='ocrx_word' id='word_1_295' title='bbox 300 2319 425 2357; x_wconf 90' lang='lat' dir='ltr'><strong>quam</strong></span> <span class='ocrx_word' id='word_1_296' title='bbox 444 2318 539 2344; x_wconf 87' lang='lat' dir='ltr'><strong>vere</strong></span> <span class='ocrx_word' id='word_1_297' title='bbox 559 2305 788 2355; x_wconf 87' lang='lat' dir='ltr'><strong>nuncupas)</strong></span> <span class='ocrx_word' id='word_1_298' title='bbox 807 2305 962 2356; x_wconf 85' lang='lat' dir='ltr'><strong>aliquid</strong></span> <span class='ocrx_word' id='word_1_299' title='bbox 982 2305 1196 2344; x_wconf 87' lang='lat' dir='ltr'><strong>literarum</strong></span> <span class='ocrx_word' id='word_1_300' title='bbox 1216 2306 1380 2344; x_wconf 89' lang='lat' dir='ltr'><strong>mittere</strong></span> <span class='ocrx_word' id='word_1_301' title='bbox 1399 2305 1509 2344; x_wconf 84' lang='lat' dir='ltr'><strong>haud</strong></span> <span class='ocrx_word' id='word_1_302' title='bbox 1529 2306 1725 2354; x_wconf 82' lang='lat' dir='ltr'><strong>graneris.</strong></span> 
     </span>
    </p>
   </div>
   <div class='ocr_carea' id='block_1_8' title="bbox 135 2419 1726 2590">
    <p class='ocr_par' dir='ltr' id='par_1_9' title="bbox 135 2419 1726 2590">
     <span class='ocr_line' id='line_1_34' title="bbox 181 2419 1726 2460; baseline -0.002 -8"><span class='ocrx_word' id='word_1_303' title='bbox 181 2421 260 2453; x_wconf 79' lang='lat'><strong>848.</strong></span> <span class='ocrx_word' id='word_1_304' title='bbox 283 2430 314 2460; x_wconf 92' lang='lat'><strong>5.</strong></span> <span class='ocrx_word' id='word_1_305' title='bbox 342 2420 558 2459; x_wconf 84' lang='lat' dir='ltr'><strong>scripserant</strong></span> <span class='ocrx_word' id='word_1_306' title='bbox 574 2420 684 2457; x_wconf 77' lang='lat' dir='ltr'><strong>scripsi</strong></span> <span class='ocrx_word' id='word_1_307' title='bbox 699 2430 707 2450; x_wconf 76' lang='grc' dir='ltr'><strong><em>ι</em></strong></span> <span class='ocrx_word' id='word_1_308' title='bbox 730 2420 951 2458; x_wconf 84' lang='lat' dir='ltr'><strong>scripserunt</strong></span> <span class='ocrx_word' id='word_1_309' title='bbox 965 2422 1034 2450; x_wconf 85' lang='lat' dir='ltr'><strong>MS.</strong></span> <span class='ocrx_word' id='word_1_310' title='bbox 1178 2429 1207 2458; x_wconf 90' lang='lat'><strong>7.</strong></span> <span class='ocrx_word' id='word_1_311' title='bbox 1230 2421 1299 2449; x_wconf 77' lang='lat' dir='ltr'><strong>Post</strong></span> <span class='ocrx_word' id='word_1_312' title='bbox 1314 2427 1393 2449; x_wconf 81' lang='lat' dir='ltr'><strong>sum</strong></span> <span class='ocrx_word' id='word_1_313' title='bbox 1410 2421 1520 2449; x_wconf 74' lang='lat' dir='ltr'><strong>desunt</strong></span> <span class='ocrx_word' id='word_1_314' title='bbox 1527 2419 1602 2455; x_wconf 76' lang='lat' dir='ltr'><strong>plus</strong></span> <span class='ocrx_word' id='word_1_315' title='bbox 1618 2421 1726 2449; x_wconf 74' lang='lat' dir='ltr'><strong>minus</strong></span> 
     </span>
     <span class='ocr_line' id='line_1_35' title="bbox 135 2464 1726 2502; baseline -0.002 -6"><span class='ocrx_word' id='word_1_316' title='bbox 135 2468 200 2496; x_wconf 23' lang='lat' dir='ltr'><strong>&#39;duo</strong></span> <span class='ocrx_word' id='word_1_317' title='bbox 223 2467 333 2501; x_wconf 76' lang='lat' dir='ltr'><strong>verba;</strong></span> <span class='ocrx_word' id='word_1_318' title='bbox 361 2465 410 2493; x_wconf 81' lang='lat' dir='ltr'><strong>vbi</strong></span> <span class='ocrx_word' id='word_1_319' title='bbox 430 2472 533 2493; x_wconf 71' lang='lat' dir='ltr'><strong>‘nouus</strong></span> <span class='ocrx_word' id='word_1_320' title='bbox 553 2465 769 2502; x_wconf 76' lang='lat' dir='ltr'><strong>amanuensis,</strong></span> <span class='ocrx_word' id='word_1_321' title='bbox 795 2464 905 2493; x_wconf 70' lang='lat' dir='ltr'><strong>scibicet</strong></span> <span class='ocrx_word' id='word_1_322' title='bbox 928 2465 1056 2494; x_wconf 80' lang='lat' dir='ltr'><strong>Erasmi</strong></span> <span class='ocrx_word' id='word_1_323' title='bbox 1077 2472 1194 2493; x_wconf 75' lang='lat' dir='ltr'><strong>manus</strong></span> <span class='ocrx_word' id='word_1_324' title='bbox 1215 2464 1388 2501; x_wconf 69' lang='lat' dir='ltr'><strong>imperitus,</strong></span> <span class='ocrx_word' id='word_1_325' title='bbox 1405 2464 1506 2498; x_wconf 77' lang='lat' dir='ltr'><strong>apices</strong></span> <span class='ocrx_word' id='word_1_326' title='bbox 1527 2471 1638 2492; x_wconf 74' lang='lat' dir='ltr'><strong>nouem</strong></span> <span class='ocrx_word' id='word_1_327' title='bbox 1661 2465 1726 2494; x_wconf 78' lang='lat' dir='ltr'><strong>dat.</strong></span> 
     </span>
     <span class='ocr_line' id='line_1_36' title="bbox 141 2505 1724 2548; baseline -0.001 -10"><span class='ocrx_word' id='word_1_328' title='bbox 141 2517 190 2539; x_wconf 90' lang='lat'><strong>12.</strong></span> <span class='ocrx_word' id='word_1_329' title='bbox 218 2507 445 2548; x_wconf 85' lang='lat' dir='ltr'><strong>Septembre:</strong></span> <span class='ocrx_word' id='word_1_330' title='bbox 467 2508 504 2544; x_wconf 84' lang='lat' dir='ltr'><strong>cs.</strong></span> <span class='ocrx_word' id='word_1_331' title='bbox 520 2508 577 2543; x_wconf 79' lang='lat' dir='ltr'><strong>Ep.</strong></span> <span class='ocrx_word' id='word_1_332' title='bbox 595 2507 670 2545; x_wconf 84' lang='lat'><strong>839.</strong></span> <span class='ocrx_word' id='word_1_333' title='bbox 689 2515 718 2544; x_wconf 94' lang='lat'><strong>7.</strong></span> <span class='ocrx_word' id='word_1_334' title='bbox 859 2506 933 2537; x_wconf 84' lang='lat'><strong>849.</strong></span> <span class='ocrx_word' id='word_1_335' title='bbox 957 2507 988 2538; x_wconf 83' lang='lat'><strong>8.</strong></span> <span class='ocrx_word' id='word_1_336' title='bbox 1013 2505 1213 2546; x_wconf 79' lang='lat' dir='ltr'><strong>gratulatus</strong></span> <span class='ocrx_word' id='word_1_337' title='bbox 1228 2508 1274 2536; x_wconf 87' lang='lat' dir='ltr'><strong>E:</strong></span> <span class='ocrx_word' id='word_1_338' title='bbox 1301 2505 1443 2545; x_wconf 85' lang='lat' dir='ltr'><strong>gauisus</strong></span> <span class='ocrx_word' id='word_1_339' title='bbox 1459 2508 1494 2535; x_wconf 84' lang='lat' dir='ltr'><strong>F.</strong></span> <span class='ocrx_word' id='word_1_340' title='bbox 1586 2505 1724 2545; x_wconf 88' lang='lat' dir='ltr'><strong>Ecquid</strong></span> 
     </span>
     <span class='ocr_line' id='line_1_37' title="bbox 138 2549 1702 2590; baseline -0.003 -8"><span class='ocrx_word' id='word_1_341' title='bbox 138 2554 189 2582; x_wconf 86' lang='lat' dir='ltr'><strong>E:</strong></span> <span class='ocrx_word' id='word_1_342' title='bbox 213 2552 259 2582; x_wconf 89' lang='lat' dir='ltr'><strong>Et</strong></span> <span class='ocrx_word' id='word_1_343' title='bbox 275 2549 362 2590; x_wconf 86' lang='lat' dir='ltr'><strong>quid</strong></span> <span class='ocrx_word' id='word_1_344' title='bbox 380 2552 422 2579; x_wconf 87' lang='lat' dir='ltr'><strong>H.</strong></span> <span class='ocrx_word' id='word_1_345' title='bbox 515 2550 674 2589; x_wconf 85' lang='lat' dir='ltr'><strong>gratuler</strong></span> <span class='ocrx_word' id='word_1_346' title='bbox 689 2551 739 2580; x_wconf 87' lang='lat' dir='ltr'><strong>E:</strong></span> <span class='ocrx_word' id='word_1_347' title='bbox 763 2549 934 2589; x_wconf 83' lang='lat' dir='ltr'><strong>gaudeam</strong></span> <span class='ocrx_word' id='word_1_348' title='bbox 951 2552 986 2581; x_wconf 80' lang='lat' dir='ltr'><strong>F.</strong></span> <span class='ocrx_word' id='word_1_349' title='bbox 1125 2559 1174 2581; x_wconf 91' lang='lat'><strong>11.</strong></span> <span class='ocrx_word' id='word_1_350' title='bbox 1198 2549 1292 2579; x_wconf 87' lang='lat' dir='ltr'><strong>haud</strong></span> <span class='ocrx_word' id='word_1_351' title='bbox 1310 2551 1355 2579; x_wconf 82' lang='lat' dir='ltr'><strong>E:</strong></span> <span class='ocrx_word' id='word_1_352' title='bbox 1382 2558 1428 2578; x_wconf 88' lang='lat' dir='ltr'><strong>ne</strong></span> <span class='ocrx_word' id='word_1_353' title='bbox 1443 2551 1486 2578; x_wconf 91' lang='lat' dir='ltr'><strong>H.</strong></span> <span class='ocrx_word' id='word_1_354' title='bbox 1697 2568 1702 2569; x_wconf 22' lang='grc' dir='ltr'><em>κ</em></span> 
     </span>
    </p>
   </div>
   <div class='ocr_carea' id='block_1_9' title="bbox 135 2657 1726 2787">
    <p class='ocr_par' dir='ltr' id='par_1_10' title="bbox 135 2657 1726 2787">
     <span class='ocr_line' id='line_1_38' title="bbox 178 2657 1726 2700; baseline -0.001 -11"><span class='ocrx_word' id='word_1_355' title='bbox 178 2659 253 2690; x_wconf 87' lang='lat'><strong>848.</strong></span> <span class='ocrx_word' id='word_1_356' title='bbox 273 2668 303 2698; x_wconf 89' lang='lat'><strong>5.</strong></span> <span class='ocrx_word' id='word_1_357' title='bbox 325 2659 463 2700; x_wconf 88' lang='lat' dir='ltr'><strong>Amici]</strong></span> <span class='ocrx_word' id='word_1_358' title='bbox 479 2659 567 2699; x_wconf 86' lang='lat' dir='ltr'><strong>Epp.</strong></span> <span class='ocrx_word' id='word_1_359' title='bbox 585 2660 694 2698; x_wconf 86' lang='lat'><strong>801,2.</strong></span> <span class='ocrx_word' id='word_1_360' title='bbox 1005 2670 1035 2698; x_wconf 89' lang='lat'><strong>4.</strong></span> <span class='ocrx_word' id='word_1_361' title='bbox 1063 2658 1247 2699; x_wconf 86' lang='lat' dir='ltr'><strong>Frobenii]</strong></span> <span class='ocrx_word' id='word_1_362' title='bbox 1271 2657 1426 2698; x_wconf 84' lang='lat' dir='ltr'><strong>Perhaps</strong></span> <span class='ocrx_word' id='word_1_363' title='bbox 1447 2658 1726 2699; x_wconf 83' lang='lat' dir='ltr'><strong>accompanying</strong></span> 
     </span>
     <span class='ocr_line' id='line_1_39' title="bbox 177 2701 1724 2743; baseline 0 -11"><span class='ocrx_word' id='word_1_364' title='bbox 177 2712 208 2742; x_wconf 91' lang='lat'><strong>9.</strong></span> <span class='ocrx_word' id='word_1_365' title='bbox 234 2702 285 2732; x_wconf 89' lang='lat' dir='ltr'><strong>De</strong></span> <span class='ocrx_word' id='word_1_366' title='bbox 316 2701 403 2742; x_wconf 91' lang='lat' dir='ltr'><strong>vno]</strong></span> <span class='ocrx_word' id='word_1_367' title='bbox 436 2702 488 2734; x_wconf 82' lang='lat' dir='ltr'><strong>Of.</strong></span> <span class='ocrx_word' id='word_1_368' title='bbox 514 2702 577 2742; x_wconf 90' lang='lat' dir='ltr'><strong>Ep.</strong></span> <span class='ocrx_word' id='word_1_369' title='bbox 609 2703 684 2734; x_wconf 88' lang='lat'><strong>886.</strong></span> <span class='ocrx_word' id='word_1_370' title='bbox 708 2712 761 2735; x_wconf 89' lang='lat'><strong>22.</strong></span> <span class='ocrx_word' id='word_1_371' title='bbox 821 2703 894 2734; x_wconf 87' lang='lat' dir='ltr'><strong>An-</strong></span> <span class='ocrx_word' id='word_1_372' title='bbox 961 2706 981 2733; x_wconf 82' lang='lat' dir='ltr'><strong>a</strong></span> <span class='ocrx_word' id='word_1_373' title='bbox 1007 2704 1153 2743; x_wconf 86' lang='lat' dir='ltr'><strong>present</strong></span> <span class='ocrx_word' id='word_1_374' title='bbox 1182 2702 1220 2732; x_wconf 83' lang='lat' dir='ltr'><strong>of</strong></span> <span class='ocrx_word' id='word_1_375' title='bbox 1241 2701 1303 2732; x_wconf 89' lang='lat' dir='ltr'><strong>the</strong></span> <span class='ocrx_word' id='word_1_376' title='bbox 1331 2701 1436 2732; x_wconf 89' lang='lat' dir='ltr'><strong>Basle</strong></span> <span class='ocrx_word' id='word_1_377' title='bbox 1455 2704 1574 2742; x_wconf 78' lang='lat' dir='ltr'><strong>Vtopia,</strong></span> <span class='ocrx_word' id='word_1_378' title='bbox 1602 2702 1724 2732; x_wconf 87' lang='lat' dir='ltr'><strong>March</strong></span> 
     </span>
     <span class='ocr_line' id='line_1_40' title="bbox 135 2745 1057 2787; baseline 0 -11"><span class='ocrx_word' id='word_1_379' title='bbox 135 2746 237 2777; x_wconf 83' lang='lat' dir='ltr'><strong>other</strong></span> <span class='ocrx_word' id='word_1_380' title='bbox 251 2755 324 2776; x_wconf 84' lang='lat' dir='ltr'><strong>was</strong></span> <span class='ocrx_word' id='word_1_381' title='bbox 339 2747 418 2776; x_wconf 84' lang='lat' dir='ltr'><strong>sent</strong></span> <span class='ocrx_word' id='word_1_382' title='bbox 435 2747 471 2776; x_wconf 91' lang='lat' dir='ltr'><strong>to</strong></span> <span class='ocrx_word' id='word_1_383' title='bbox 492 2745 605 2777; x_wconf 84' lang='lat' dir='ltr'><strong>Erard</strong></span> <span class='ocrx_word' id='word_1_384' title='bbox 627 2746 671 2777; x_wconf 88' lang='lat' dir='ltr'><strong>de</strong></span> <span class='ocrx_word' id='word_1_385' title='bbox 691 2746 725 2777; x_wconf 82' lang='lat' dir='ltr'><strong>la</strong></span> <span class='ocrx_word' id='word_1_386' title='bbox 749 2746 869 2778; x_wconf 85' lang='lat' dir='ltr'><strong>Marck</strong></span> <span class='ocrx_word' id='word_1_387' title='bbox 885 2758 894 2787; x_wconf 81' lang='lat'><em>3</em></span> <span class='ocrx_word' id='word_1_388' title='bbox 963 2747 1057 2785; x_wconf 83' lang='lat'><strong>1518.</strong></span> 
     </span>
    </p>
   </div>
   <div class='ocr_carea' id='block_1_10' title="bbox 135 2787 1724 2959">
    <p class='ocr_par' dir='ltr' id='par_1_11' title="bbox 135 2787 1724 2959">
     <span class='ocr_line' id='line_1_41' title="bbox 135 2787 1724 2829; baseline -0.001 -9"><span class='ocrx_word' id='word_1_389' title='bbox 135 2799 191 2820; x_wconf 85' lang='lat' dir='ltr'><strong>see</strong></span> <span class='ocrx_word' id='word_1_390' title='bbox 204 2799 238 2829; x_wconf 89' lang='lat' dir='ltr'><strong>p.</strong></span> <span class='ocrx_word' id='word_1_391' title='bbox 259 2789 332 2820; x_wconf 90' lang='lat'><strong>168.</strong></span> <span class='ocrx_word' id='word_1_392' title='bbox 1005 2790 1034 2820; x_wconf 90' lang='lat'><strong>6.</strong></span> <span class='ocrx_word' id='word_1_393' title='bbox 1060 2787 1244 2828; x_wconf 86' lang='lat' dir='ltr'><strong>Borsalus]</strong></span> <span class='ocrx_word' id='word_1_394' title='bbox 1274 2787 1325 2819; x_wconf 84' lang='lat' dir='ltr'><strong>Cf.</strong></span> <span class='ocrx_word' id='word_1_395' title='bbox 1351 2788 1438 2827; x_wconf 91' lang='lat' dir='ltr'><strong>Epp.</strong></span> <span class='ocrx_word' id='word_1_396' title='bbox 1462 2797 1535 2829; x_wconf 78' lang='lat'><strong>291,</strong></span> <span class='ocrx_word' id='word_1_397' title='bbox 1556 2798 1628 2829; x_wconf 85' lang='lat'><strong>737,</strong></span> <span class='ocrx_word' id='word_1_398' title='bbox 1648 2789 1724 2828; x_wconf 90' lang='lat'><strong>805,</strong></span> 
     </span>
     <span class='ocr_line' id='line_1_42' title="bbox 182 2831 1142 2873; baseline -0.001 -10"><span class='ocrx_word' id='word_1_399' title='bbox 182 2841 233 2864; x_wconf 88' lang='lat'><strong>11.</strong></span> <span class='ocrx_word' id='word_1_400' title='bbox 255 2831 355 2873; x_wconf 87' lang='lat' dir='ltr'><strong>fatis]</strong></span> <span class='ocrx_word' id='word_1_401' title='bbox 372 2831 424 2863; x_wconf 84' lang='lat' dir='ltr'><strong>cf.</strong></span> <span class='ocrx_word' id='word_1_402' title='bbox 444 2832 508 2872; x_wconf 90' lang='lat' dir='ltr'><strong>Ep.</strong></span> <span class='ocrx_word' id='word_1_403' title='bbox 527 2842 599 2872; x_wconf 89' lang='lat'><strong>794.</strong></span> <span class='ocrx_word' id='word_1_404' title='bbox 615 2834 668 2872; x_wconf 88' lang='lat'><strong>84.</strong></span> <span class='ocrx_word' id='word_1_405' title='bbox 962 2842 1035 2873; x_wconf 88' lang='lat'><strong>932.</strong></span> <span class='ocrx_word' id='word_1_406' title='bbox 1053 2842 1094 2871; x_wconf 83' lang='lat'><strong>43</strong></span> <span class='ocrx_word' id='word_1_407' title='bbox 1107 2842 1142 2863; x_wconf 91' lang='lat' dir='ltr'><strong>n.</strong></span> 
     </span>
     <span class='ocr_line' id='line_1_43' title="bbox 180 2874 1722 2916; baseline 0 -10"><span class='ocrx_word' id='word_1_408' title='bbox 180 2876 256 2907; x_wconf 85' lang='lat'><strong>849.</strong></span> <span class='ocrx_word' id='word_1_409' title='bbox 284 2885 311 2906; x_wconf 91' lang='lat'><strong>1.</strong></span> <span class='ocrx_word' id='word_1_410' title='bbox 340 2876 548 2916; x_wconf 78' lang='lat' dir='ltr'><strong>quaternas]</strong></span> <span class='ocrx_word' id='word_1_411' title='bbox 580 2876 643 2916; x_wconf 89' lang='lat' dir='ltr'><strong>Ep.</strong></span> <span class='ocrx_word' id='word_1_412' title='bbox 672 2876 738 2914; x_wconf 87' lang='lat'><strong>846</strong></span> <span class='ocrx_word' id='word_1_413' title='bbox 768 2877 800 2908; x_wconf 87' lang='lat' dir='ltr'><strong>is</strong></span> <span class='ocrx_word' id='word_1_414' title='bbox 830 2876 894 2908; x_wconf 88' lang='lat' dir='ltr'><strong>the</strong></span> <span class='ocrx_word' id='word_1_415' title='bbox 1049 2874 1289 2915; x_wconf 81' lang='lat' dir='ltr'><strong>proficiscens]</strong></span> <span class='ocrx_word' id='word_1_416' title='bbox 1322 2874 1426 2905; x_wconf 89' lang='lat' dir='ltr'><strong>From</strong></span> <span class='ocrx_word' id='word_1_417' title='bbox 1455 2875 1637 2914; x_wconf 78' lang='lat' dir='ltr'><strong>Louvain3</strong></span> <span class='ocrx_word' id='word_1_418' title='bbox 1677 2875 1722 2907; x_wconf 83' lang='lat' dir='ltr'><strong>cf.</strong></span> 
     </span>
     <span class='ocr_line' id='line_1_44' title="bbox 136 2919 1117 2959; baseline -0.001 -9"><span class='ocrx_word' id='word_1_419' title='bbox 136 2919 222 2959; x_wconf 89' lang='lat' dir='ltr'><strong>only</strong></span> <span class='ocrx_word' id='word_1_420' title='bbox 239 2929 304 2950; x_wconf 89' lang='lat' dir='ltr'><strong>one</strong></span> <span class='ocrx_word' id='word_1_421' title='bbox 321 2919 359 2950; x_wconf 83' lang='lat' dir='ltr'><strong>of</strong></span> <span class='ocrx_word' id='word_1_422' title='bbox 371 2919 471 2950; x_wconf 87' lang='lat' dir='ltr'><strong>these</strong></span> <span class='ocrx_word' id='word_1_423' title='bbox 486 2919 607 2950; x_wconf 85' lang='lat' dir='ltr'><strong>which</strong></span> <span class='ocrx_word' id='word_1_424' title='bbox 620 2920 791 2951; x_wconf 86' lang='lat' dir='ltr'><strong>survives.</strong></span> <span class='ocrx_word' id='word_1_425' title='bbox 962 2919 1025 2959; x_wconf 89' lang='lat' dir='ltr'><strong>Ep.</strong></span> <span class='ocrx_word' id='word_1_426' title='bbox 1045 2929 1117 2958; x_wconf 86' lang='lat'><strong>737.</strong></span> 
     </span>
    </p>
   </div>
   <div class='ocr_carea' id='block_1_11' title="bbox 180 2961 1539 3002">
    <p class='ocr_par' dir='ltr' id='par_1_12' title="bbox 180 2961 1539 3002">
     <span class='ocr_line' id='line_1_45' title="bbox 180 2961 1539 3002; baseline 0.002 -10"><span class='ocrx_word' id='word_1_427' title='bbox 180 2972 210 2994; x_wconf 83' lang='lat'><strong>2.</strong></span> <span class='ocrx_word' id='word_1_428' title='bbox 237 2961 370 3002; x_wconf 86' lang='lat' dir='ltr'><strong>literis]</strong></span> <span class='ocrx_word' id='word_1_429' title='bbox 394 2962 545 3001; x_wconf 81' lang='lat' dir='ltr'><strong>cf.l.14;</strong></span> <span class='ocrx_word' id='word_1_430' title='bbox 562 2962 705 2993; x_wconf 90' lang='lat' dir='ltr'><strong>neither</strong></span> <span class='ocrx_word' id='word_1_431' title='bbox 716 2963 746 2994; x_wconf 89' lang='lat' dir='ltr'><strong>is</strong></span> <span class='ocrx_word' id='word_1_432' title='bbox 756 2964 893 2995; x_wconf 86' lang='lat' dir='ltr'><strong>extant.</strong></span> <span class='ocrx_word' id='word_1_433' title='bbox 1006 2973 1055 2993; x_wconf 92' lang='lat'><strong>10.</strong></span> <span class='ocrx_word' id='word_1_434' title='bbox 1080 2961 1223 3002; x_wconf 85' lang='lat' dir='ltr'><strong>Pyladi]</strong></span> <span class='ocrx_word' id='word_1_435' title='bbox 1241 2961 1294 2992; x_wconf 89' lang='lat' dir='ltr'><strong>Cf.</strong></span> <span class='ocrx_word' id='word_1_436' title='bbox 1312 2961 1376 3001; x_wconf 87' lang='lat' dir='ltr'><strong>Ep.</strong></span> <span class='ocrx_word' id='word_1_437' title='bbox 1393 2962 1467 2999; x_wconf 87' lang='lat'><strong>846.</strong></span> <span class='ocrx_word' id='word_1_438' title='bbox 1487 2971 1539 2995; x_wconf 91' lang='lat'><strong>20.</strong></span> 
     </span>
    </p>
   </div>
  </div>
 </body>
</html>
