2034 3433
294 471 333 502 70

293 797 330 829 75

291 1114 333 1145 80

292 1777 333 1809 90

274 2427 333 2448 100

277 2753 334 2785 ¹05

351 157 431 195 478
818 155 1065 194 LETTERS
1104 154 1174 193 OF
1211 153 1476 192 ERASMUS
1816 152 1854 207 [1
1865 166 1941 202 519

352 263 547 300 mitteret.
608 261 727 308 Quod
754 259 918 297 vtinam
944 270 1089 297 omnes
1118 257 1209 295 auri
1235 257 1414 295 nimium
1439 258 1628 295 amantes
1655 255 1839 295 factitare
1861 258 1942 297 sibi

351 326 666 376 persuasissent,
693 327 739 362 vt
765 324 886 362 auide
916 324 1131 372 congestas
1156 335 1254 372 opes
1280 324 1375 360 ante
1401 323 1579 359 mortem
1604 320 1782 370 benigne
1807 335 1941 372 eroga-

351 393 466 430 rent!
525 391 617 429 Non
639 392 779 427 tantae
799 389 952 438 passim
974 400 1070 437 opes
1089 387 1312 425 hominum
1336 385 1583 425 commercio
1603 385 1883 424 eximerentur
1902 389 1942 424 et

351 456 531 495 vinculis
559 455 770 505 perpetuis
799 454 1016 491 damnatae
1049 452 1131 490 situ
1166 452 1447 490 obruerentur.
1523 450 1633 489 Nam
1662 450 1769 500 quod
1798 451 1848 488 ad
1878 464 1944 489 me

351 521 541 569 pertinet,
563 532 638 569 ego
658 519 794 557 multa
811 518 922 556 inter
944 517 1116 555 schedas
1146 516 1379 555 condidisse
1409 529 1476 554 me
1499 515 1643 554 amicis
1663 528 1748 553 non
1767 515 1939 563 inficior,

350 598 398 623 ex
415 584 567 634 quibus
579 583 795 623 volumina
810 596 895 621 non
916 582 1220 620 contemnenda
1236 581 1458 631 aliquando
1475 583 1690 619 contexere
1702 579 1941 630 potuissem.

351 650 384 687 si
405 650 511 688 mihi
530 649 772 687 secundiore
788 648 955 686 fortuna
974 647 1037 685 vti
1057 649 1098 685 et
1118 645 1251 684 literis
1271 645 1409 684 feriari
1429 646 1681 696 contigisset.

403 715 460 753 Vt
480 715 529 753 ad
546 715 705 764 reliqua
724 716 953 752 transeam:
983 713 1130 751 merito
1146 725 1212 750 me
1228 711 1455 750 ludificaris
1471 713 1518 749 vt
1533 710 1639 749 nihil
1654 710 1772 760 pensi
1792 710 1943 749 haben-

350 783 434 818 tem
455 780 527 829 qui
547 780 652 818 illud
669 779 717 817 de
744 779 1006 827 Hieronymo
1027 778 1202 816 dixerim
1225 776 1276 814 ad
1301 776 1488 814 tribunal
1515 776 1670 814 Christi
1690 778 1832 826 rapto;
1861 788 1945 813 non

350 844 464 883 enim
485 845 690 884 excusabo
710 844 818 894 quod
843 843 969 882 iocari
997 842 1213 888 voluerim,
1237 844 1283 880 vt
1310 843 1355 880 tu
1380 842 1601 880 cauillatus
1624 854 1681 880 es.
1738 841 1805 879 Ita
1823 841 1946 879 fando

350 910 538 948 auditum
573 909 846 948 memineram
879 908 1011 958 magis
1041 921 1166 958 quam
1201 908 1338 945 locum
1373 906 1474 945 satis
1502 907 1610 956 apud
1642 906 1947 956 Hieronymum

350 977 605 1014 annotaram.
662 974 767 1013 Mihi
786 976 929 1012 tamen
954 974 1119 1012 veniam
1150 972 1270 1011 dabis
1296 973 1341 1010 in
1361 985 1403 1011 re
1431 985 1517 1010 non
1539 972 1701 1022 capitali
1720 986 1729 1019 ;
1760 972 1947 1010 huiusce-

350 1040 462 1079 modi
496 1040 670 1079 fortasse
699 1039 834 1078 videri
863 1038 970 1077 illud
999 1041 1120 1077 tuum
1141 1038 1273 1089 possit
1305 1038 1356 1076 de
1383 1037 1656 1087 Areopagitis,
1689 1038 1741 1077 ad
1770 1050 1946 1087 quorum

351 1105 544 1144 subsellia
563 1108 608 1144 tu
630 1105 733 1143 furti
754 1118 845 1143 reos
866 1105 965 1154 agis.
1026 1105 1183 1143 Verum
1213 1106 1259 1142 vt
1289 1117 1373 1142 non
1397 1104 1573 1142 diffiteor
1601 1117 1668 1141 me
1699 1103 1831 1142 multa
1859 1103 1947 1141 ioco

351 1170 514 1219 dixisse,
546 1171 606 1210 ita
646 1183 864 1220 nunquam
898 1169 1056 1209 fatebor
1092 1184 1159 1208 me
1197 1170 1256 1208 ita
1289 1168 1578 1218 impudentem
1610 1183 1698 1207 esse
1738 1170 1784 1207 vt
1823 1168 1948 1206 huius

350 1236 640 1286 appellationis
669 1250 752 1274 non
783 1235 1013 1286 suppudeat
1043 1235 1167 1273 etiam
1197 1234 1406 1273 iocularis.
1465 1234 1546 1273 Sed
1573 1247 1645 1272 nec
1666 1235 1821 1273 amicos
1840 1236 1946 1275 tuos.

351 1314 454 1350 quos
474 1301 587 1339 viros
612 1301 743 1339 bonos
766 1313 812 1338 ac
835 1300 1045 1338 mansueti
1074 1300 1204 1338 animi
1233 1313 1322 1338 esse
1348 1312 1432 1337 non
1457 1299 1611 1347 dubito,
1637 1312 1733 1337 cum
1760 1299 1838 1337 tibi
1865 1299 1947 1337 sint

351 1366 489 1414 amici,
506 1366 685 1405 ferarum
705 1366 788 1404 ritu
802 1366 1028 1404 frementes
1047 1365 1093 1403 in
1108 1365 1283 1415 epistola
1298 1378 1390 1403 mea
1405 1365 1494 1403 feci.
1557 1365 1620 1403 Sit
1635 1378 1733 1403 sane
1750 1366 1797 1403 vt
1811 1364 1950 1414 aliqua

318 1450 329 1457 -
350 1444 435 1469 non
462 1444 536 1469 suo
563 1431 652 1470 loco
677 1431 823 1480 dicam,
850 1431 1014 1481 quando
1039 1430 1118 1468 tibi
1145 1431 1204 1469 ita
1227 1430 1366 1469 visum
1390 1432 1463 1477 est,
1495 1432 1742 1480 temporum,
1765 1429 1948 1469 locorum

352 1497 638 1546 dictorumque
663 1497 854 1535 omnium
881 1496 1039 1535 arbitro
1060 1511 1069 1544 3
1098 1496 1259 1546 tibique
1288 1497 1347 1534 ita
1377 1509 1444 1534 me
1470 1509 1644 1546 meaque
1669 1496 1878 1546 permitto,
1903 1498 1947 1534 vt

353 1574 454 1611 quae
475 1561 525 1600 ad
548 1561 815 1600 Tunstallum
838 1562 886 1600 de
905 1563 947 1600 te
967 1561 1126 1611 scripsi,
1149 1561 1184 1599 si
1213 1560 1281 1599 vel
1312 1574 1398 1599 non
1422 1575 1498 1600 suo
1519 1561 1607 1600 loco
1627 1561 1736 1600 dicta
1754 1561 1820 1599 vel
1840 1561 1949 1599 mal(-

351 1626 483 1665 locata
511 1627 721 1674 videntur,
755 1640 802 1665 ea
829 1627 917 1666 loco
946 1629 994 1665 vt
1023 1640 1204 1665 moueas.
1260 1626 1406 1676 Neque
1440 1626 1482 1664 id
1513 1626 1682 1676 quidem
1712 1627 1846 1674 modo,
1877 1627 1945 1665 sed

351 1692 478 1730 etiam
513 1694 554 1730 te
587 1694 634 1730 vt
672 1706 720 1730 eo
759 1706 809 1730 ex
846 1692 1011 1742 fastigio
1051 1692 1206 1742 gloriae
1243 1694 1284 1730 et
1317 1692 1637 1730 existimationis
1670 1692 1848 1731 deducas
1878 1696 1947 1731 aut

352 1757 557 1805 deturbes,
581 1757 624 1794 in
645 1771 726 1807 quo
742 1760 782 1795 te
799 1758 1042 1796 collocatum
1059 1771 1081 1795 a
1096 1771 1162 1795 me
1178 1757 1389 1796 fastidiose
1409 1757 1556 1795 scribis
1575 1770 1583 1795 :
1614 1758 1948 1808 quandoquidem

351 1825 436 1860 tam
462 1835 624 1861 morose
649 1823 691 1860 id
716 1823 823 1872 quod
852 1823 929 1860 tibi
955 1822 1153 1860 tribuitur
1181 1822 1377 1871 admittis,
1400 1824 1447 1860 vt
1475 1823 1705 1861 modestius
1730 1823 1855 1862 fuerit
1875 1823 1948 1861 for-

350 1889 460 1925 tasse
479 1889 615 1936 aperte
636 1900 838 1936 respuere.
901 1887 1007 1925 Vide
1025 1888 1161 1925 vtrius
1181 1876 1370 1926 nostrum
1390 1888 1557 1937 aequior
1576 1889 1631 1926 sit
1650 1888 1824 1937 querela.
1885 1889 1948 1926 Tu

351 1968 446 1993 cum
466 1956 537 1992 tua
556 1967 622 1992 me
644 1954 837 1992 deiecisse
857 1954 1056 2000 clamites,
1080 1967 1154 2003 ego
1175 1967 1268 1991 mea
1287 1967 1310 1992 a
1330 1956 1371 1992 te
1390 1953 1543 1992 eleuari
1564 1967 1681 2004 aegre
1701 1955 1798 1994 fero.

406 2020 588 2058 Tametsi
622 2033 645 2058 o
676 2019 891 2058 hominem
930 2022 971 2058 te
1010 2020 1308 2069 aequissimum
1346 2022 1388 2058 et
1427 2020 1558 2058 animi
1597 2019 1836 2068 gratissimi,
1878 2019 1948 2069 qui

315 2105 331 2135 5
351 2088 537 2124 autorem
558 2098 624 2123 me
643 2085 722 2123 tibi
741 2085 869 2123 fuisse
889 2085 991 2123 dicis
1010 2088 1051 2124 et
1072 2099 1237 2124 causam
1258 2099 1332 2124 nec
1356 2086 1460 2135 Regi
1480 2098 1553 2124 nec
1574 2085 1777 2135 Episcopo
1798 2085 1950 2124 fautori

351 2152 422 2188 tuo
442 2150 673 2188 scribendi!
732 2150 846 2188 Haec
865 2150 939 2188 illa
961 2153 1060 2189 sunt
1086 2150 1302 2200 euangelia
1324 2164 1428 2200 quae
1454 2150 1559 2188 mihi
1585 2164 1609 2188 a
1634 2152 1674 2189 te
1697 2150 1838 2188 deberi
1858 2164 1950 2189 con-

350 2215 583 2253 tendebam.
643 2215 738 2254 Imo
767 2229 863 2254 vero
892 2229 915 2254 o
945 2215 1165 2254 hominem
1193 2218 1234 2254 te
1261 2218 1442 2262 acutum,
1468 2215 1540 2265 qui
1562 2228 1615 2254 ne
1642 2215 1686 2253 in
1713 2229 1760 2253 eo
1784 2215 1949 2266 quidem

351 2279 438 2318 loco
467 2279 662 2330 epistolae
691 2293 757 2318 me
788 2280 1054 2327 intellexeris,
1080 2285 1117 2320 ἐν
1137 2281 1166 2333 ᾧ
1186 2279 1465 2331 διαπράξασθαί
1481 2298 1543 2319 σοι
1562 2281 1603 2318 τὸ
1623 2279 1686 2330 ὑφ’
1700 2282 1804 2330 ἡμῶν
1821 2298 1948 2331 προαι-

350 2346 455 2393 ρεθὲν
467 2346 687 2396 ἐπεχείρουν,
697 2345 756 2384 ita
769 2348 816 2384 Vt
831 2348 927 2385 tuae
940 2348 1106 2385 tantum
1119 2348 1256 2396 partes
1270 2347 1407 2384 essent
1420 2348 1457 2384 ἐν
1469 2349 1518 2397 τῷ
1533 2346 1747 2395 διαμέλλειν
1762 2346 1822 2384 καὶ
1840 2348 1950 2385 οἱονεὶ

351 2410 581 2460 βαρύνεσθαι
597 2411 657 2448 ἐπὶ
670 2412 746 2451 τοῖς
762 2413 1024 2463 ἐπαγγέλμασι
1038 2414 1114 2451 τοῖς
1130 2411 1271 2449 ἐνθένδε
1287 2412 1295 2449 !
1325 2411 1388 2449 Tu
1403 2413 1543 2449 autem
1559 2410 1675 2450 velut
1690 2424 1818 2460 sorex,
1839 2412 1947 2462 quod

352 2475 483 2524 aiunt,
505 2476 577 2526 qui
597 2476 775 2514 mimum
796 2477 1011 2527 euulgasti.
1073 2477 1242 2515 Gaudeo
1262 2479 1302 2515 te
1321 2476 1583 2515 stomachum
1603 2489 1883 2527 perpurgasse,
1903 2480 1949 2515 vt

352 2554 480 2589 purus
491 2543 619 2590 putus
632 2541 831 2580 Erasmus
842 2542 891 2580 ad
906 2554 980 2580 nos
996 2542 1164 2581 tandem
1177 2544 1373 2580 transeas.
1421 2542 1541 2580 Certe
1557 2541 1671 2579 omni
1685 2554 1760 2591 ope
1775 2543 1948 2580 conatus

353 2619 396 2644 es
416 2607 531 2644 virus
550 2606 655 2644 illud
676 2606 788 2645 fellis
809 2608 984 2646 exudare
1009 2607 1113 2646 falsa
1142 2607 1334 2657 opinione
1356 2608 1624 2654 contractum,
1648 2607 1763 2645 cuius
1784 2620 1948 2657 graneo—
1974 2649 1978 2653 ,

353 2671 482 2709 lentia
511 2671 699 2709 nondum
728 2671 789 2709 ita
817 2671 923 2710 mihi
953 2672 1215 2710 stomachum
1245 2672 1402 2710 mouit:
1446 2685 1497 2709 ne
1526 2674 1566 2709 te
1596 2672 1733 2710 vltum
1761 2685 1829 2710 me
1861 2685 1948 2710 esse

354 2749 600 2787 magnopere
637 2737 882 2786 triumphes,
920 2739 966 2775 vt
995 2737 1277 2786 implacidiore
1306 2750 1374 2775 me
1402 2739 1528 2775 vtare.
1601 2736 1746 2787 Itaque
1779 2737 1815 2775 si
1848 2737 1970 2787 quide

353 2800 477 2839 etiam
497 2801 541 2839 in
561 2801 648 2840 imo
669 2802 863 2848 subsedit,
882 2804 1029 2840 excute
1050 2804 1089 2840 et
1112 2804 1151 2839 te
1172 2804 1307 2840 totum
1327 2815 1538 2851 perpurga,
1564 2802 1728 2851 quando
1749 2802 1824 2840 illa
1844 2804 1945 2840 cata—

399 2896 449 2924 74.
476 2869 771 2929 ludificarisjEp.
788 2890 863 2928 906.
884 2899 948 2928 300
965 2899 1035 2929 seq.
1112 2893 1115 2896 “
1228 2898 1279 2927 95.
1307 2888 1413 2929 dicis]
1432 2888 1495 2928 Ep.
1514 2889 1590 2928 906.
1608 2888 1716 2928 487,8.

399 2939 448 2968 79.
476 2931 567 2961 illud
584 2931 705 2972 tuum]
723 2933 786 2972 Ep.
805 2934 878 2972 906.
897 2943 971 2971 349,
1229 2934 1281 2970 96.
1309 2931 1511 2972 euangelia]
1529 2932 1592 2971 Ep.
1613 2933 1687 2962 810.
1707 2933 1781 2970 436.

399 2973 448 3011 87.
473 2974 517 3004 ad
534 2974 778 3016 Tunstallum]
798 2977 860 3015 Ep.
879 2977 952 3014 583.
1230 2976 1281 3014 98.
1308 2974 1496 3015 epistolae]
1514 2975 1576 3015 Ep.
1593 2976 1667 3006 810.
1685 2975 1845 3014 398-434.

397 3026 450 3054 90.
473 3017 614 3058 scribis]
634 3018 695 3058 Ep.
714 3020 786 3058 906.
807 3029 881 3057 407.
1234 3028 1301 3050 101.
1326 3018 1568 3059 perpurgasse]
1586 3019 1648 3059 Ep.
1666 3019 1740 3057 906.
1759 3018 1831 3056 568.
