2034 3433
266 159 345 197 122
729 159 979 199 LETTERS
1017 158 1085 196 OF
1124 158 1390 198 ERAsMUs
1733 157 1855 211 [1517

206 281 244 304 10
262 264 507 312 extricatus3
539 278 624 302 non
648 264 757 314 quod
777 276 841 301 me
867 262 933 300 his
960 263 1111 310 oneret,
1135 263 1207 301 sed
1229 264 1337 314 quod
1366 263 1538 302 liberius
1556 263 1859 314 philosophare-

202 605 240 637 15

198 1939 236 1960 10

260 341 357 368 mur
376 329 420 367 in
440 329 592 368 studiis
612 327 916 367 communibus.
978 327 1072 364 Non
1102 327 1291 367 desinam
1310 328 1374 366 illi
1392 328 1604 367 consulere
1633 328 1742 378 quod
1770 328 1859 378 ipse

260 393 445 433 facturus
477 395 570 433 sim.
649 395 706 432 Te
734 406 865 432 vnum
894 392 1000 430 illud
1033 405 1144 442 rogo,
1175 394 1235 431 mi
1264 394 1404 443 Dorpi,
1437 393 1683 432 memineris
1711 406 1858 443 parum

260 472 347 498 esse
377 460 573 498 decorum
607 472 701 497 cum
733 472 780 497 eo
812 457 1072 496 simultatem
1103 471 1289 497 exercere
1323 459 1492 509 quicum
1523 459 1602 498 tibi
1631 460 1718 497 tam
1752 460 1860 497 arcta

259 525 387 564 fuerit
405 524 677 573 familiaritas,
700 523 943 573 praesertim
963 523 999 561 si
1018 536 1137 563 causa
1158 524 1267 562 nihil
1285 525 1335 563 ad
1355 527 1395 563 te
1415 524 1607 575 pertinet.
1669 524 1724 562 Et
1743 523 1780 562 is
1798 526 1859 562 est

260 590 420 629 Neuius
439 590 509 640 qui
529 589 866 629 constantissime
885 588 1031 639 diligat
1047 602 1173 639 quem
1188 590 1409 640 complecti
1429 589 1594 640 ceperit.
1625 589 1740 628 Bene
1755 588 1856 628 vale.

734 836 829 877 697.
890 835 955 877 To
985 835 1181 877 GERARD
1210 835 1389 876 LISTER.

305 946 492 982 Deventer
508 946 585 981 MS.
604 957 659 992 91,
679 947 704 982 f.
725 957 778 992 73.
1541 947 1717 983 Louvain.

307 1004 379 1040 LB.
398 1004 494 1050 App.
514 1016 593 1040 200.
1446 1017 1466 1041 2
1484 1005 1693 1041 November
1715 1014 1813 1050 1517.

500 1109 590 1151 [The
607 1109 688 1140 date
706 1110 736 1140 is
753 1110 949 1142 confirmed
965 1111 1013 1150 by
1030 1110 1174 1142 Lister's
1190 1110 1367 1149 difficulty
1381 1121 1388 1141 :
1412 1118 1468 1140 sce
1486 1108 1509 1141 l.
1530 1119 1544 1139 1
1564 1108 1619 1149 n.]

718 1231 926 1261 ERASMVS
958 1231 1149 1262 LYSTRIO
1179 1232 1262 1262 SVO
1294 1231 1327 1262 S.
1356 1231 1397 1260 D.

310 1332 417 1370 LEGI
446 1335 488 1372 et
518 1333 642 1381 dolui,
664 1334 820 1384 optime
849 1333 1002 1383 Lystri,
1036 1337 1154 1373 tuam
1182 1333 1449 1384 tragoediam.
1509 1333 1666 1372 Verum
1694 1332 1853 1372 Paulus

255 1397 334 1436 tibi
367 1400 429 1436 est
459 1399 688 1438 imitandus
723 1400 795 1450 qui
826 1413 898 1449 per
929 1400 1146 1439 infamiam
1176 1402 1218 1438 et
1247 1401 1401 1439 bonam
1434 1399 1590 1438 famam
1620 1398 1685 1437 sui
1712 1401 1855 1437 tamen

256 1462 407 1502 similis
439 1464 530 1503 fuit.
589 1465 681 1503 Hae
714 1467 814 1504 sunt
843 1466 1050 1504 humanae
1082 1466 1194 1504 vitae
1222 1466 1344 1514 vices,
1373 1465 1440 1504 his
1473 1464 1853 1514 tragicocomoediis

255 1529 333 1567 hoc
366 1530 458 1568 aeui
488 1531 709 1582 peragitur.
785 1532 831 1570 Si
860 1546 927 1570 me
960 1533 1073 1571 voles
1106 1532 1262 1580 audire,
1293 1545 1503 1581 nusquam
1542 1531 1587 1569 in
1621 1531 1856 1580 praesentia

254 1596 403 1645 pedem
423 1597 621 1635 mouebis.
685 1598 854 1637 Oblecta
873 1601 913 1637 te
932 1599 1054 1637 bonis
1072 1598 1233 1647 studiis,
1257 1612 1402 1638 rumor
1416 1598 1494 1637 iste
1510 1611 1533 1636 a
1545 1597 1667 1637 malis
1686 1600 1855 1637 exortus

254 1673 354 1699 mox
383 1674 458 1700 sua
488 1665 633 1712 sponte
665 1666 893 1702 euanescet.
958 1664 1059 1712 Quis
1092 1664 1207 1702 enim
1237 1663 1370 1703 nescit
1400 1665 1522 1702 tuum
1555 1663 1772 1713 ingenium
1802 1664 1854 1703 ab

254 1727 492 1766 istiusmodi
510 1728 726 1768 maleficiis
751 1729 1057 1769 alienissimum
1084 1733 1205 1770 esse‘?
1261 1730 1369 1769 Mihi
1394 1731 1523 1779 crede,
1550 1731 1711 1769 malum
1739 1730 1852 1770 istud

254 1793 391 1843 aliquo
411 1794 627 1832 commodo
646 1794 837 1843 pensabit
864 1795 1044 1834 fortuna.
1104 1796 1187 1834 Vbi
1208 1809 1350 1834 rumor
1375 1796 1670 1845 conquieuerit,
1691 1797 1794 1844 tum,
1816 1796 1853 1834 si

254 1858 474 1907 videbitur,
497 1862 709 1899 commuta
730 1861 879 1899 locum.
941 1861 986 1899 Si
1012 1861 1125 1900 voles
1150 1861 1351 1911 Angliam
1376 1864 1526 1911 petere,
1554 1861 1852 1900 commendabo

253 1926 295 1963 te
315 1926 488 1975 magnis.
549 1926 623 1964 Sin
643 1926 711 1964 hic
731 1926 844 1965 voles
863 1939 991 1977 agere,
1017 1940 1101 1966 non
1122 1928 1242 1966 deero
1262 1940 1438 1978 vsquam
1458 1928 1581 1966 amici
1602 1928 1746 1967 officio.

308 1990 505 2030 Scribant
533 1992 585 2031 ad
613 2005 680 2030 mc
709 1992 816 2030 docti
848 1992 1199 2041 Pepericornium,
1222 2007 1271 2032 ex
1300 1993 1494 2032 scelerato
1515 1993 1668 2032 Iudaeo
1688 1992 1852 2032 scelera-

252 2056 465 2097 tissimum
497 2059 791 2107 Christianum,
825 2059 1001 2098 edidisse
1030 2059 1185 2098 librum
1218 2059 1363 2109 lingua
1395 2059 1649 2107 Germanica,
1689 2061 1735 2098 in
1769 2073 1850 2110 quo

254 2123 395 2163 doctos
415 2126 576 2163 omneis
594 2128 635 2163 et
655 2125 764 2163 inter
782 2126 858 2164 hos
878 2139 945 2164 me
964 2125 1071 2164 mira
1089 2125 1202 2163 rabie
1221 2125 1371 2164 lacerat
1396 2138 1443 2164 ac
1464 2125 1669 2176 d1scerpit.
1732 2125 1766 2164 Ο
1785 2139 1850 2176 pe·

252 2190 362 2227 stem
394 2189 611 2240 indignam
644 2191 800 2229 talibus
836 2190 1095 2238 aduersariis,
1131 2190 1302 2240 dignam
1331 2191 1547 2230 carnifice!
1605 2191 1729 2230 Tanti
1761 2194 1849 2230 erat

252 2267 357 2304 aqua
375 2254 494 2305 tingi,
517 2258 563 2294 vt
583 2256 844 2295 concordiam
870 2255 1151 2296 Christianam
1171 2258 1413 2306 personatus
1444 2256 1620 2295 Iudaeus
1649 2257 1846 2296 turbaret.

252 2320 367 2358 Bene
387 2320 491 2366 vale,
510 2321 571 2359 mi
594 2322 745 2371 Lystri,
772 2323 814 2360 et
838 2322 1046 2372 optimum
1072 2321 1264 2360 Priorem
1291 2322 1556 2372 Agnetinum
1584 2323 1691 2361 meis
1715 2323 1851 2361 verbis

252 2386 399 2424 saluta.
454 2387 629 2425 Louanii
648 2387 845 2437 postridie
867 2387 1056 2426 omnium
1075 2388 1327 2425 sanctorum.
1390 2388 1471 2426 An.
1499 2400 1586 2426 M.D.
1615 2398 1674 2435 17.

282 2543 356 2575 697.
374 2554 402 2575 1.
415 2544 652 2585 tragoediam]
663 2546 695 2576 It
706 2555 779 2575 was
790 2545 896 2584 being
909 2553 1017 2582 open·
1084 2545 1295 2583 Mzcrmellius,
1312 2555 1371 2584 pp.
1391 2554 1506 2583 120-7,
1529 2547 1598 2584 165.

252 2586 427 2625 lyhinted
440 2588 520 2619 that
533 2588 649 2619 Lister
658 2589 729 2619 had
742 2589 911 2628 poisoned
919 2587 1017 2618 John
1175 2587 1324 2628 Paulus]
1340 2598 1360 2617 2
1377 2587 1454 2619 Cor.
1474 2589 1505 2620 6.
1524 2590 1556 2620 8.

251 2630 421 2661 Murmell
445 2632 484 2662 of
503 2632 717 2671 Roermond,
736 2632 819 2663 who
842 2631 915 2662 had
937 2630 1020 2662 died
1133 2640 1181 2660 12.
1207 2630 1359 2672 librum]
1409 2631 1583 2673 Probably
1621 2633 1682 2664 the
1730 2636 1853 2672 Streydc

250 2683 337 2714 very
352 2675 531 2714 suddenly
549 2678 585 2707 at
601 2676 792 2715 Deventer,
808 2686 827 2706 2
844 2675 920 2707 Oct.
938 2683 1017 2713 1517
1080 2677 1231 2711 puechlyn
1253 2685 1305 2705 ‘cor
1325 2677 1366 2712 dy
1382 2678 1520 2714 wartaez't,
1538 2676 1661 2707 which
1677 2687 1749 2708 was
1764 2679 1852 2718 pub-

253 2717 309 2758 (cf.
327 2719 391 2757 Ep.
408 2719 482 2757 838.
499 2729 518 2748 2
531 2720 598 2758 n.).
644 2719 718 2750 The
730 2719 933 2750 accusation
945 2718 1018 2749 had
1084 2717 1204 2748 lished
1224 2728 1251 2749 c.
1275 2728 1356 2758 1517
1381 2721 1451 2750 init.
1500 2720 1670 2751 Erasmus
1694 2722 1724 2752 is
1747 2722 1850 2753 there

252 2770 297 2791 no
314 2770 412 2791 more
434 2762 529 2793 basis
550 2763 642 2794 than
663 2764 742 2793 that
759 2762 929 2794 Murmell
945 2762 1017 2793 had
1083 2763 1318 2800 represented
1328 2761 1458 2803 (f⁰.D‘-’)
1468 2772 1505 2794 as
1517 2773 1564 2795 an
1573 2765 1722 2805 escaped
1731 2765 1850 2796 monk.

251 2805 431 2842 provoked
469 2806 587 2837 Lister
634 2807 679 2846 by
716 2806 928 2846 publishing
970 2816 1017 2837 an
1085 2804 1148 2835 See
1201 2805 1336 2845 Geiger.
1391 2809 1554 2847 Reuchlin,
1609 2817 1666 2848 pp.
1727 2810 1847 2849 383-6.

251 2847 420 2879 offensive
452 2859 554 2889 poem
593 2850 700 2880 about
730 2850 809 2881 him
849 2851 887 2881 in
922 2859 1019 2881 some
1085 2849 1256 2879 Erasmus
1281 2850 1350 2880 had
1374 2850 1402 2880 it
1425 2851 1623 2882 translated
1647 2853 1725 2883 into
1742 2853 1849 2884 Latin

250 2893 491 2929 Epiyrammata
527 2896 724 2930 paraenetica
761 2894 947 2933 eomposed
981 2896 1017 2924 at
1085 2892 1157 2922 and
1181 2895 1261 2923 sent
1285 2893 1341 2923 for
1365 2893 1491 2924 Fisher
1513 2896 1550 2925 to
1571 2896 1679 2935 read;
1702 2896 1744 2926 cf.
1761 2896 1849 2936 Epp.

252 2933 432 2965 Deventer
483 2937 521 2966 in
571 2937 664 2976 Sept.
715 2935 911 2979 <Mfinster‚
951 2937 1014 2968 Th.
1086 2937 1158 2973 706.
1178 2946 1197 2966 2
1213 2936 1284 2967 aud
1303 2946 1374 2976 713.
1393 2947 1425 2977 3,
1446 2946 1496 2977 19,
1512 2949 1564 2970 20.

249 2977 393 3017 Zwivel,
448 2978 564 3021 1517).
613 2980 676 3011 See
729 2981 928 3021 Reichhng,
984 2984 1017 3012 J.
1132 2980 1180 3010 16.
1209 2980 1388 3021 Priorem]
1404 2981 1469 3012 See
1485 2983 1548 3022 Ep.
1567 2984 1641 3013 660.
1661 2993 1701 3022 23
1717 2993 1751 3015 n.
