2034 3433
298 135 376 173 190
759 132 1010 172 LETTERS
1049 130 1119 169 OF
1157 130 1424 168 ERASMUS
1767 127 1891 181 [1518

787 270 882 310 754.
944 266 1007 308 To
1037 267 1189 307 PETER
1220 265 1401 307 GILLEs.

344 363 535 399 Deventer
553 361 629 396 MS.
650 371 704 405 91,
722 359 747 394 f.
766 368 805 403 71
828 361 877 394 v0.
1518 355 1745 403 <Louvain.>

344 421 417 456 LB.
433 421 527 465 App.
548 421 626 454 226.
1419 412 1474 460 (c.
1492 416 1514 450 6
1531 415 1700 460 January
1722 413 1845 462 1518.)

342 500 498 541 [Clearly
521 500 563 529 in
587 507 761 537 sequence
783 495 873 527 with
898 496 964 535 Ep.
988 504 1050 534 712
1069 495 1141 526 and
1163 496 1246 534 7363
1270 495 1343 525 and
1365 495 1465 535 prior
1487 497 1523 526 to
1546 496 1609 536 Ep.
1631 497 1693 535 763
1718 496 1758 536 (l.
1782 507 1803 536 9
1828 497 1891 535 n.)

296 545 371 575 The
389 544 496 574 letter
514 543 552 573 to
571 541 725 572 Affinius
742 541 780 580 (l.
796 540 834 580 6)
851 549 935 578 may
952 538 1132 570 therefore
1148 539 1191 569 be
1208 538 1397 570 identified
1413 539 1505 570 with
1522 540 1587 579 Ep.
1606 539 1699 580 753.]

729 631 934 661 ERASMVS
963 630 1107 660 PETRO
1137 630 1327 662 AEGIDIO
1357 630 1390 662 S.
1418 632 1460 661 D.

350 717 534 754 AVEBAM
560 714 664 752 scire
685 713 785 763 quid
806 712 960 762 egisses
980 724 1075 750 cum
1096 711 1323 758 aneiseo,
1347 725 1480 762 neque
1507 714 1554 751 tu
1584 712 1806 763 quicquam
1835 725 1895 750 re-

296 781 483 830 spondes.
542 779 697 818 Omnes
727 778 927 828 accipiam
957 776 1250 824 excusationes‚
1282 777 1406 815 modo
1427 791 1478 816 ne
1498 778 1695 816 morbum
1713 791 1892 817 excuses.

297 845 439 884 Nolim
468 845 549 884 tibi
577 847 665 884 tam
691 844 848 882 iustam
878 856 968 882 esse
995 843 1315 888 excusationem,
1335 843 1396 881 mi
1424 843 1560 881 Petre.
1617 843 1812 894 Superest
1831 857 1896 882 ex—

295 914 455 950 tremus
475 912 598 949 actus
614 910 664 948 de
680 923 803 948 cursu
818 908 957 948 fabule
973 908 1109 947 huius.
1162 908 1280 957 Quod
1296 908 1332 946 si
1346 907 1419 946 ille
1434 922 1601 958 prorsus
1616 909 1797 948 frontem
1812 922 1897 959 per-

260 989 276 1018 5
296 976 447 1024 fricuit,
472 990 546 1026 ego
567 976 751 1014 tractabo
771 974 1023 1013 nebulonem
1043 976 1090 1013 vt
1110 974 1261 1025 dignus
1280 976 1354 1013 est.
1411 974 1526 1013 Bene
1545 975 1637 1014 vale
1657 977 1698 1014 et
1719 975 1864 1014 scribe.

351 1043 395 1081 Si
415 1041 530 1091 libet,
551 1042 716 1091 resigna
744 1053 858 1079 meas
886 1040 937 1078 ad
957 1039 1163 1078 Affinium
1191 1040 1352 1078 litteras
1381 1041 1422 1078 et
1451 1053 1618 1078 rursum
1639 1040 1822 1091 obsigna,
1844 1054 1897 1079 ne

297 1107 456 1146 nescias
490 1107 591 1157 quid
618 1106 684 1145 illi
717 1105 964 1156 scripserim.
1024 1105 1141 1153 Quod
1176 1105 1212 1143 si
1244 1105 1415 1155 posthac
1453 1105 1700 1155 ludificatur,
1737 1105 1897 1145 videbis

295 1172 421 1211 aliam
441 1175 610 1223 repente
631 1185 806 1210 scenam.
865 1171 1048 1209 Rursum
1068 1171 1171 1216 vale,
1195 1183 1290 1220 pars
1308 1171 1470 1209 animae
1491 1184 1615 1210 meae.

351 1239 413 1277 De
433 1238 548 1277 Moro
568 1238 654 1276 iam
674 1237 838 1287 pridem
858 1236 963 1274 nihil
985 1235 1118 1274 audio.
1180 1235 1300 1274 Mitte
1320 1235 1509 1286 sigillum
1529 1237 1565 1275 si
1583 1238 1776 1287 paratum
1795 1239 1868 1275 est.

715 1380 810 1419 755.
872 1376 936 1418 To
966 1376 1109 1431 <J0HN
1141 1376 1475 1432 MOLENDINUS>.

342 1471 530 1506 Deventer
547 1469 624 1505 MS.
643 1479 697 1514 91,
718 1468 743 1504 f.
763 1470 816 1513 58.
1539 1467 1764 1514 (Louvain.>

343 1528 416 1563 LB.
435 1529 530 1574 App.
551 1538 631 1571 240.
1459 1525 1514 1571 (c.
1531 1526 1702 1571 January
1722 1525 1844 1572 1518.)

342 1609 464 1650 [From
484 1608 507 1639 l.
527 1618 568 1647 23
592 1607 664 1638 and
684 1607 746 1637 the
770 1605 950 1636 reference
970 1608 1006 1636 to
1030 1605 1106 1637 this
1126 1605 1234 1637 letter
1257 1607 1296 1636 in
1316 1607 1380 1646 Ep.
1401 1606 1475 1645 780.
1497 1616 1569 1645 13‚4
1592 1607 1620 1636 it
1645 1606 1675 1636 is
1701 1605 1796 1636 clear
1816 1607 1897 1637 that

298 1653 440 1684 Leclerc
457 1653 486 1682 is
504 1652 605 1691 right
623 1653 662 1682 in
679 1650 890 1689 addressing
906 1650 980 1680 this
995 1651 1031 1680 to
1047 1649 1144 1680 John
1167 1649 1398 1681 Molendinus
1419 1649 1496 1689 (Ep.
1515 1649 1606 1689 371).
1654 1650 1713 1680 An
1734 1651 1896 1689 approxi-

297 1698 392 1727 mate
409 1695 489 1726 dat-e
506 1705 589 1735 may
605 1695 647 1726 be
663 1694 829 1733 assigned
843 1693 937 1724 from
954 1693 1017 1724 the
1033 1694 1198 1724 mention
1215 1693 1254 1724 of
1273 1694 1335 1724 the
1352 1694 1513 1734 Apology
1528 1694 1668 1733 against
1683 1693 1797 1724 Faber
1815 1693 1893 1734 (Ep.

297 1750 372 1779 597.
390 1749 432 1779 32
444 1740 511 1780 n.),
529 1739 601 1770 and
618 1739 681 1769 the
698 1737 831 1769 arrival
848 1738 887 1768 of
900 1737 990 1767 Pace
1009 1736 1068 1777 (ef.
1085 1737 1150 1777 Ep.
1170 1739 1242 1776 706.
1262 1747 1303 1776 27
1321 1737 1404 1778 n.).]

353 1817 392 1856 S.
413 1817 459 1856 P.
520 1817 574 1855 Et
605 1815 683 1854 tibi
717 1816 898 1854 Paceum
930 1818 971 1854 et
1004 1818 1046 1853 te
1080 1815 1211 1853 Paceo
1249 1815 1408 1865 placere
1446 1828 1695 1866 magnopere
1725 1814 1890 1865 gaudeo.

299 1884 404 1922 Sane
425 1882 631 1921 conuenit
654 1885 699 1920 vt
726 1895 822 1920 cum
849 1881 1078 1919 amicorum
1108 1881 1346 1920 communia
1368 1881 1456 1920 sint
1480 1881 1631 1930 omnia7
1654 1894 1896 1920 communes

298 1948 425 1986 etiam
454 1948 683 1986 habeamus
711 1947 823 1997 ipsos
851 1946 1017 1985 amicos.
1077 1946 1265 1996 Epistola
1300 1960 1425 1996 quam
1454 1960 1528 1997 pro
1557 1960 1625 1985 me
1652 1946 1817 1997 scripsit
1843 1947 1895 1985 ad

299 2013 502 2063 Dorpium
518 2012 619 2051 adeo
634 2012 741 2050 mihi
760 2012 915 2062 placuit
930 2014 976 2050 vt
991 2012 1332 2061 supprimendam
1348 2012 1551 2051 duxerim.
1601 2011 1895 2061 Paraphrasim

261 2093 278 2122 5
298 2077 398 2116 viris
418 2080 506 2116 tam
522 2077 706 2127 probatis
725 2076 891 2128 probari
909 2076 1110 2115 maiorem
1125 2076 1171 2114 in
1191 2077 1364 2115 modum
1379 2077 1535 2127 gaudeo
1552 2091 1561 2124 ;
1590 2079 1713 2126 atque
1733 2076 1895 2115 vtinam

295 2143 342 2181 in
376 2142 583 2182 eiusmodi
620 2143 778 2193 campis
812 2156 879 2180 me
917 2155 1078 2192 semper
1115 2141 1446 2194 exercuisse(m>l
1503 2142 1649 2181 Malim
1678 2145 1895 2182 sexcentas

297 2208 472 2246 scribere
515 2208 792 2258 Paraphrases
822 2221 948 2257 quam
981 2207 1148 2246 vnicam
1178 2209 1514 2258 recognitionem.
1576 2208 1654 2246 Sed
1692 2208 1797 2246 heus
1833 2209 1891 2255 tu,

297 2273 472 2312 candide
504 2273 615 2322 facis,
650 2273 722 2323 qui
751 2273 826 2311 hec
854 2275 1066 2322 vtcunque
1098 2273 1265 2312 conanti
1297 2273 1540 2323 applaudis;
1570 2273 1720 2311 rectius
1752 2275 1893 2312 tamen

298 2339 492 2387 facturus,
515 2339 552 2377 si
581 2338 669 2387 ipse
695 2338 918 2377 descendas
946 2338 991 2376 in
1013 2338 1224 2377 harenam.
1282 2339 1475 2377 Declarat
1500 2341 1573 2377 tua
1596 2338 1668 2376 illa
1686 2339 1895 2388 postrema

241 2419 280 2440 10
297 2405 471 2454 epistola
507 2407 710 2454 quantum
740 2406 923 2455 prestare
958 2416 1107 2453 posses,
1143 2403 1225 2442 nisi
1253 2404 1407 2443 bonam
1436 2404 1502 2442 tui
1534 2405 1693 2453 partem
1723 2402 1894 2452 negocia

298 2471 378 2508 sibi
401 2469 671 2516 vindicarent,
691 2470 802 2508 haud
822 2470 895 2508 illa
915 2469 1084 2518 quidem
1105 2469 1277 2507 omnino
1299 2466 1447 2521 [haud]
1469 2469 1645 2516 sordida,
1661 2468 1730 2506 sed
1750 2469 1891 2507 tamen

297 2549 382 2574 non
402 2535 503 2574 satis
524 2535 651 2584 digna
673 2535 839 2585 ingenio
859 2534 1078 2573 celestibus
1098 2534 1247 2572 studiis
1267 2535 1374 2572 nato.

351 2600 412 2639 De
436 2600 561 2639 Fabri
596 2601 801 2650 Apologia
826 2599 936 2650 quod
963 2601 1004 2637 te
1031 2599 1177 2637 scribis
1202 2598 1482 2649 superioribus
1511 2600 1663 2638 litteris
1689 2599 1893 2649 copiosius

297 2665 396 2715 quid
425 2665 626 2704 iudicares
656 2666 868 2713 indicasse,
901 2665 1004 2704 scito
1033 2677 1100 2702 eas
1129 2663 1233 2701 mihi
1271 2677 1356 2702 non
1395 2677 1482 2702 esse
1516 2664 1710 2703 redditas.
1772 2664 1888 2713 Quod
1946 2699 1950 2702 .

342 2764 413 2795 754.
443 2774 474 2802 4.
499 2774 605 2795 cursu
623 2764 743 2795 fabule
760 2764 869 2794 huius
885 2765 1018 2801 scripsi:
1047 2762 1276 2793 crusabilibus
1292 2765 1359 2794 MS.
1532 2774 1564 2803 9.
1591 2766 1667 2794 LB:
1690 2763 1803 2794 audeo
1818 2765 1886 2793 MS.

299 2807 370 2837 755.
395 2817 424 2838 2.
451 2808 527 2838 sint
543 2810 673 2845 scripsi:
701 2812 786 2838 sunt
803 2809 873 2838 MS.

343 2894 415 2925 754.
441 2906 471 2933 4.
498 2896 617 2926 fabule
642 2895 767 2936 huius]
791 2896 864 2926 The
887 2893 1059 2926 financial
1169 2904 1200 2932 9.
1235 2894 1286 2926 De
1317 2894 1432 2936 More]
1465 2895 1520 2935 By
1554 2905 1591 2933 14
1622 2895 1703 2926 Jan.
1737 2896 1783 2926 he
1814 2895 1887 2926 had

296 2939 515 2969 transaction
539 2940 629 2970 with
657 2939 859 2970 Berckman
886 2937 1059 2979 proposed
1126 2938 1259 2976 heard3
1284 2938 1324 2969 cf.
1343 2939 1406 2978 Ep.
1427 2939 1500 2978 763.
1517 2949 1547 2977 4.

295 2981 334 3010 in
352 2981 438 3020 Epp.
458 2991 529 3021 712,
551 2985 623 3021 736.
1172 2982 1244 3012 755.
1269 2992 1300 3020 3.
1324 2982 1501 3023 Epistola]
1519 2982 1570 3014 Of.
1588 2983 1650 3021 Ep.
1672 2992 1744 3022 732.
1760 2991 1802 3022 53
1818 2991 1854 3013 n.
