2034 3433
294 139 351 177 30
762 137 1012 177 LETTERS
1050 138 1120 177 oF
1157 137 1421 178 ERASMUS
1759 135 1881 191 [1517

352 242 464 282 Scias
491 242 630 281 omnia
657 242 767 292 apud
796 255 874 280 nos
902 254 989 280 esse
1017 240 1267 279 turbulenta.
1325 242 1546 280 Timentur
1573 239 1693 288 bella,
1721 241 1886 280 caristia

296 310 488 347 nostrum
524 307 678 346 inuasit
715 307 861 354 forum,
901 307 1220 355 circumquaque
1256 306 1446 344 miseriae
1482 305 1704 353 calamitas,
1745 319 1885 356 pacem

298 373 431 421 magis
457 386 581 422 quam
606 374 738 410 cetera
761 384 986 420 precamur.
1047 370 1238 408 Ceterum
1257 371 1502 409 commendo
1526 384 1593 409 me
1617 370 1696 409 tibi
1715 383 1886 420 meaque

239 447 284 470 20
300 437 452 485 omnia,
467 450 570 487 quae
589 439 661 475 tuo
680 436 894 486 praesidio,
912 437 953 473 te
970 435 1138 482 fautore,
1155 436 1248 474 tuta
1267 448 1460 486 prospera
1477 449 1639 486 semper
1653 435 1884 485 procedent.

297 502 453 541 Iccirco
473 502 636 540 obsecro
656 515 709 540 ne
727 515 777 539 ex
800 500 894 538 albo
919 499 1113 538 obliteres
1137 501 1220 548 tuo,
1243 499 1431 550 interque
1449 501 1652 539 bonarum
1671 501 1888 540 literarum

297 567 503 605 studiosos
521 579 588 604 me
606 578 901 604 connumeres:
930 564 966 602 si
991 563 1133 603 minus
1159 564 1202 603 id
1229 565 1452 615 contingat,
1474 566 1649 605 sufficiat
1673 579 1726 604 ne
1751 567 1887 604 totum

296 636 370 670 tuo
390 631 610 681 aliquando
630 631 767 669 elabar
785 631 957 680 pectore.

354 696 514 734 Exinde
533 695 735 734 dedissem
761 708 863 744 opus
890 694 1102 744 Rudolphi
1127 693 1347 743 Agricolae
1371 693 1448 733 hoc
1474 695 1637 743 nuncio,
1661 694 1743 734 nisi
1761 708 1887 734 vnam

239 771 281 802 25
300 763 461 811 partem
483 761 528 798 in
551 759 762 799 domicilio
787 773 878 798 meo
903 759 1105 797 mutando
1134 759 1190 798 sic
1216 759 1491 809 seposuissem
1510 762 1557 799 vt
1582 760 1654 799 vbi
1679 761 1887 811 acquiram

299 826 482 864 incertus
500 826 579 864 sim
596 839 606 873 3
633 826 741 863 totas
755 825 904 875 quippe
925 825 1045 863 aedes
1063 824 1345 874 inuestigandi
1364 823 1452 862 eius
1470 824 1600 874 gratia
1618 825 1888 875 perlustraui:

299 890 551 929 acution‘bus
570 890 700 929 oculis
724 890 770 928 in
797 891 1018 940 posterum,
1044 889 1077 927 si
1104 889 1235 928 aliubi
1260 889 1416 938 possim
1443 889 1623 939 reperire
1648 903 1692 928 ac
1717 890 1818 928 olim
1837 890 1889 929 ad

299 957 340 993 te
359 955 443 994 fido
462 955 682 994 tabellione
707 955 888 1003 reddere,
910 955 1149 994 rimaturus.
1209 954 1297 1003 Est,
1321 955 1439 993 crede
1463 955 1581 1004 mihi,
1603 968 1705 1005 opus
1725 954 1889 1004 plaeris-

301 1034 379 1069 que
410 1020 456 1058 in
485 1020 590 1059 locis
620 1021 721 1059 adeo
753 1020 999 1058 mendosum
1028 1023 1074 1059 vt
1106 1020 1296 1070 Aedippo
1329 1033 1632 1070 nonnunquam
1665 1032 1769 1070 opus
1801 1033 1889 1059 esse

243 1097 285 1128 30
302 1085 514 1125 videatur:
556 1087 631 1124 tuo
660 1087 799 1124 tamen
832 1085 970 1124 labore
1002 1086 1125 1135 atque
1157 1084 1324 1135 ingenio
1356 1085 1589 1133 emaculari,
1624 1099 1747 1135 quem
1780 1084 1888 1123 nihil

300 1164 483 1201 vnquam
513 1150 656 1200 fugiat,
690 1164 737 1189 ac
770 1151 938 1189 tandem
975 1150 1021 1189 in
1053 1150 1190 1188 lucem
1228 1150 1425 1200 castigato
1463 1151 1700 1201 castigatius
1737 1150 1890 1200 emergi

299 1216 422 1254 facile
440 1216 631 1254 omnium
649 1229 817 1254 assensu
836 1216 1095 1254 literatorum
1116 1215 1221 1253 mihi
1240 1216 1435 1265 persuasi.
1493 1215 1670 1254 Interim
1689 1215 1791 1254 vale.

356 1281 451 1320 Non
478 1281 612 1331 pigeat
638 1281 860 1331 aliquando
888 1281 972 1319 mei
1000 1281 1240 1319 meminisse
1267 1294 1395 1330 paruo
1422 1281 1617 1330 quopiam
1642 1280 1793 1329 libello,
1817 1280 1890 1331 qui

300 1359 392 1385 meo
411 1348 528 1385 exeat
552 1346 701 1396 praelo.
761 1346 824 1385 De
848 1346 1111 1384 emendatore
1139 1359 1224 1384 non
1249 1346 1307 1385 sis
1333 1346 1561 1396 sollicitus;
1588 1347 1650 1385 est
1672 1346 1777 1385 mihi
1800 1358 1889 1396 pro-

242 1425 283 1456 35
301 1412 407 1450 fecto
426 1412 511 1450 iam
530 1411 823 1462 graecophilos.
883 1412 1043 1450 Iterum
1061 1411 1152 1449 vale
1171 1424 1217 1449 ac
1235 1411 1352 1451 viuas
1372 1410 1484 1451 felix.

354 1477 524 1528 Raptim
542 1477 810 1528 Argentorati
833 1490 876 1514 21
903 1476 1003 1515 Iulii
1020 1477 1147 1515 Anno
1172 1486 1284 1525 1517.

665 1601 763 1642 613.
823 1599 955 1641 FROM
987 1598 1228 1642 NICHoLAs
1259 1601 1530 1644 BARBIRIUS.

349 1692 537 1728 Deventer
554 1691 630 1727 MS.
651 1701 705 1737 91,
722 1691 750 1726 f.
772 1692 840 1727 180
855 1694 908 1727 v0.
1580 1690 1834 1738 Middelburg.

350 1750 424 1786 LB.
439 1750 535 1796 App.
556 1759 633 1796 155.
1572 1760 1618 1793 24
1634 1749 1723 1795 July
1743 1758 1843 1795 1517.

345 1831 644 1873 [Contemporary
659 1831 749 1862 with
766 1831 853 1871 Epp.
871 1832 945 1870 608,
964 1831 1039 1870 621,
1055 1830 1113 1862 &e.

346 1874 518 1906 Nicholas
533 1875 719 1906 Barbirius
730 1884 802 1905 was
813 1884 833 1905 a
842 1875 989 1905 brother
1000 1874 1039 1905 of
1050 1875 1164 1915 Peter,
1181 1874 1252 1905 and
1265 1884 1378 1905 seems
1391 1874 1476 1914 only
1488 1875 1525 1905 to
1535 1874 1578 1904 be
1588 1873 1720 1904 known
1731 1872 1890 1912 through

301 1919 362 1950 his
376 1918 548 1949 relations
565 1918 657 1948 with
675 1919 849 1949 Erasmus
896 1918 970 1948 The
983 1918 1054 1949 fact
1070 1918 1150 1948 that
1167 1918 1211 1948 he
1227 1928 1299 1949 was
1315 1920 1351 1949 at
1365 1917 1594 1957 Middelburg
1607 1917 1731 1948 whilst
1745 1916 1891 1947 Oharles

302 1972 377 1993 was
396 1962 499 1992 there
520 1962 672 2001 waiting
695 1964 730 1992 to
753 1961 819 1992 sail
839 1963 876 1992 to
892 1962 1015 2001 Spain,
1032 1963 1188 2001 suggests
1208 1962 1290 1992 that
1315 1962 1360 1992 he
1384 1971 1466 2000 may
1482 1961 1573 1992 have
1596 1961 1682 1991 held
1697 1970 1794 1991 some
1810 1960 1890 1999 post

303 2005 344 2035 in
369 2006 567 2036 connexion
591 2005 681 2036 with
705 2005 768 2036 the
792 2005 912 2036 Court.
959 2005 1015 2036 He
1037 2014 1109 2035 was
1129 2005 1203 2035 still
1220 2005 1335 2045 living
1349 2006 1388 2036 in
1408 2014 1488 2044 1527
1507 2004 1635 2046 (Lond.
1653 2005 1725 2035 xix.
1744 2004 1797 2043 48,
1814 2002 1884 2035 LB.

301 2049 346 2079 88
386 2072 394 2081 .

350 2047 414 2089 7)]
601 2101 826 2133 NICOLAVS
856 2102 1101 2133 BARBIRIVS
1132 2102 1312 2133 DOMINO
1342 2102 1521 2133 ERASMO
1553 2102 1587 2132 S.

358 2183 613 2222 REVERENDE
631 2196 677 2221 ac
697 2182 1068 2221 obseruandissime
1094 2181 1271 2229 domine,
1294 2182 1417 2221 hodie
1442 2182 1575 2232 recepi
1602 2182 1762 2221 litteras
1785 2183 1889 2220 tuas.

301 2247 442 2286 Etiam
462 2250 557 2286 ante
575 2247 663 2285 dies
683 2247 841 2297 aliquot
866 2260 1098 2297 receperam
1123 2261 1174 2286 ex
1196 2247 1332 2298 fratre,
1356 2248 1505 2298 quibus
1530 2247 1736 2286 indicabat
1757 2260 1799 2286 se
1818 2260 1892 2297 per

302 2313 521 2351 dominum
549 2313 599 2351 de
625 2313 826 2362 Marques,
856 2312 1071 2350 hominem
1100 2312 1177 2350 tibi
1199 2313 1317 2350 credo
1342 2314 1444 2351 satis
1473 2315 1632 2362 notum,
1662 2312 1891 2350 missurum

301 2379 470 2416 centum
489 2378 667 2416 florenos
692 2390 935 2416 communes
960 2379 1047 2415 tam
1070 2391 1145 2427 pro
1168 2377 1367 2427 pensione
1391 2377 1646 2417 Gortracensi
1671 2390 1794 2427 quam
1817 2390 1891 2427 pro

264 2457 285 2488 5
304 2442 503 2492 pensione
530 2443 652 2492 regia.
712 2443 830 2491 Quod
859 2442 1065 2492 reliquum
1091 2444 1189 2490 erat,
1214 2442 1372 2481 curabit
1398 2442 1506 2491 apud
1533 2441 1751 2480 dominum
1768 2442 1814 2480 vt
1842 2441 1891 2479 de

303 2507 378 2545 illo
396 2506 476 2546 tibi
494 2507 594 2545 satis
612 2507 695 2545 fiat.
753 2507 888 2546 Hodie
908 2507 1084 2545 conueni
1103 2507 1360 2556 praedictum
1380 2507 1597 2545 dominum
1618 2505 1666 2544 de
1687 2505 1887 2555 Marques,

304 2572 376 2622 qui
397 2572 500 2610 dixit
523 2585 566 2610 se
592 2572 753 2611 misisse
778 2572 931 2610 dictam
956 2572 1172 2622 pecuniam
1198 2585 1271 2621 per
1297 2573 1546 2622 receptorem
1572 2571 1888 2611 Louaniensem.

303 2639 418 2687 Vale,
440 2639 609 2676 domine
627 2651 788 2688 semper
807 2638 1071 2678 obseruande.

358 2717 409 2741 ex
429 2703 718 2752 Middelburgo
743 2715 791 2750 24
812 2703 913 2741 Iulii
939 2712 1053 2752 1517.

349 2824 424 2854 613.
449 2834 479 2862 3.
504 2823 684 2863 Marques]
699 2822 783 2854 Ant.
795 2822 839 2853 de
849 2823 1062 2862 Metteneye,
1133 2821 1172 2852 in
1190 2821 1263 2852 Oct.
1285 2830 1367 2859 1520
1386 2820 1531 2859 (Henne
1553 2821 1589 2852 ii.
1613 2831 1687 2861 201,
1705 2821 1797 2862 323).
1843 2821 1891 2852 In

306 2865 346 2897 of
365 2867 427 2897 the
451 2867 578 2906 family
595 2867 632 2897 of
646 2867 821 2905 Marques.
870 2866 926 2896 He
947 2875 1020 2897 was
1045 2876 1065 2897 a
1133 2864 1255 2896 March
1283 2874 1362 2903 1515
1387 2864 1433 2895 he
1458 2865 1488 2895 is
1512 2865 1696 2896 described
1720 2875 1758 2896 as
1782 2864 1890 2904 Papal

305 2910 465 2940 member
489 2910 527 2940 of
551 2909 707 2942 Charles’
729 2910 838 2948 Privy
856 2909 1003 2940 Council
1025 2910 1064 2939 in
1132 2909 1393 2949 prothonotary
1410 2908 1589 2947 (Gachard
1606 2909 1642 2939 ii.
1662 2908 1752 2949 529).

304 2952 394 2994 July
412 2962 492 2992 1517
510 2954 567 2995 (cs.
584 2953 647 2994 Ep.
665 2954 739 2985 621.
755 2954 787 2994 6,
808 2953 854 2994 7),
872 2952 943 2984 and
958 2953 1064 2992 again
1177 2961 1207 2992 7.
1231 2951 1466 2993 receptorem]
1483 2952 1643 2993 Adrian3
1663 2952 1725 2992 Ep.
1745 2953 1820 2991 652.
1836 2960 1869 2990 3.
