2034 3433
320 166 411 204 '436
792 162 1043 202 LETTERS
1083 162 1153 201 OF
1191 161 1458 201 ERASMUS
1797 160 1833 212 [1
1843 164 1918 209 518

331 271 484 309 mentis
503 272 590 308 tam
609 267 760 307 validis
780 280 846 304 me
865 266 1085 313 lacessens,
1101 267 1148 304 vt
1163 265 1243 304 tibi
1258 264 1547 315 responderem
1559 265 1579 302 ‘?
1634 263 1712 302 Cui
1727 264 1921 313 epistolae

272 347 311 379 55
331 348 461 386 quum
485 333 763 379 rescriberem,
787 330 932 381 putaui
954 343 1042 368 rem
1069 329 1146 368 tibi
1171 331 1333 381 gratam
1357 343 1425 368 me
1448 329 1667 367 facturum.
1726 328 1834 377 Quid
1860 332 1922 368 est

330 401 442 438 enim
464 400 507 437 in
528 412 574 437 ea
594 411 664 448 per
685 409 867 445 superos,
891 395 1000 444 quod
1021 408 1044 432 a
1062 394 1195 444 perito
1215 397 1254 433 et
1269 396 1389 433 acuto
1404 394 1573 432 homine
1587 393 1922 433 animaduersum

330 478 413 503 non
434 465 477 502 in
498 466 614 502 tuam
634 460 811 511 gloriam
833 473 1046 498 cessurum
1062 459 1150 498 sit‘?
1205 460 1293 509 Ego
1319 461 1367 498 vt
1388 461 1430 497 te
1453 461 1593 497 taxare
1618 458 1830 507 voluerim,
1852 461 1923 498 aut

329 531 523 580 cuiquam
552 527 690 577 potius
721 538 846 575 quam
877 525 1051 563 Erasmo
1074 525 1245 563 fauere?
1300 526 1441 574 Apage
1467 524 1574 562 hanc
1600 537 1623 563 a
1649 537 1716 562 me
1740 523 1922 562 odiosam

329 593 631 644 suspicionem;
675 590 917 641 praesertim
949 603 1044 629 011111
1077 590 1208 629 Faber
1238 591 1287 628 de
1320 590 1397 628 hac
1427 603 1470 628 re
1508 603 1672 628 1110011111
1710 602 1922 639 nunquam

270 665 312 695 60
329 658 558 697 collocutus
585 657 653 705 sit,
677 657 753 695 etsi
779 669 899 705 saepe
927 669 1089 694 mecum
1116 655 1274 694 interea
1297 655 1470 693 locutus.
1529 655 1687 693 Verum
1714 667 1809 692 cum
1836 653 1924 692 eius

330 722 623 773 disputationis
643 721 859 760 victoriam
888 721 1071 759 viderem
1095 721 1337 770 aequissimi
1359 720 1557 770 cuiusque
1585 733 1654 758 ore
1673 719 1733 758 ita
1753 719 1923 758 Erasmo

330 788 469 836 tribui,
501 790 547 826 vt
577 790 717 826 tamen
753 800 849 825 eum
883 786 1065 824 dicerent
1096 787 1202 824 vltra
1235 785 1407 823 modum
1436 786 1498 823 vti
1526 784 1700 823 victoria
1730 784 1920 832 voluisse,

332 867 407 892 1100
435 852 536 892 satis
569 853 634 891 sui
667 854 791 902 atque
823 851 1046 890 aduersarii
1080 851 1285 889 rationem
1317 850 1520 898 habuisse,
1551 850 1666 888 volui
1699 849 1924 900 imaginem

331 919 389 956 rei
418 918 462 956 in
489 917 661 967 epistola
684 917 884 966 effingere,
917 919 1036 966 teque
1066 916 1141 954 1100
1170 915 1338 954 1101111110
1367 917 1408 953 013
1438 915 1639 954 consolari
1667 917 1708 953 et
1735 927 1920 965 purgare,

270 988 311 1029 65
330 983 438 1033 quod
468 983 625 1033 aliquid
656 982 900 1020 humanitus
930 994 1075 1030 passus
1108 993 1228 1029 05505,
1257 981 1292 1019 51
1324 980 1434 1019 vltra
1466 980 1650 1028 modum,
1685 983 1731 1019 vt
1769 980 1828 1025 fit,
1866 980 1924 1018 in·

332 1047 528 1087 caluisses
541 1047 949 1097 concertando—qua
961 1046 1080 1097 culpa
1092 1060 1144 1085 ne
1152 1046 1440 1096 Hieronymus
1447 1045 1613 1096 quidem
1620 1048 1718 1084 tuus
1725 1046 1921 1094 caruit—,

331 1115 452 1163 teque
472 1112 523 1151 ab
543 1126 589 1151 ea
610 1113 808 1151 deducere
822 1112 1017 1161 opinione
1031 1125 1154 1162 quam
1175 1111 1325 1150 habere
1343 1111 1545 1160 videbare,
1565 1113 1605 1149 et
1620 1124 1642 1150 a
1656 1110 1925 1149 meditatione

330 1180 515 1217 auertere
535 1178 776 1216 certaminis
795 1178 1055 1216 instaurandi
1074 1177 1289 1215 literarum
1309 1177 1510 1215 bonarum
1533 1189 1824 1226 sacrarumque
1848 1176 1926 1215 dis-

331 1242 493 1293 pendio.

276 1324 314 1356 70
388 1308 523 1347 Simul
553 1307 657 1346 illud
688 1321 773 1346 non
803 1321 919 1357 nego,
952 1308 1011 1346 ita
1039 1320 1105 1345 me
1139 1306 1271 1345 literis
1304 1306 1389 1345 tuis
1422 1307 1614 1345 delectari
1644 1309 1691 1345 vt
1724 1307 1924 1356 gaudeam

335 1373 480 1411 stilum
519 1375 641 1411 tuum
677 1386 881 1420 exacuere,
912 1373 977 1411 vel
1006 1373 1050 1410 in
1085 1372 1303 1421 meipsum,
1337 1374 1378 1410 et
1408 1371 1580 1410 irritare.
1638 1371 1772 1420 Quare
1801 1373 1923 1410 etiam

333 1439 378 1476 in
398 1438 571 1488 epistola
591 1438 662 1476 illa
677 1438 816 1476 odiosa
829 1438 1018 1476 affectaui
1033 1438 1239 1487 impetum
1257 1437 1454 1476 orationis
1467 1439 1563 1476 tuae
1582 1438 1626 1476 in
1643 1450 1710 1476 me
1722 1439 1925 1484 auertere3

334 1503 496 1542 etiamsi
516 1503 847 1553 indignationem
865 1506 981 1541 tuam
1002 1516 1112 1541 1111110
1132 1503 1356 1552 aegerrime
1374 1503 1465 1551 tuli,
1484 1503 1557 1552 qui
1576 1502 1926 1541 stomachabunde

335 1567 573 1617 epistolium
611 1568 664 1606 ad
694 1581 762 1606 me
794 1568 1006 1618 scripsisti.
1076 1568 1218 1618 Neque
1256 1581 1330 1618 ego
1363 1570 1503 1606 autem
1541 1579 1724 1618 vnquam
1761 1571 1927 1618 propter

276 1647 315 1678 75
334 1632 467 1671 Vllum
497 1635 618 1672 tuum
650 1633 823 1672 verbum
856 1634 1037 1672 offensus
1067 1646 1170 1680 sum,
1205 1633 1313 1683 quod
1344 1633 1394 1671 ad
1433 1646 1500 1671 me
1535 1633 1628 1671 aliis
1664 1633 1708 1672 in
1746 1633 1928 1683 epistolis

335 1698 571 1748 scripseris3
599 1698 763 1737 etiamsi
782 1698 983 1737 nonnulla
1002 1699 1100 1736 sunt
1119 1711 1221 1748 quae
1245 1698 1412 1747 quidam
1437 1698 1519 1736 mei
1543 1698 1665 1736 amici
1688 1698 1926 1748 figuratiora

334 1776 421 1801 esse
449 1765 649 1812 putarunt
679 1777 803 1813 quam
836 1763 1018 1801 amicitia
1046 1765 1186 1801 nostra
1224 1763 1329 1801 ferre
1355 1763 1544 1801 videatur
1571 1765 1643 1802 aut
1672 1765 1743 1802 tua
1771 1763 1927 1803 circun-

334 1828 497 1876 spectio.
556 1828 661 1866 Cum
686 1828 834 1878 quibus
851 1828 937 1878 ipse
956 1828 1187 1878 vsqueadeo
1207 1841 1291 1866 non
1318 1828 1461 1874 sentio,
1485 1830 1529 1866 vt
1559 1828 1684 1867 etiam
1712 1828 1820 1867 nihil
1842 1832 1926 1868 ate

334 1893 513 1931 atrocius
542 1906 594 1931 ne
620 1894 792 1942 posthac
822 1893 991 1943 quidem
1017 1893 1123 1931 mihi
1147 1893 1418 1931 metuendum
1436 1905 1524 1931 esse
1542 1895 1695 1943 putem.
1755 1894 1864 1942 Quin
1885 1897 1926 1932 et

274 1965 318 1995 80
335 1970 358 1995 a
377 1960 418 1995 te
437 1960 483 1996 vt
502 1957 674 1996 homine
692 1957 800 1996 mihi
820 1958 1063 1996 charissimo
1084 1957 1271 1996 concisus
1291 1957 1503 1996 interdum
1526 1958 1665 2007 laetor,
1689 1961 1731 1997 et
1750 1959 1808 1997 ita
1827 1959 1926 1999 scite

336 2022 654 2061 conuerberatus
689 2026 728 2061 et
756 2022 955 2073 apposite,
984 2025 1030 2061 vt
1059 2022 1304 2072 sugillatum
1334 2035 1401 2061 me
1432 2023 1555 2061 amici
1583 2024 1628 2062 in
1657 2024 1813 2063 multos
1841 2024 1927 2064 dies

336 2088 507 2126 rideant.
570 2088 655 2128 Nec
676 2101 815 2127 recuso
838 2088 938 2139 quin
958 2089 1034 2126 hac
1054 2089 1144 2137 lege
1160 2088 1432 2127 offensionem
1450 2088 1574 2126 istam
1590 2089 1696 2127 mihi
1708 2090 1927 2136 condones,

335 2155 379 2191 vt
398 2153 450 2191 ad
476 2154 708 2192 satietatem
734 2154 875 2192 animo
898 2155 972 2192 tuo
999 2154 1199 2203 genioque
1225 2153 1461 2204 obsequaris
1485 2154 1529 2192 in
1556 2154 1687 2193 amico
1714 2155 1928 2205 plectendo

335 2218 692 2257 animaduersione
711 2221 884 2269 vti-oque
904 2221 1094 2258 nostrum
1108 2219 1242 2268 digna.
1303 2219 1444 2269 Neque
1455 2220 1571 2258 enim
1587 2222 1674 2258 tam
1688 2220 1926 2271 religiosum

275 2288 315 2328 85
335 2283 550 2321 doctorum
571 2285 759 2322 omnium
780 2297 867 2322 esse
881 2284 1058 2322 arbitror
1079 2297 1203 2334 quam
1218 2286 1340 2322 tuum
1351 2286 1415 2323 est
1432 2286 1679 2335 tuorumque
1699 2286 1926 2326 amicorum

335 2348 545 2387 iudicium.
608 2349 681 2388 Sin
711 2349 784 2388 illa
809 2351 848 2387 te
872 2349 980 2387 male
1002 2349 1157 2387 habent
1181 2363 1283 2399 quae
1307 2350 1356 2387 de
1380 2349 1616 2389 conditione
1639 2352 1749 2401 regia
1769 2352 1924 2402 scripsi,

336 2412 528 2451 videlicet
548 2414 657 2463 quod
678 2414 721 2452 in
740 2428 783 2452 re
811 2415 915 2452 seria
940 2414 1111 2452 illudere
1138 2414 1217 2452 tibi
1243 2414 1396 2462 videar,
1416 2428 1490 2464 ego
1509 2417 1628 2464 certe,
1652 2417 1759 2466 quod
1781 2417 1831 2455 ad
1851 2417 1928 2456 hoc

336 2477 495 2525 attinet,
520 2491 604 2516 non
631 2478 708 2517 tibi
734 2479 909 2518 illudere
929 2478 999 2517 sed
1020 2478 1125 2517 mihi
1144 2479 1232 2528 ipse
1251 2479 1407 2519 videor.
1463 2481 1605 2531 Tuque
1624 2481 1702 2520 hoc
1716 2482 1927 2532 intelligas

338 2542 477 2590 velim,
500 2544 661 2582 tantam
689 2546 779 2582 tum
809 2545 859 2582 de
887 2546 927 2582 te
954 2543 1192 2593 opinionem
1220 2545 1328 2593 apud
1358 2544 1494 2583 aulam
1522 2545 1761 2585 interiorem
1784 2547 1926 2594 fuisse,

278 2623 324 2654 90
339 2609 385 2645 vt
414 2620 510 2646 cum
539 2611 629 2646 orta
657 2611 763 2647 esset
793 2609 864 2647 illa
895 2609 1081 2658 suspicio,
1106 2611 1147 2647 te
1170 2609 1261 2648 ideo
1288 2610 1567 2649 conditionem
1591 2612 1742 2661 regiam
1766 2614 1926 2651 cuncta-

383 2737 435 2764 71.
467 2728 502 2757 et
526 2737 585 2758 om.
611 2730 651 2758 H.
821 2738 869 2767 79.
903 2727 1048 2767 quidem
1074 2728 1165 2758 mihi
1190 2731 1239 2758 E:
1270 2729 1363 2760 mihi
1387 2729 1533 2768 quidem
1558 2733 1597 2762 N.
1744 2733 1779 2762 et
1802 2742 1859 2763 om.
1882 2734 1921 2763 N.
1967 2742 1970 2744 ·

338 2770 390 2799 88.
415 2770 538 2809 Tuque
555 2773 604 2801 E:
627 2771 677 2802 Tu
695 2781 834 2811 quoque
851 2774 894 2802 H.

386 2889 435 2916 74.
462 2880 683 2922 epistolium]
702 2881 763 2920 Ep.
782 2881 856 2920 869.
1166 2881 1255 2911 time
1270 2892 1278 2920 3
1295 2881 1337 2913 of.
1357 2881 1420 2922 Ep.
1434 2893 1508 2923 932.
1523 2885 1620 2922 56-8.
1658 2884 1762 2915 From
1775 2885 1838 2925 Ep.
1850 2887 1923 2925 926.

383 2932 434 2960 90.
456 2923 698 2955 conditionem
714 2924 866 2966 regiam]
884 2924 946 2964 Ep.
958 2925 1034 2964 961.
1046 2925 1103 2963 5,6
1167 2925 1253 2954 26-ss
1270 2925 1299 2954 it
1315 2935 1461 2965 appears
1476 2926 1557 2958 that
1572 2929 1602 2958 it
1618 2938 1691 2959 was
1706 2928 1925 2967 confidently

342 2965 458 2995 shows
471 2966 550 2997 that
563 2967 624 2998 the
637 2968 818 3007 proposals
830 2968 922 2998 from
933 2967 1102 2998 FranciSI
1167 2968 1283 3007 hoped
1304 2969 1344 2999 in
1366 2969 1500 3002 France
1521 2971 1602 3003 that
1622 2971 1790 3003 Erasmus
1805 2971 1923 3002 would

342 3008 413 3038 had
431 3009 517 3039 been
534 3009 721 3051 definitely
732 3012 894 3042 renewed
908 3011 1015 3042 about
1026 3011 1101 3042 this
1165 3014 1297 3050 accept.
