2034 3433
94 195 118 231 6
129 205 142 229 1
152 189 194 244 9]
573 191 726 231 FROM
765 191 1024 231 RICHARD
1062 190 1209 229 PACE
1633 190 1679 228 41

95 308 241 347 volunt
259 310 300 349 et
319 309 530 360 praestant
550 321 652 358 quae
678 307 934 358 pollicentur,
959 307 1025 345 cui
1051 307 1114 345 est
1141 305 1393 344 contrarium
1420 305 1553 343 conari
1575 304 1682 353 apud

96 374 278 414 Latinos.
337 374 483 424 Itaque
519 373 650 424 magis
682 373 812 424 probo
846 376 967 412 tuum
997 374 1164 422 ayyressz·
1195 385 1318 422 quam
1354 371 1524 409 alterius
1560 370 1684 408 inter·

95 436 225 489 Pretis
253 440 379 480 conati
405 439 482 478 hoc
512 439 624 487 loco;
664 452 749 477 non
778 438 913 477 solum
944 440 1110 488 propter
1136 437 1253 475 verbi
1285 436 1580 486 proprietatem
1612 434 1683 473 sed

95 504 222 544 etiam
256 506 422 556 propter
451 504 584 555 ipsam
618 503 880 543 sententiam.
941 503 1035 542 Non
1073 501 1187 541 enim
1219 501 1326 540 mihi
1355 501 1520 540 videtur
1552 500 1685 538 Lucas

94 572 235 610 notare
259 571 409 621 prioris
436 571 580 610 aetatis
606 570 836 621 scriptores,
859 571 1058 620 tanquam
1084 580 1231 618 parum
1258 567 1505 617 diligentes;
1533 566 1684 617 quippe

95 648 198 685 quos
215 636 370 675 fatetur
388 637 600 687 scripsisse
625 635 896 674 referentibus
920 635 1006 673 illis
1025 634 1096 684 qui
1115 633 1393 672 interfuerunt
1413 632 1532 670 rebus
1557 630 1685 681 gestis

92 704 135 740 et
154 701 358 752 viderunt,
379 716 402 741 a
423 703 573 753 quibus
598 702 697 741 solis
717 703 758 740 et
778 698 855 753 [et]
876 714 958 739 non
985 701 1077 739 aliis
1096 700 1249 739 veritas
1273 699 1488 737 scribenda
1505 696 1685 747 intelligi

93 770 240 817 potest.
296 769 384 820 Ego
414 770 462 808 de
490 768 562 807 illo
591 769 707 820 λόγου
736 767 844 818 quod
876 767 1071 816 sequitur,
1103 765 1225 815 longe
1257 765 1390 815 magis
1424 763 1593 812 dubito3
1633 762 1683 801 ad

95 832 363 872 Christumne
390 833 651 872 referendum
678 833 742 881 sit,
763 835 811 872 vt
830 831 948 871 Valla
974 831 1099 869 sentit
1118 831 1257 880 (quem
1275 831 1322 868 tu
1342 828 1529 868 cauillari
1551 828 1680 877 dicis),

94 910 147 936 an
161 897 213 937 ad
229 912 293 937 res
312 901 458 949 gestas.
508 899 615 938 Nam
631 898 666 937 si
680 898 731 936 ad
747 910 813 936 res
830 899 965 946 gestas
980 896 1111 935 Lucas
1129 896 1278 934 referre
1292 895 1499 944 voluisset,
1518 893 1685 933 deberet

94 963 231 1012 potius
249 965 311 1003 vti
339 977 514 1003 numero
539 963 690 1014 plurali
709 975 831 1013 quam
860 961 1069 1010 singulari,
1097 974 1189 999 meo
1212 960 1380 1010 quidem
1404 959 1569 1008 iudicio,
1592 959 1684 998 ideo

95 1029 204 1078 quod
224 1029 283 1068 sic
302 1030 436 1080 magis
457 1030 608 1069 Graece
632 1027 778 1067 fuisset
797 1027 969 1066 locutus.
1028 1027 1245 1065 Praeterea
1271 1038 1355 1064 non
1374 1025 1493 1064 video
1519 1038 1591 1063 cur
1615 1023 1684 1062 hic

94 1092 207 1132 locus
226 1107 312 1133 non
329 1095 459 1144 possit
479 1093 691 1133 commode
711 1092 769 1131 sic
783 1092 914 1131 verti:
947 1090 1100 1130 ‘Sicuti
1119 1090 1379 1129 tradiderunt
1398 1089 1520 1128 nobis
1538 1089 1599 1127 hii
1613 1089 1684 1139 qui

96 1158 310 1198 Christum
327 1159 520 1199 viderunt
540 1159 659 1210 eique
677 1157 998 1197 ministrarunt?
1044 1156 1123 1195 Sed
1144 1156 1256 1194 istud
1276 1155 1355 1194 tibi
1375 1154 1683 1194 discutiendum

91 1224 334 1275 diligentius
352 1225 551 1275 relinquo.

147 1289 227 1329 Sed
246 1290 349 1329 heus
363 1292 421 1338 tu,
438 1290 650 1339 Richarde,
668 1289 828 1328 retrahe
847 1287 1064 1327 calamum.
1111 1286 1304 1325 Sentisne
1319 1287 1519 1336 quantum
1534 1285 1683 1324 deliras

94 1357 377 1405 quantumque
409 1355 566 1394 bellum
599 1355 676 1394 tibi
706 1355 923 1404 paraturus
954 1365 1007 1400 es,
1038 1353 1083 1391 vt
1113 1351 1183 1402 qui
1212 1350 1436 1389 imbecillis
1465 1350 1683 1389 homuntio

93 1420 198 1459 duos
223 1420 382 1459 conaris
406 1420 716 1460 robustissimos
737 1432 957 1470 prouocare
980 1418 1025 1456 in
1051 1419 1257 1456 certamen
1277 1415 1512 1455 Hercules?
1567 1416 1684 1455 Bona

92 1484 227 1534 verba,
261 1498 395 1535 queso.
456 1485 679 1524 Neminem
706 1497 894 1535 prOUOCO,
928 1483 1139 1522 neminem
1176 1482 1375 1532 improbo,
1408 1494 1500 1520 meo
1529 1482 1684 1519 memet

92 1549 242 1589 metior
267 1550 394 1600 pede;
423 1551 552 1589 amice
577 1549 722 1590 amicis
747 1562 884 1589 meam
910 1549 999 1587 dico
1019 1547 1278 1596 sententiam,
1301 1548 1347 1586 vt
1366 1546 1506 1594 amice,
1531 1546 1565 1584 si
1585 1546 1682 1596 quid

93 1628 195 1665 erro,
217 1616 405 1666 corrigar.
465 1616 579 1655 Vale.

145 1681 209 1720 Ex
229 1681 469 1721 Constantia
489 1682 530 1720 ix
549 1681 652 1720 Idus
670 1682 776 1731 Aug.

149 1746 244 1785 Non
273 1747 391 1796 potui
419 1760 492 1797 per
522 1746 686 1797 negotia
714 1758 843 1784 manu
874 1758 966 1783 mea
995 1744 1040 1782 in
1079 1743 1309 1794 praesentia
1339 1742 1389 1780 ad
1419 1744 1460 1781 te
1492 1741 1678 1780 scribere.

96 1812 272 1861 Ignosce
285 1811 413 1862 igitur
426 1812 599 1851 dictanti
609 1814 651 1850 et
666 1811 861 1862 epistolae
876 1809 984 1848 male
1000 1808 1174 1859 scriptae
1191 1823 1200 1856 ;
1229 1807 1337 1846 male
1352 1809 1492 1846 autem
1507 1806 1684 1857 scriptae

93 1890 177 1915 non
197 1876 321 1915 modo
341 1877 391 1916 ad
411 1889 584 1916 manum
604 1878 645 1915 et
665 1906 674 1916 .
697 1906 705 1914 .
730 1906 738 1915 .

486 1996 639 2036 5ὓ9620.
700 1994 764 2036 ΤΟ
795 1994 1052 2036 GERMANUS
1085 1993 1295 2035 Bmxms.

141 2079 304 2126 Farrago
322 2093 357 2126 p.
376 2082 431 2116 61.
1362 2077 1541 2112 Louvain.

141 2138 180 2173 F.
201 2150 236 2183 p.
257 2139 348 2174 228:
376 2138 468 2175 HN:
496 2137 610 2174 Lond.
629 2138 677 2174 iv.
699 2149 739 2183 9:
766 2138 838 2174 LB.
853 2147 930 2183 359.
1268 2135 1322 2181 (c.
1340 2135 1486 2181 August
1507 2134 1632 2180 1517.)

138 2223 206 2265 [As
228 2223 319 2254 with
344 2223 407 2263 Ep.
436 2226 510 2264 605,
537 2234 584 2255 no
606 2225 741 2264 precise
765 2225 847 2255 date
871 2224 902 2254 is
926 2223 1102 2263 possible:
1127 2223 1190 2253 but
1218 2222 1280 2252 the
1307 2230 1446 2252 answer
1470 2223 1507 2252 to
1529 2221 1592 2261 Ep.
1618 2222 1684 2260 569

95 2268 225 2298 cannot
255 2267 346 2297 have
372 2267 462 2298 been
489 2268 573 2306 long
597 2267 758 2307 delayed.
805 2268 842 2298 It
869 2266 988 2306 falled,
1019 2266 1197 2305 however,
1222 2267 1259 2296 to
1287 2264 1394 2295 reach
1420 2265 1587 2302 Brixius3
1610 2264 1682 2296 and

95 2310 142 2341 he
168 2310 231 2340 did
255 2312 319 2341 not
346 2320 403 2341 see
428 2311 460 2341 it
484 2311 580 2341 until
608 2311 671 2342 the
693 2319 909 2350 appearance
933 2310 971 2340 of
991 2310 1019 2340 E
1044 2310 1083 2339 in
1111 2309 1174 2339 the
1194 2310 1346 2339 autumn
1369 2307 1407 2338 of
1429 2317 1520 2347 1519.
1568 2308 1625 2339 He
1646 2310 1683 2339 at

97 2364 183 2385 once
206 2356 319 2384 wrote
343 2363 363 2384 a
386 2354 469 2394 long
489 2354 681 2394 rejoinder,
706 2354 779 2384 and
800 2353 988 2393 appended
1008 2353 1047 2392 it,
1072 2352 1162 2382 with
1186 2352 1261 2382 this
1286 2351 1402 2390 letter,
1426 2352 1462 2381 to
1484 2351 1542 2382 his
1564 2360 1679 2392 poem,

95 2400 279 2429 Antimorus
304 2397 367 2439 (a),
393 2398 515 2428 which
543 2408 614 2428 was
640 2397 731 2428 then
754 2398 792 2427 in
821 2397 882 2427 the
907 2406 1029 2436 press3
1061 2395 1188 2435 asking
1213 2396 1250 2425 at
1275 2395 1336 2425 the
1363 2403 1459 2425 same
1485 2395 1572 2425 time
1602 2395 1683 2426 that

95 2441 126 2472 it
141 2440 271 2472 should
286 2441 328 2471 be
344 2441 489 2480 printed
505 2441 596 2472 after
610 2441 686 2472 this
701 2441 808 2472 letter
823 2441 862 2470 in
878 2440 1000 2471 future
1017 2439 1171 2470 editions
1181 2439 1219 2468 of
1233 2437 1584 2475 Erasmus'Epistolae.
1609 2438 1682 2470 But

95 2484 275 2524 Erasmus,
304 2484 498 2515 distressed
525 2487 562 2516 at
590 2485 653 2516 the
680 2484 883 2515 dissension
913 2484 1069 2514 between
1096 2482 1154 2513 his
1184 2481 1333 2520 friendS,
1362 2482 1509 2521 printed
1538 2482 1683 2513 neither

96 2528 252 2559 Brixius'
268 2528 450 2568 rejoinder
465 2538 531 2560 nor
550 2538 571 2559 a
589 2528 697 2559 letter
715 2528 807 2559 from
825 2527 921 2558 More
944 2528 980 2557 to
1001 2525 1151 2557 himself
1168 2525 1334 2565 replying
1355 2527 1392 2556 to
1408 2526 1471 2557 the
1486 2528 1680 2558 Antimorus.

95 2571 170 2602 The
186 2572 346 2603 variants
362 2572 402 2602 in
417 2584 438 2602 α
455 2571 513 2611 (f0.
534 2572 568 2614 Ι)
585 2582 643 2603 are
659 2571 798 2611 merely
814 2571 929 2611 lapses
942 2570 980 2600 in
998 2569 1202 2609 reprinting
1217 2569 1279 2600 the
1295 2571 1371 2600 text
1386 2569 1424 2600 of
1436 2568 1495 2610 Ε.]

323 2666 528 2697 ERASMVS
559 2666 891 2697 ROTERODAMVS
922 2665 1137 2696 GERMANO
1167 2664 1325 2695 BRIXIO
1356 2665 1388 2694 S.
1413 2665 1454 2696 D.

150 2752 357 2791 EPISTOLA
384 2754 466 2802 tua,
492 2753 552 2791 mi
580 2752 710 2800 Brixi,
734 2765 818 2790 non
848 2750 1081 2801 simplicem
1109 2749 1214 2787 mihi
1241 2749 1499 2799 voluptatem
1526 2749 1679 2788 attulit.

99 2817 208 2856 Nam
244 2816 429 2867 primum
467 2817 734 2856 suauissimae
773 2815 1083 2855 consuetudinis
1125 2827 1227 2864 quae
1269 2814 1375 2852 mihi
1418 2815 1555 2852 tecum
1599 2814 1682 2852 fuit

95 2881 306 2930 Venetiae,
326 2894 422 2920 mox
447 2882 620 2930 Patauii,
643 2881 889 2920 memoriam
915 2879 1018 2919 mihi
1046 2892 1194 2929 magna
1219 2892 1312 2918 cum
1331 2878 1541 2929 voluptate
1565 2892 1681 2918 reno-

412 2969 487 3000 619.
517 2979 586 3008 114.
610 2971 656 3004 B:
679 2970 856 3008 interpres
870 2979 902 2997 α.
1038 2967 1107 2997 116.
1131 2968 1177 3001 B:
1200 2966 1312 2998 Lucae
1329 2977 1359 2997 α.

142 3044 215 3075 619.
244 3054 314 3083 132.
340 3044 483 3085 metior]
501 3044 552 3076 Cf.
571 3046 655 3077 Hor.
673 3047 730 3082 Ep.
753 3054 780 3076 1.
798 3055 827 3083 7.
844 3045 896 3084 98.
1043 3043 1116 3074 620.
1140 3053 1171 3082 3.
1197 3042 1352 3083 Patauii]
1371 3042 1422 3073 Cf.
1440 3042 1502 3082 Ep.
1523 3051 1594 3072 212.
1618 3052 1643 3072 1.

1708 445 1765 477 ¹15

1707 772 1767 795 120

1706 1100 1764 1133 125

1705 1427 1765 1458 130

1705 1754 1762 1786 135
