2034 3433
75 208 172 261 9⁷7]
513 207 665 246 FROM
704 209 932 247 GASPAR
970 208 1114 248 sCHA
1123 209 1230 247 LBE
1586 212 1665 249 003

71 313 113 349 et
151 311 316 350 molesti
350 310 511 349 itineris
543 312 710 349 tantum
748 310 863 350 abest
885 313 930 350 vt
965 326 1041 350 nos
1079 313 1339 362 poenituerit,
1363 315 1409 352 vt-
1443 314 1486 352 in
1520 314 1665 352 itinere

71 376 204 415 adhuc
232 376 379 415 incerti
404 376 476 414 vbi
495 376 664 414 vnicum
695 377 966 426 margaritum
998 378 1222 417 Christiani
1255 379 1366 417 orbis
1395 378 1663 418 delitesceres.
1686 397 1702 425 5

71 444 211 480 sancte
230 441 587 480 coniurauerimus
608 442 648 479 te
669 444 856 480 extrema
877 442 1001 480 India
1021 446 1061 481 et
1082 444 1231 482 vltima
1258 444 1392 494 Thyle
1419 458 1494 483 nos
1514 445 1665 494 quaesi-

72 508 197 555 turos,
230 508 384 545 nedum
431 506 476 544 in
524 506 750 544 Brabantia
794 510 864 545 aut
914 508 1059 545 Gallia.
1120 509 1275 547 Desine
1317 510 1379 548 tui
1427 512 1664 560 contemptu

73 571 268 620 laborare,
310 575 356 609 vt
395 574 538 610 contra
584 585 729 610 omnes
778 572 841 609 illi
879 572 1136 611 Aristotelici
1183 574 1365 623 theologi
1402 575 1665 625 superciliosa

72 638 260 687 φιλαυτίᾳ.
320 637 365 674 Si
384 639 430 674 tu
452 638 491 675 te
511 650 560 674 ex
584 650 629 675 ea
654 640 769 686 parte
796 637 931 676 nescis
951 651 1075 688 quam
1096 638 1153 676 sis
1173 652 1372 688 magnum
1394 640 1518 679 huius
1536 641 1665 679 seculi

71 702 122 740 ab
140 701 231 751 ipso
250 701 416 740 Christo
436 702 556 740 nobis
576 702 720 740 datum
741 715 905 750 munus,
921 715 994 751 ego
1015 706 1056 740 te
1076 703 1120 740 in
1136 703 1216 742 isto
1229 705 1462 743 studiorum
1480 718 1665 744 meorum

71 767 239 805 silentio
258 767 371 805 domi
390 780 555 805 mecum
579 780 626 805 ex
649 767 842 816 operibus
862 767 946 805 tuis
971 768 1119 806 didici:
1140 771 1182 806 at
1207 781 1317 807 nunc
1344 783 1393 807 ex
1415 770 1524 808 viuis
1544 771 1666 808 vulti-

73 833 159 877 bus,
183 845 233 870 ex
267 845 460 870 sermone
493 834 580 870 tam
614 832 704 870 sine
730 832 992 870 affectatione
1020 846 1214 880 zaccareo,
1239 836 1325 872 tam
1353 835 1515 873 mellito
1544 836 1664 885 (quod

72 897 297 945 miraberis,
322 897 508 946 Erasme)
534 898 783 935 tantundem
812 911 916 947 pene
946 898 1106 935 fructus
1135 901 1340 948 quantum
1368 900 1473 938 alius
1499 902 1591 950 quis
1616 915 1664 939 ex

72 962 210 1012 aliquo
228 962 431 1000 librorum
450 964 618 1000 tuorum
638 963 777 1012 possit,
801 963 932 1001 hausi.
995 963 1089 1001 Non
1109 963 1188 1001 tibi
1208 964 1437 1014 ingererem
1460 966 1535 1003 has
1555 980 1666 1005 meas

74 1027 261 1077 ineptias,
284 1028 367 1066 nisi
387 1041 471 1066 non
492 1028 634 1066 minus
653 1029 844 1067 ardenter
863 1042 987 1078 quam
1007 1042 1144 1067 comes
1163 1042 1284 1067 meus
1305 1030 1429 1069 Ionas
1448 1032 1665 1081 epistolam

1689 720 1726 740 10

72 1095 189 1131 tuam
225 1093 376 1131 habere
408 1095 607 1143 optarem.
666 1093 910 1143 Dispeream
944 1094 1058 1132 enim
1093 1094 1128 1131 si
1161 1108 1184 1132 a
1217 1097 1269 1134 te.
1292 1095 1415 1134 etiam
1448 1096 1482 1135 si
1522 1097 1665 1135 baculo
1700 1111 1702 1113 >

72 1158 246 1197 mineris
278 1158 451 1208 abigere,
474 1159 601 1197 auelli
636 1159 851 1208 possimus,
876 1159 958 1196 nisi
992 1159 1217 1197 habeamus
1249 1161 1358 1208 quod
1391 1164 1432 1198 te
1467 1161 1588 1199 nobis
1622 1162 1665 1200 in

73 1224 221 1262 itinere
263 1224 358 1272 iam,
383 1227 423 1263 et
471 1225 652 1262 maxime
697 1227 798 1263 tunc
845 1238 940 1262 cum
985 1224 1030 1262 in
1074 1224 1199 1262 istam
1234 1225 1361 1264 nimis
1395 1226 1665 1277 longinquam

72 1289 283 1339 regionem
320 1292 507 1328 nostram
546 1290 804 1335 redierimus,
844 1291 1102 1340 praesentem
1151 1290 1311 1329 referat.
1371 1291 1478 1339 Quid
1522 1292 1667 1331 multis

72 1354 208 1393 verbis
227 1355 295 1393 hic
315 1356 515 1405 explicem
542 1356 686 1405 quanti
712 1356 818 1394 hanc
843 1355 1139 1406 profectionem
1168 1358 1354 1394 nostram
1374 1356 1520 1394 faciam
1535 1358 1554 1395 ‘?
1610 1358 1665 1396 Vt
1688 1374 1701 1394 2

72 1433 138 1458 me
159 1420 273 1459 Deus
291 1420 396 1459 bene
415 1423 536 1468 amet,
553 1421 709 1460 nollem
728 1434 817 1460 eam
838 1421 946 1459 mihi
966 1421 1106 1459 decem
1127 1420 1310 1459 Pactolis
1324 1423 1396 1459 aut
1415 1422 1558 1460 solidis
1577 1424 1666 1461 auri

74 1485 287 1524 montibus
315 1488 621 1525 commutatam.
682 1487 795 1535 Vale,
818 1499 967 1536 magne
998 1486 1178 1534 Erasme,
1202 1488 1243 1524 et
1274 1486 1443 1536 dignare
1467 1488 1586 1526 nobis
1607 1487 1665 1537 (vt

73 1550 144 1588 diu
164 1550 288 1589 etiam
308 1552 589 1601 expectandus
608 1551 678 1602 sis)
699 1551 834 1590 solum
855 1551 1088 1589 rescribere.
1150 1552 1311 1589 Iterum
1330 1551 1431 1591 vale.

127 1616 359 1663 Bruxellae,
382 1630 405 1655 a
426 1619 522 1655 nato
543 1617 737 1655 Cnmsro.
762 1619 886 1655 Amo
906 1629 1083 1655 M.D.xlx.
1107 1617 1264 1665 Quinto
1285 1617 1424 1656 Galen.
1449 1617 1604 1656 Iunias.

481 1753 578 1791 978.
638 1748 701 1789 To
734 1748 921 1789 GEORGE
953 1747 1254 1789 SPALATINL‘S.

123 1824 286 1870 Farrago
305 1835 340 1869 p.
364 1834 439 1869 125.
1395 1822 1574 1857 Louvain.

123 1882 159 1918 F.
179 1895 214 1928 p.
233 1883 321 1926 278:
348 1882 439 1918 HN:
467 1881 583 1917 Lond.
602 1893 630 1917 v.
652 1891 718 1927 35:
745 1881 818 1915 LB.
838 1890 918 1925 425.
1347 1891 1392 1925 29
1411 1880 1499 1926 May
1520 1892 1619 1926 1519.

576 1962 872 2003 [Contemporary
888 1961 979 1992 with
998 1961 1059 2001 Ep.
1076 1961 1166 2001 979.]

119 2059 285 2089 EXIMIO
315 2058 554 2089 THEOLOGO
586 2059 782 2088 GEORGIO
815 2057 1075 2098 SPALATIN'O,
1102 2056 1371 2086 ILLVSTRISS.
1399 2057 1626 2087 SAXONIAE

305 2127 438 2158 DVCIS
470 2127 499 2156 A
531 2127 701 2165 SACRIS5
726 2126 933 2156 ERASMVS
965 2125 1299 2156 ROTERODAMVS
1331 2126 1366 2156 S.
1394 2125 1437 2155 D.

129 2208 242 2246 Mun
262 2221 361 2247 vero
382 2207 486 2245 nihil
506 2207 706 2245 hactenus
726 2205 800 2244 abs
818 2208 857 2244 te
876 2206 1085 2244 redditum
1112 2208 1173 2244 est
1200 2205 1427 2251 literarum,
1450 2218 1580 2255 neque
1599 2208 1670 2244 tuo

76 2287 209 2324 neque
245 2273 520 2311 illustrissimi
558 2272 686 2309 Ducis
724 2271 902 2317 nomine,
945 2284 1072 2320 eoque
1101 2278 1121 2310 †
1147 2270 1350 2308 nonnulla
1389 2270 1433 2308 ni
1471 2270 1669 2310 delictum

77 2339 234 2377 fuisset.
292 2338 420 2377 Vides
449 2339 604 2387 quanto
633 2336 817 2374 locorum
845 2335 1067 2374 interuallo
1093 2335 1351 2382 dirimamur,
1373 2337 1424 2383 et,
1450 2349 1535 2373 non
1555 2349 1670 2374 secus

77 2405 200 2454 atque
237 2403 281 2441 in
318 2403 438 2449 bello,
476 2402 608 2440 literis
651 2401 960 2450 intercipiendis
999 2400 1233 2450 aduigilant
1272 2400 1411 2438 hostes
1451 2400 1668 2439 meliorum

77 2469 334 2507 studiorum:
364 2481 443 2518 quo
464 2467 599 2516 magis
625 2465 857 2504 cauendum
885 2479 937 2504 ne
964 2466 1097 2504 cuiuis
1124 2465 1441 2503 committantur
1462 2465 1666 2515 epistolae.
1688 2482 1705 2513 5

79 2533 374 2572 Gratissimum
414 2532 520 2570 mihi
565 2531 645 2569 fuit
693 2530 899 2569 nomisma
938 2531 1086 2580 optimi
1124 2531 1250 2569 Ducis
1298 2530 1525 2580 imaginem
1563 2530 1669 2569 mihi

79 2600 258 2637 referens
294 2597 414 2636 viuae
451 2597 725 2635 simillimam.
787 2595 924 2634 Huius
969 2596 1187 2646 epistolam
1226 2595 1366 2633 videre
1404 2595 1669 2645 desyderabat

123 2703 197 2733 977.
233 2712 262 2741 9.
300 2703 341 2732 tu
371 2703 406 2731 te
433 2704 480 2731 F:
519 2702 570 2739 tu,
599 2701 635 2730 te
667 2701 715 2729 E:
757 2701 871 2730 ‘etum
1032 2708 1079 2736 17.
1115 2698 1217 2728 nobis
1248 2696 1343 2727 EN2:
1382 2697 1420 2726 in
1453 2697 1558 2727 nobis
1584 2695 1665 2727 N13.

80 2747 154 2778 978.
178 2756 208 2776 2.
243 2748 310 2775 Post
331 2754 439 2783 eoque
461 2746 582 2774 videtur
604 2745 700 2774 deesse
723 2744 854 2782 aliquid,
871 2744 1006 2778 sut-lasse
1027 2751 1128 2772 versus
1152 2744 1285 2778 inteqer:
1317 2739 1535 2782 ¹?<nonnihil
1559 2740 1668 2771 timeo

80 2800 126 2821 ne
141 2790 319 2830 perierint
336 2797 459 2818 omnes
474 2798 481 2817 ε
503 2797 547 2818 ex
563 2787 691 2825 quibus
707 2786 915 2816 aduenisset
931 2784 1049 2827 certe)
1067 2783 1254 2823 nonnulla,

124 2891 197 2924 978.
226 2900 253 2921 1.
279 2888 375 2919 nihil
391 2886 578 2927 haetenus]
600 2886 688 2916 This
708 2888 839 2916 cannot
908 2885 1065 2922 livered3
1102 2884 1145 2914 cf.
1179 2884 1243 2923 Ep.
1275 2891 1336 2922 501
1367 2882 1499 2913 introd.
1553 2882 1604 2912 As
1633 2883 1670 2912 to

82 2934 174 2965 refer
201 2935 237 2964 to
264 2933 328 2962 the
351 2931 460 2961 letter
484 2929 637 2969 brought
661 2930 710 2969 by
733 2929 841 2960 Jonas
907 2929 1013 2958 when
1053 2928 1115 2966 Ep.
1153 2928 1217 2966 963
1257 2926 1399 2957 arrived
1438 2926 1456 2956 I
1495 2926 1585 2956 have
1622 2934 1668 2955 110

85 2978 162 3017 ·'Ep.
176 2978 248 3016 963.
269 2986 282 3006 1
302 2975 369 3016 n.)‚
383 2976 447 3005 but
463 2972 634 3014 probably
649 2982 806 3003 answers
822 2982 841 3002 a
907 2972 1086 3002 evidence.

83 3030 238 3059 message
259 3021 340 3049 sent
360 3019 406 3057 by
421 3018 511 3056 him,
529 3017 713 3056 inquiring
734 3016 841 3047 about
951 3016 982 3045 6.
1010 3013 1201 3054 nomisma]
1219 3013 1270 3045 Cf.
1289 3012 1350 3052 Ep.
1370 3013 1443 3051 872.
1459 3013 1501 3042 26
1517 3023 1551 3044 n.

84 3066 146 3105 Ep.
167 3073 238 3103 711,
265 3061 383 3093 which
406 3060 478 3092 had
502 3062 564 3092 not
587 3062 646 3099 yet
670 3061 759 3091 been
782 3060 840 3090 de-
953 3068 981 3096 7.
1008 3057 1212 3098 epistolam]
1232 3057 1294 3096 Ep.
1311 3057 1386 3095 963.
