2034 3433
219 447 258 469 10

216 1098 256 1119 20

214 1752 256 1782 30

276 129 329 168 90
745 135 995 174 LETTERS
1032 135 1103 175 or
1140 134 1407 174 ERAsMUs
1750 132 1873 187 [1517

276 235 571 285 neminemque
604 249 716 274 nunc
749 237 888 276 viuere
923 239 973 275 ad
1010 238 1089 276 tibi
1123 239 1441 287 gratificandum
1473 239 1607 289 magis
1637 252 1764 289 quam
1801 252 1874 289 ego

276 314 371 339 sum
404 303 594 350 paratum
616 316 624 348 ;
655 302 832 351 denique
857 304 904 341 vt
934 303 984 340 ab
1013 303 1153 342 animo
1180 304 1386 352 discutias,
1410 307 1612 354 tanquam
1638 303 1875 354 opinionem

276 366 335 405 sic
365 367 512 405 falsam
547 369 593 405 vt
626 367 734 405 nihil
763 368 923 416 falsius,
957 369 1235 418 suspicionem
1266 370 1383 408 illam
1415 384 1497 420 qua
1528 369 1691 408 dicebas
1721 370 1877 408 multos

275 446 347 483 per
380 447 446 471 me
475 432 676 471 alienatos
703 447 725 471 a
748 436 788 471 te
815 446 913 472 esse.
974 435 1121 473 Testor
1149 435 1195 473 in
1225 435 1330 474 hanc
1353 438 1515 485 partem
1540 435 1727 484 singulos
1747 434 1874 484 diuos,

276 499 347 549 qui
378 511 522 537 omnes
556 511 623 535 me
653 498 845 546 protinus
875 500 1059 548 perdant,
1088 500 1123 538 si
1152 513 1327 549 vsquam
1357 500 1466 550 apud
1497 513 1729 550 quosquam
1757 499 1878 539 aliter

276 564 324 602 de
351 566 392 601 te
421 564 489 602 vel
516 563 730 601 lacessitus
756 564 909 602 iniuria
935 565 1014 602 sim
1041 565 1205 604 locutus
1231 579 1356 615 quam
1381 566 1542 604 deceret
1569 566 1735 614 gratum
1756 565 1876 604 disci-

274 628 421 677 pulum
443 629 493 666 de
512 631 775 677 praeceptore
800 629 958 678 optime
978 629 1141 670 merIto.
1202 630 1282 680 Egi
1302 631 1386 669 iam
1411 631 1571 680 pridem
1591 643 1687 669 cum
1706 629 1876 668 domino

277 694 402 741 Moro,
432 696 479 732 vt
502 693 584 741 ille,
616 695 713 743 quia
740 694 830 744 ipse
857 695 917 743 (vt
941 709 1036 734 vere
1065 697 1216 745 dicam)
1245 697 1404 735 veritus
1432 709 1526 734 sum
1556 696 1741 744 scribere,
1771 708 1877 734 com·

238 774 253 803 5
276 758 538 797 mendaticiis
566 759 718 798 litteris
741 773 809 798 me
833 760 912 798 tibi
942 761 1236 800 reconciliaret.
1298 761 1456 800 Verum
1480 775 1575 800 cum
1601 761 1710 799 nihil
1732 760 1807 800 abs
1834 763 1876 799 te

274 825 440 875 accipio,
463 825 584 864 facile
609 826 773 865 credam
798 828 871 865 aut
894 827 946 865 ab
971 827 1043 865 illo
1069 840 1234 868 causam
1265 840 1400 866 meam
1420 826 1577 876 negligi
1596 829 1668 865 aut
1687 828 1728 864 te
1748 827 1876 865 etiam

274 892 438 929 iratum.

326 957 442 994 Bene
473 957 576 1006 vale,
604 957 662 995 mi
694 958 859 996 domine
889 960 1203 1009 humanissime,
1226 963 1267 998 et
1296 960 1415 998 crede
1444 959 1561 1007 mihi,
1590 959 1625 997 si
1654 972 1720 997 me
1749 970 1872 1006 ames,

274 1034 358 1059 non
379 1021 552 1069 amabis,
572 1024 619 1060 vt
638 1023 793 1070 scribis,
822 1023 1017 1072 inuitum,
1040 1025 1112 1063 sed
1133 1025 1436 1064 adolescentem
1460 1025 1522 1063 tui
1541 1023 1695 1062 fauoris
1713 1023 1876 1073 cupien-

275 1086 486 1125 tissimum
502 1088 544 1124 et
558 1087 629 1136 qui
644 1100 694 1126 ex
709 1088 850 1126 animo
864 1091 905 1127 te
921 1089 1163 1138 redamabit,
1181 1092 1227 1128 vt
1240 1089 1405 1129 facilius
1419 1089 1677 1129 obliuiscaris
1689 1101 1877 1127 mearum

275 1167 494 1203 nugarum.
563 1153 781 1204 Intelliges
814 1156 923 1194 nihil
958 1158 1124 1195 tantum
1158 1156 1312 1195 doloris
1346 1156 1451 1195 mihi
1484 1157 1639 1204 afferre,
1672 1156 1876 1205 quantum

274 1219 612 1258 commemoratio
634 1233 821 1259 meorum
841 1221 1045 1261 hactenus
1065 1236 1243 1261 morum.

328 1284 491 1323 Iterum
522 1285 611 1323 vale
651 1286 804 1335 raptim
839 1286 1069 1326 Pari-hisiis
1102 1288 1302 1337 postridie
1341 1288 1605 1327 exaltationis
1643 1288 1683 1326 S.
1719 1286 1873 1334 Crucis,

278 1364 299 1388 e
318 1351 491 1399 collegio
507 1351 842 1390 Lumbardorum
860 1367 869 1399 ;
898 1353 969 1391 vbi
989 1354 1101 1392 hunc
1116 1367 1305 1392 mensem
1327 1357 1367 1393 et
1386 1354 1543 1404 aliquot
1558 1354 1645 1393 dies
1660 1354 1878 1403 sequentes

236 1426 251 1456 ἰ
274 1416 401 1463 stabo,
424 1418 519 1465 post
537 1416 582 1454 in
602 1417 802 1467 Angliam
822 1419 1093 1458 reuolaturus‚

328 1482 605 1521 Absoluimus
638 1482 706 1521 his
737 1483 884 1521 diebus
919 1497 1023 1533 opus
1057 1484 1223 1523 Linacri
1257 1485 1307 1523 de
1339 1485 1514 1523 sanitate
1544 1483 1711 1522 tuenda.
1782 1481 1875 1521 Iam

274 1560 370 1585 curo
389 1549 436 1584 vt
460 1547 613 1586 iterum
638 1548 745 1586 Mori
768 1548 924 1598 Vtopia
949 1549 1145 1597 aedatur3
1175 1549 1254 1598 cui,
1276 1552 1321 1588 vt
1344 1562 1474 1599 spero,
1496 1549 1547 1587 ad
1568 1548 1731 1586 exitum
1750 1547 1876 1586 huius

275 1613 432 1651 mensis
463 1627 617 1663 ponam
650 1614 791 1653 finem.
852 1614 967 1664 Rogo
997 1628 1049 1652 ne
1077 1615 1261 1665 graueris
1291 1615 1398 1653 mihi
1427 1614 1616 1664 epistolio
1644 1613 1876 1663 significare

274 1692 327 1716 an
349 1679 532 1717 redditae
545 1679 623 1717 tibi
643 1679 727 1717 sint
744 1679 957 1718 chartulae
977 1679 1072 1718 illae
1089 1693 1191 1730 quas
1209 1694 1259 1718 ex
1279 1683 1353 1719 tuo
1369 1680 1566 1719 mandato
1584 1679 1694 1729 apud
1709 1679 1874 1717 Morum

275 1743 431 1794 reliqui.

813 1810 929 1849 Tuus
947 1812 986 1847 et
1007 1811 1198 1849 seruulus
1218 1813 1260 1849 et
1280 1811 1508 1860 discipulus
1526 1810 1627 1849 Tho.
1651 1809 1869 1860 Lupsetus.

753 1946 851 1987 665.
913 1946 976 1987 To
1007 1948 1198 1988 ANTONY
1230 1946 1398 1990 CLAVA.

319 2034 508 2071 Deventer
525 2035 600 2071 MS.
621 2046 677 2081 91,
698 2037 722 2070 f.
743 2047 797 2081 93.
1508 2037 1685 2073 Louvain.

320 2092 393 2128 LB.
412 2094 505 2139 App.
531 2096 605 2130 182.
1371 2098 1413 2132 16
1432 2096 1653 2141 September
1673 2094 1826 2142 (1517).

319 2174 408 2215 [The
424 2175 608 2214 year-date
625 2176 663 2206 of
674 2176 751 2206 this
766 2186 876 2216 group
893 2176 931 2207 of
944 2177 1079 2217 letters,
1097 2178 1216 2218 665-9,
1233 2178 1263 2208 is
1279 2177 1496 2217 sufficiently
1512 2176 1733 2208 established
1748 2177 1796 2216 by
1812 2175 1873 2207 the

275 2217 450 2249 allusions
465 2220 502 2249 to
518 2219 581 2249 the
598 2221 749 2258 Apologia
765 2220 907 2259 against
925 2220 1037 2251 Faber
1055 2232 1064 2261 ;
1087 2231 1143 2253 see
1161 2222 1224 2261 Ep.
1243 2231 1316 2260 597.
1337 2231 1379 2260 32
1393 2221 1446 2262 n.]

500 2306 707 2337 ERASMVS
738 2307 1072 2338 ROTERODAMVs
1103 2309 1304 2339 ANTONIO
1334 2309 1512 2339 CLAVAE
1545 2309 1578 2339 S.
1605 2308 1646 2338 D.

329 2387 502 2440 ΟΜΝΕΜΥ
523 2389 736 2428 mouimus
773 2390 952 2440 lapidem
985 2393 1032 2430 vt
1070 2391 1299 2441 Phrysium
1336 2390 1403 2428 hic
1440 2389 1726 2428 retineremus.
1793 2387 1872 2426 Sed

274 2452 359 2490 sata
389 2452 566 2501 obstant,
589 2455 694 2503 petit
724 2455 893 2495 inferos.
953 2456 1007 2495 Et
1036 2470 1103 2495 me
1132 2456 1236 2495 aditi
1264 2455 1442 2495 Louanii
1469 2468 1555 2493 non
1582 2453 1713 2492 semel
1735 2454 1872 2503 poeni·

317 2555 470 2629 ὃδῖΒιε.
495 2557 567 2586 LB:
594 2556 737 2588 decoret
754 2560 823 2589 MS.
952 2568 1003 2589 21.
1031 2583 1039 2598 ‚
1059 2558 1242 2598 intelliges
1260 2561 1328 2589 MS.
1456 2567 1506 2598 23.
1533 2557 1767 2588 exultationis
1782 2559 1869 2590 MS.:

273 2608 349 2629 corr.
423 2624 428 2629 .

318 2688 395 2719 664.
424 2697 473 2726 15.
499 2688 768 2730 reconciliaret]
794 2689 846 2720 Cf.
872 2691 935 2729 Ep.
963 2699 1037 2728 502.
1109 2691 1171 2720 the
1192 2692 1309 2727 Utopia.
1359 2690 1391 2719 A
1415 2698 1504 2729 copy
1527 2688 1679 2719 reached
1701 2688 1871 2719 Erasmus

275 2739 371 2769 9-14.
1109 2733 1207 2772 early
1222 2733 1261 2763 in
1281 2733 1363 2771 1518
1380 2732 1459 2772 (Ep.
1478 2733 1552 2771 785.
1572 2734 1678 2772 5o,1).

319 2784 369 2811 24.
396 2774 700 2815 Lumbardorum]
711 2776 774 2806 See
786 2777 850 2817 Ep.
864 2788 937 2817 444.
948 2787 990 2815 43
1001 2786 1036 2807 n.
1150 2786 1203 2815 29.
1229 2775 1432 2817 chartulae]
1451 2775 1503 2807 Cf.
1520 2776 1583 2815 Ep.
1602 2786 1677 2814 502.
1692 2786 1777 2815 9—11
1791 2785 1855 2806 nn.

319 2819 371 2847 26.
398 2827 485 2857 opus
501 2818 661 2859 Linacri]
680 2819 733 2850 Cf.
752 2820 815 2860 Ep.
834 2830 908 2859 502.
930 2830 968 2859 15
982 2830 1017 2851 n.
1151 2820 1225 2850 665.
1255 2829 1284 2851 1.
1310 2819 1520 2860 Phrysium]
1534 2819 1597 2850 See
1610 2820 1673 2859 Ep.
1690 2821 1765 2859 637.
1781 2828 1820 2858 13
1833 2829 1869 2849 n.

318 2869 370 2898 27.
395 2861 544 2902 Vtopia]
591 2862 665 2892 The
715 2865 842 2894 second
887 2864 1038 2902 edition,
1151 2874 1182 2895 2.
1208 2862 1358 2903 inferos]
1376 2863 1435 2893 An
1452 2863 1607 2893 allusion
1631 2865 1668 2893 to
1690 2860 1871 2893 Erasmus'

276 2903 386 2942 Paris,
429 2904 470 2934 G.
504 2906 714 2943 Gom-mont,
749 2917 809 2937 s.a.
877 2907 915 2939 It
958 2916 1038 2938 con·
1107 2906 1399 2945 difficultyabout
1409 2904 1870 2946 returningfromEngland

276 2946 372 2977 taine
404 2957 424 2977 a
453 2947 536 2987 long
559 2949 667 2979 letter
689 2949 782 2980 from
808 2950 976 2981 Budaeus
999 2952 1036 2980 to
1106 2950 1144 2980 in
1163 2959 1269 2990 14993
1293 2951 1337 2981 cf.
1355 2950 1445 2989 Epp.
1465 2952 1538 2982 108.
1558 2959 1618 2988 104
1636 2960 1682 2990 n.,
1701 2949 1773 2989 arrd
1798 2958 1871 2988 190.

275 2990 418 3030 Lupset,
443 3000 482 3028 31
510 2991 596 3031 July
623 2991 764 3033 (1517),
791 2994 828 3024 in
857 2995 975 3033 praise
1000 2994 1039 3023 of
1103 3002 1169 3032 4,5.
