2034 3433
160 143 258 198 810]
574 144 726 183 FROM
763 143 1028 182 WILLIAM
1068 142 1341 183 BUDAEUS
1675 146 1754 183 275

159 261 328 287 uersum
362 247 540 286 conditio
568 249 617 286 vt
646 261 727 296 quo
756 248 931 297 quisque
960 246 1142 286 exactius
1174 249 1297 297 atque
1329 247 1452 287 etiam
1487 248 1752 288 innocentius
1773 264 1832 297 235

158 314 341 352 rationes
360 326 455 351 suas
474 312 713 361 instituerit,
736 327 784 351 eo
804 313 923 362 plura
946 312 1028 350 fere
1052 312 1132 350 sibi
1151 312 1318 362 negocia
1337 312 1521 352 exhiberi
1538 327 1562 352 a
1582 326 1751 352 casuum

157 378 389 417 temeritate
418 377 582 426 sentiat,
606 390 708 427 quae
734 376 931 416 mortales
964 377 1053 426 ipsa
1081 376 1254 415 miseros
1283 390 1450 416 sursum
1479 378 1750 429 deorsumque

156 445 305 492 versat,
329 456 435 482 noxa
470 442 624 481 scilicet
653 442 726 481 illa
755 442 1020 481 tenebrarum
1047 441 1230 492 praeside
1258 442 1303 481 in
1332 443 1492 482 omneis
1521 444 1751 483 occasiones

157 507 352 558 peruigili
370 507 606 546 intentione
624 507 884 554 imminente,
908 520 1012 557 quae
1031 507 1238 557 prouideri
1256 508 1307 546 ab
1328 508 1495 547 homine
1515 512 1749 559 nequeunt3

157 577 250 612 tum
273 587 370 613 vero
399 575 561 612 nostrae
589 573 713 612 sortis
738 573 982 612 hominibus
1007 573 1209 612 incessere
1232 573 1458 624 plerunque
1479 574 1584 613 solet
1602 574 1750 624 impro-
1770 589 1831 620 240

157 639 288 689 beque
308 638 490 677 blandiri
508 652 656 689 parens
675 638 748 677 illa
768 638 992 677 discordiae
1013 639 1233 687 contentio,
1257 652 1360 689 quae
1378 639 1424 677 in
1451 640 1623 678 deorum
1647 639 1750 679 olim

158 704 350 742 conuiuio
365 717 537 742 aureum
555 704 660 742 illud
677 704 835 742 malum
855 703 1104 753 inscriptum
1126 705 1170 753 ιἡ
1186 704 1283 752 καλὴ
1298 705 1449 753 λαβέτω
1462 704 1472 719 ’
1491 704 1749 754 prouoluisse

156 769 201 807 in
222 770 409 808 medium
429 769 602 808 dicitur:
632 769 784 808 dociles
799 769 967 808 tandem
984 769 1072 819 ipsa
1087 769 1278 808 homines
1299 769 1567 819 Epimetheos
1582 770 1745 819 faciens,

156 848 236 884 quo
263 837 309 873 tu
339 847 406 873 me
437 835 606 873 nomine
633 835 841 874 taxauisti.
912 834 1050 873 Huius
1078 835 1137 873 rei
1166 835 1329 885 insigne
1358 835 1600 886 clarumque
1629 836 1747 876 docu—

156 901 348 938 mentum
366 900 584 948 Homerus,
599 900 864 950 ingeniorum
881 901 1016 946 decus,
1027 900 1143 939 velut
1157 901 1391 939 iracundiae
1411 903 1452 939 et
1468 902 1747 942 contentionis
1768 914 1827 946 245

156 965 393 1004 antidotum
426 965 657 1015 posteritati
688 965 884 1015 reliquit;
922 965 1030 1016 apud
1061 978 1196 1015 quem,
1229 967 1274 1004 vt
1304 966 1425 1015 nosti,
1462 966 1618 1006 Iliados
1650 967 1745 1007 duo-

155 1030 405 1070 deuicesimo
436 1030 624 1069 Achilles
657 1030 709 1069 ob
742 1031 786 1069 id
815 1044 1017 1078 moerens,
1051 1031 1159 1081 quod
1189 1031 1298 1070 iusto
1329 1032 1577 1081 pertinacius
1605 1034 1744 1072 animo

155 1108 229 1134 suo
266 1096 371 1134 irato
403 1095 657 1144 indulsisset,
693 1108 929 1146 quanquam
962 1095 1119 1146 insigni
1150 1096 1303 1135 iniuria
1341 1096 1392 1135 ab
1431 1098 1744 1147 Agamemnone

154 1160 334 1208 affectus,
365 1173 499 1199 errore
530 1160 699 1198 tandem
728 1160 940 1200 intellecto
973 1161 1242 1210 pertinaciam
1277 1162 1552 1202 contentionis
1581 1164 1744 1214 iraeque

156 1225 365 1264 detestans
384 1226 443 1264 ita
461 1225 599 1275 inquit
616 1239 625 1263 ε
1765 1238 1826 1270 250

370 1311 433 1352 Ὡς
462 1313 534 1362 ἔρις
562 1313 601 1350 ἔκ
628 1328 668 1350 τε
697 1311 788 1350 θεῶν
817 1312 856 1348 ἔκ
884 1311 914 1349 τ’
943 1312 1144 1362 ἀνθρώπων
1173 1312 1354 1350 ἀπόλοιτο

370 1376 446 1414 Καὶ
473 1377 598 1428 χόλος,
631 1377 671 1416 ὅς
697 1376 729 1414 τ’
758 1377 892 1426 ἐφέηκε
919 1378 1141 1427 πολύφρονά
1167 1395 1237 1427 περ
1264 1379 1484 1429 χαλεπῆναι,

363 1441 434 1483 “05
460 1459 500 1480 τε
527 1442 626 1480 πολὺ
653 1442 815 1494 γλυκίων
842 1442 992 1491 μέλιτος
1021 1443 1351 1492 καταλειβομένοιο

367 1506 528 1557 Ἀνδρῶν
558 1510 595 1545 ἐν
622 1507 831 1556 στήθεσσιν
858 1505 1002 1553 οἶέξεται
1028 1506 1115 1557 ἠΰτε
1143 1507 1291 1548 καπνός.

206 1592 388 1632 Proinde
407 1594 534 1632 velim
566 1596 607 1633 te
640 1593 698 1632 ita
730 1606 819 1632 esse
850 1593 991 1632 animo
1025 1596 1307 1643 comparatum
1334 1596 1390 1643 vt,
1413 1594 1576 1633 etiamsi
1611 1595 1742 1635 Faber
1762 1607 1822 1639 255

151 1660 360 1697 certamen
409 1659 639 1699 instaurare
683 1659 982 1698 institerit—id
1028 1660 1135 1710 quod
1174 1659 1277 1698 falso
1316 1673 1481 1698 rumore
1524 1674 1741 1711 persuasus

151 1725 406 1773 expectas—‚
428 1726 475 1762 tu
495 1725 637 1762 tamen
657 1724 732 1762 hac
752 1724 802 1762 de
831 1737 874 1762 re
901 1725 1188 1774 conquiescere
1207 1724 1285 1763 tibi
1305 1724 1492 1774 imperes.
1551 1727 1621 1764 An
1642 1740 1740 1765 vero

149 1787 185 1825 si
203 1787 275 1826 ille
294 1788 475 1839 iniquior
495 1802 582 1827 esse
603 1791 644 1827 et
664 1789 893 1838 proteruior
912 1790 1053 1828 contra
1072 1789 1229 1839 ingenii
1248 1790 1314 1828 sui
1333 1792 1525 1829 naturam
1545 1792 1740 1830 constitu-

151 1851 240 1900 erit,
258 1854 304 1892 vt
320 1853 407 1891 suis
421 1853 719 1903 impulsoribus
734 1866 892 1892 morem
904 1856 1072 1904 gereret,
1087 1855 1132 1892 tu
1146 1868 1307 1904 quoque
1323 1868 1417 1894 011111
1433 1869 1479 1893 eo
1495 1857 1740 1895 contendere

151 1917 263 1967 turpi
294 1917 519 1956 certamine
553 1919 770 1957 confestim
801 1919 1104 1957 connitereris‘?
1144 1933 1218 1958 nec
1249 1919 1373 1958 istam
1396 1922 1511 1959 tuam
1535 1921 1739 1961 existima·
1760 1924 1822 1955 260

150 1981 307 2019 tionem
329 1982 600 2032 decorumque
619 1996 817 2032 personae
832 1985 925 2022 tuae
946 1983 1164 2033 respiceres
1177 1986 1197 2023 ⁶?
1235 1984 1367 2033 Quam
1382 1984 1515 2034 legem
1532 1998 1626 2023 cum
1638 1985 1682 2024 111
1698 1988 1737 2024 te

151 2046 344 2096 sanciam,
368 2060 451 2085 non
481 2047 539 2086 ita
560 2047 827 2097 priuilegium
854 2047 904 2086 de
932 2050 974 2085 te
1000 2048 1084 2087 fero
1110 2051 1155 2087 vt
1184 2062 1250 2087 me
1277 2063 1361 2087 non
1380 2050 1524 2088 eadem
1543 2051 1631 2099 ipsa
1649 2051 1737 2101 lege

150 2111 285 2148 teneri
320 2111 460 2151 velim.
520 2111 612 2150 Etsi
650 2112 762 2150 enim
801 2113 990 2151 nouerim
1026 2113 1219 2152 homines
1264 2114 1404 2153 doctos
1441 2118 1481 2152 et
1517 2115 1737 2154 autoritate

150 2175 356 2224 praeditos
391 2176 435 2214 in
465 2176 653 2214 animum
681 2176 896 2214 induxisse
915 2177 1002 2215 suis
1027 2191 1093 2216 me
1119 2178 1282 2228 scriptis
1309 2192 1481 2228 carpere,
1512 2180 1737 2219 nonnullos

151 2239 279 2278 etiam
318 2239 402 2278 iam
440 2240 481 2278 id
515 2241 657 2279 fecisse
689 2239 836 2278 aeditis
868 2240 988 2280 libris
1024 2242 1176 2290 sciam;
1222 2243 1328 2281 mihi
1355 2246 1497 2282 tamen
1528 2245 1654 2283 semel
1679 2245 1737 2284 ita
1757 2249 1816 2291 265

150 2304 363 2353 imperaui,
381 2304 475 2343 huic
488 2318 600 2344 meae
613 2305 838 2343 sententiae
856 2308 977 2354 ratae,
993 2306 1107 2355 fixae,
1128 2307 1390 2346 confirmatae
1410 2309 1675 2360 acquiescere,
1689 2312 1736 2349 vt

151 2369 262 2407 nihil
286 2369 370 2407 illis
390 2370 669 2420 respondeam,
692 2369 774 2408 nisi
798 2369 834 2408 si
859 2370 965 2408 mihi
989 2370 1206 2410 silentium
1224 2372 1327 2410 vitio
1347 2374 1454 2412 verti
1479 2374 1642 2412 videam
1666 2377 1735 2413 aut

150 2433 358 2472 luculente
387 2434 522 2473 fraudi
556 2435 754 2472 futurum.
816 2434 947 2484 quue
980 2435 1086 2473 mihi
1105 2438 1151 2474 vt
1183 2436 1342 2486 faciam,
1369 2440 1533 2477 autores
1563 2442 1663 2478 sunt
1693 2443 1734 2478 et

150 2498 418 2548 imperatores
436 2499 661 2538 amicorum
680 2499 924 2537 iuratissimi
948 2500 1073 2538 simul
1093 2503 1134 2539 et
1154 2502 1398 2551 grauissimi.
1459 2504 1600 2554 Neque
1620 2506 1731 2543 enim

149 2563 234 2600 iam
267 2563 345 2601 ista
377 2576 443 2601 me
474 2563 622 2602 iuuant
655 2577 758 2614 quae
788 2563 879 2603 sine
912 2565 1132 2604 acerbitate
1161 2566 1330 2616 genium
1362 2568 1529 2607 nullum
1563 2569 1730 2618 habent,
1755 2582 1818 2616 270

151 2640 283 2676 neque
309 2627 426 2666 mitis
448 2629 510 2666 est
528 2629 816 2680 mansuetique
842 2629 1000 2679 ingenii
1025 2643 1072 2668 ea
1091 2630 1381 2679 digladiatione
1406 2633 1601 2672 oblectari
1628 2647 1733 2684 quae

150 2691 240 2729 sine
268 2691 480 2731 luculento
503 2692 673 2732 vulnere
709 2694 902 2744 plausum
935 2695 1082 2733 meren'
1111 2695 1264 2746 nequit.
1324 2696 1379 2735 Et
1412 2699 1473 2736 est
1505 2711 1552 2737 ea
1584 2701 1733 2738 natura

150 2757 425 2796 contentionis
443 2760 489 2796 vt
508 2758 602 2808 plus
629 2759 680 2796 ad
703 2760 965 2798 stomachum
991 2773 1036 2798 ea
1062 2760 1215 2799 faciant
1240 2774 1343 2811 quae
1367 2762 1463 2812 plus
1482 2762 1591 2801 fellis
1607 2776 1731 2813 quam

193 2866 268 2896 253.
285 2856 344 2888 ‘'Os·
360 2869 396 2888 τε
412 2860 461 2889 E:
478 2858 537 2889 Ὧς
551 2872 587 2890 τε
604 2863 639 2891 F.
750 2862 824 2900 263.
849 2863 947 2892 enim
963 2864 992 2892 E
1007 2873 1013 2892 :
1038 2864 1185 2894 omnino
1201 2866 1244 2894 H.
1371 2863 1443 2894 268.
1471 2863 1651 2908 luculente
1674 2869 1708 2897 H
1723 2877 1729 2896 :

150 2901 354 2932 luculentae
370 2904 411 2933 Ν.
452 2904 493 2939 Cf.
510 2905 568 2940 Ep.
587 2905 660 2943 906.
680 2914 753 2944 397.
854 2907 939 2936 sunt
956 2908 997 2936 F:
1023 2907 1097 2936 sint
1114 2909 1151 2937 E.
1288 2916 1363 2946 273.
1389 2916 1429 2937 ea
1443 2910 1553 2946 scripsi
1568 2919 1575 2938 z
1598 2910 1675 2940 eius
1691 2912 1729 2940 Ε.

320 3010 392 3039 244.
420 3000 609 3041 taxauisti]
627 3001 693 3041 Ep.
712 3002 784 3040 778.
805 3003 876 3033 108.
1088 3004 1160 3042 246.
1187 3002 1332 3044 Iliados]
1352 3005 1401 3035 18.
1424 3013 1559 3044 107-10.

912 3059 979 3083 T2
