<?xml version="1.0" encoding="UTF-8"?>
<!DOCTYPE html PUBLIC "-//W3C//DTD XHTML 1.0 Transitional//EN"
    "http://www.w3.org/TR/xhtml1/DTD/xhtml1-transitional.dtd">
<html xmlns="http://www.w3.org/1999/xhtml" xml:lang="en" lang="en">
 <head>
  <title>
</title>
<meta http-equiv="Content-Type" content="text/html;charset=utf-8" />
  <meta name='ocr-system' content='tesseract 3.04.00' />
  <meta name='ocr-capabilities' content='ocr_page ocr_carea ocr_par ocr_line ocrx_word'/>
</head>
<body>
  <div class='ocr_page' id='page_1' title='image "./opusepistolarumd03erasuoft_0449.png"; bbox 0 0 2034 3433; ppageno 0'>
   <div class='ocr_carea' id='block_1_1' title="bbox 29 981 125 1022">
    <p class='ocr_par' dir='ltr' id='par_1_1' title="bbox 29 981 125 1022">
     <span class='ocr_line' id='line_1_1' title="bbox 29 981 125 1022; baseline 0.021 -9"><span class='ocrx_word' id='word_1_1' title='bbox 29 981 125 1022; x_wconf 83' lang='lat' dir='ltr'><strong>Sept.</strong></span> 
     </span>
    </p>
   </div>
   <div class='ocr_carea' id='block_1_2' title="bbox 88 1028 127 1058">
    <p class='ocr_par' dir='ltr' id='par_1_2' title="bbox 88 1028 127 1058">
     <span class='ocr_line' id='line_1_2' title="bbox 88 1028 127 1058; baseline 0.051 -2"><span class='ocrx_word' id='word_1_2' title='bbox 88 1028 127 1058; x_wconf 91' lang='lat'>18</span> 
     </span>
    </p>
   </div>
   <div class='ocr_carea' id='block_1_3' title="bbox 146 163 1288 218">
    <p class='ocr_par' dir='ltr' id='par_1_3' title="bbox 146 163 1288 218">
     <span class='ocr_line' id='line_1_3' title="bbox 146 163 1288 218; baseline 0.004 -13"><span class='ocrx_word' id='word_1_3' title='bbox 146 163 247 218; x_wconf 85' lang='lat'><em>867]</em></span> <span class='ocrx_word' id='word_1_4' title='bbox 593 167 663 206; x_wconf 88' lang='lat' dir='ltr'>TO</span> <span class='ocrx_word' id='word_1_5' title='bbox 701 166 929 206; x_wconf 86' lang='lat' dir='ltr'>BEATUS</span> <span class='ocrx_word' id='word_1_6' title='bbox 968 167 1288 209; x_wconf 82' lang='lat' dir='ltr'><strong>RHENANUS</strong></span> 
     </span>
    </p>
   </div>
   <div class='ocr_carea' id='block_1_4' title="bbox 140 269 1734 2279">
    <p class='ocr_par' dir='ltr' id='par_1_4' title="bbox 141 269 1733 969">
     <span class='ocr_line' id='line_1_4' title="bbox 143 269 1732 324; baseline 0.004 -18"><span class='ocrx_word' id='word_1_7' title='bbox 143 269 297 307; x_wconf 90' lang='lat' dir='ltr'>Auster</span> <span class='ocrx_word' id='word_1_8' title='bbox 326 272 423 317; x_wconf 88' lang='lat' dir='ltr'>erat,</span> <span class='ocrx_word' id='word_1_9' title='bbox 453 282 584 320; x_wconf 90' lang='lat' dir='ltr'>neque</span> <span class='ocrx_word' id='word_1_10' title='bbox 613 270 833 320; x_wconf 88' lang='lat' dir='ltr'>quicquam</span> <span class='ocrx_word' id='word_1_11' title='bbox 862 276 1024 319; x_wconf 87' lang='lat' dir='ltr'>praeter</span> <span class='ocrx_word' id='word_1_12' title='bbox 1056 285 1188 311; x_wconf 89' lang='lat' dir='ltr'>meras</span> <span class='ocrx_word' id='word_1_13' title='bbox 1222 276 1358 323; x_wconf 85' lang='lat' dir='ltr'>pestes</span> <span class='ocrx_word' id='word_1_14' title='bbox 1392 274 1586 324; x_wconf 82' lang='lat' dir='ltr'>spirabat.</span> <span class='ocrx_word' id='word_1_15' title='bbox 1647 275 1732 324; x_wconf 86' lang='lat' dir='ltr'>Ego</span> 
     </span>
     <span class='ocr_line' id='line_1_5' title="bbox 143 333 1733 384; baseline 0.004 -13"><span class='ocrx_word' id='word_1_16' title='bbox 143 333 249 372; x_wconf 89' lang='lat' dir='ltr'>mihi</span> <span class='ocrx_word' id='word_1_17' title='bbox 277 334 462 373; x_wconf 84' lang='lat' dir='ltr'>vestibus</span> <span class='ocrx_word' id='word_1_18' title='bbox 489 334 614 384; x_wconf 85' lang='lat' dir='ltr'>probe</span> <span class='ocrx_word' id='word_1_19' title='bbox 643 335 776 372; x_wconf 84' lang='lat' dir='ltr'>tectus</span> <span class='ocrx_word' id='word_1_20' title='bbox 803 334 986 382; x_wconf 83' lang='lat' dir='ltr'>videbar,</span> <span class='ocrx_word' id='word_1_21' title='bbox 1006 336 1077 374; x_wconf 88' lang='lat' dir='ltr'>sed</span> <span class='ocrx_word' id='word_1_22' title='bbox 1106 337 1177 375; x_wconf 89' lang='lat' dir='ltr'>ille</span> <span class='ocrx_word' id='word_1_23' title='bbox 1204 338 1403 377; x_wconf 87' lang='lat' dir='ltr'>violentia</span> <span class='ocrx_word' id='word_1_24' title='bbox 1425 351 1501 378; x_wconf 87' lang='lat' dir='ltr'>sua</span> <span class='ocrx_word' id='word_1_25' title='bbox 1524 339 1629 378; x_wconf 87' lang='lat' dir='ltr'><strong>nihil</strong></span> <span class='ocrx_word' id='word_1_26' title='bbox 1649 353 1733 378; x_wconf 87' lang='lat' dir='ltr'>non</span> 
     </span>
     <span class='ocr_line' id='line_1_6' title="bbox 142 399 1730 454; baseline 0.004 -18"><span class='ocrx_word' id='word_1_27' title='bbox 142 399 393 448; x_wconf 72' lang='lat' dir='ltr'>penetrabat.</span> <span class='ocrx_word' id='word_1_28' title='bbox 453 399 657 438; x_wconf 78' lang='lat' dir='ltr'>Successit</span> <span class='ocrx_word' id='word_1_29' title='bbox 684 399 762 437; x_wconf 90' lang='lat' dir='ltr'>sub</span> <span class='ocrx_word' id='word_1_30' title='bbox 791 402 956 438; x_wconf 88' lang='lat' dir='ltr'>noctem</span> <span class='ocrx_word' id='word_1_31' title='bbox 982 401 1166 450; x_wconf 85' lang='lat' dir='ltr'>pluuiola</span> <span class='ocrx_word' id='word_1_32' title='bbox 1191 405 1314 442; x_wconf 89' lang='lat' dir='ltr'>vento</span> <span class='ocrx_word' id='word_1_33' title='bbox 1343 417 1418 443; x_wconf 90' lang='lat' dir='ltr'>suo</span> <span class='ocrx_word' id='word_1_34' title='bbox 1446 404 1730 454; x_wconf 77' lang='lat' dir='ltr'>pestilentior:</span> 
     </span>
     <span class='ocr_line' id='line_1_7' title="bbox 143 463 1732 519; baseline 0.004 -18"><span class='ocrx_word' id='word_1_35' title='bbox 143 464 266 502; x_wconf 87' lang='lat' dir='ltr'>venio</span> <span class='ocrx_word' id='word_1_36' title='bbox 294 464 604 515; x_wconf 83' lang='lat' dir='ltr'>Aquisgranum</span> <span class='ocrx_word' id='word_1_37' title='bbox 631 463 811 503; x_wconf 88' lang='lat' dir='ltr'>lassulus</span> <span class='ocrx_word' id='word_1_38' title='bbox 840 464 892 503; x_wconf 93' lang='lat' dir='ltr'>ob</span> <span class='ocrx_word' id='word_1_39' title='bbox 920 467 1225 515; x_wconf 77' lang='lat' dir='ltr'>quassationem</span> <span class='ocrx_word' id='word_1_40' title='bbox 1263 468 1391 518; x_wconf 83' lang='lat' dir='ltr'>bigae,</span> <span class='ocrx_word' id='word_1_41' title='bbox 1423 482 1527 519; x_wconf 89' lang='lat' dir='ltr'>quae</span> <span class='ocrx_word' id='word_1_42' title='bbox 1554 469 1661 508; x_wconf 90' lang='lat' dir='ltr'>mihi</span> <span class='ocrx_word' id='word_1_43' title='bbox 1689 470 1732 508; x_wconf 89' lang='lat' dir='ltr'>in</span> 
     </span>
     <span class='ocr_line' id='line_1_8' title="bbox 143 527 1732 581; baseline 0.004 -14"><span class='ocrx_word' id='word_1_44' title='bbox 143 527 210 567; x_wconf 84' lang='lat' dir='ltr'>via</span> <span class='ocrx_word' id='word_1_45' title='bbox 229 529 340 568; x_wconf 73' lang='lat' dir='ltr'>saxis</span> <span class='ocrx_word' id='word_1_46' title='bbox 355 531 563 568; x_wconf 88' lang='lat' dir='ltr'>constrata</span> <span class='ocrx_word' id='word_1_47' title='bbox 576 530 663 568; x_wconf 90' lang='lat' dir='ltr'>tam</span> <span class='ocrx_word' id='word_1_48' title='bbox 679 531 766 567; x_wconf 87' lang='lat' dir='ltr'>erat</span> <span class='ocrx_word' id='word_1_49' title='bbox 780 530 920 580; x_wconf 85' lang='lat' dir='ltr'>grauis</span> <span class='ocrx_word' id='word_1_50' title='bbox 933 534 980 568; x_wconf 83' lang='lat' dir='ltr'>vt</span> <span class='ocrx_word' id='word_1_51' title='bbox 994 543 1097 581; x_wconf 85' lang='lat' dir='ltr'>equo</span> <span class='ocrx_word' id='word_1_52' title='bbox 1110 532 1337 581; x_wconf 79' lang='lat' dir='ltr'>quamlibet</span> <span class='ocrx_word' id='word_1_53' title='bbox 1351 534 1497 573; x_wconf 85' lang='lat' dir='ltr'>claudo</span> <span class='ocrx_word' id='word_1_54' title='bbox 1512 535 1732 573; x_wconf 87' lang='lat' dir='ltr'>maluerim</span> 
     </span>
     <span class='ocr_line' id='line_1_9' title="bbox 143 593 1729 647; baseline 0.004 -15"><span class='ocrx_word' id='word_1_55' title='bbox 143 593 332 632; x_wconf 85' lang='lat' dir='ltr'>insidere.</span> <span class='ocrx_word' id='word_1_56' title='bbox 391 594 474 632; x_wconf 90' lang='lat' dir='ltr'>Hic</span> <span class='ocrx_word' id='word_1_57' title='bbox 493 607 565 644; x_wconf 90' lang='lat' dir='ltr'>per</span> <span class='ocrx_word' id='word_1_58' title='bbox 582 594 826 632; x_wconf 88' lang='lat' dir='ltr'>canonicum</span> <span class='ocrx_word' id='word_1_59' title='bbox 847 595 1063 644; x_wconf 87' lang='lat' dir='ltr'>quendam,</span> <span class='ocrx_word' id='word_1_60' title='bbox 1081 596 1148 634; x_wconf 86' lang='lat' dir='ltr'>cui</span> <span class='ocrx_word' id='word_1_61' title='bbox 1163 609 1229 635; x_wconf 88' lang='lat' dir='ltr'>me</span> <span class='ocrx_word' id='word_1_62' title='bbox 1245 597 1392 637; x_wconf 88' lang='lat' dir='ltr'>Comes</span> <span class='ocrx_word' id='word_1_63' title='bbox 1412 600 1729 647; x_wconf 86' lang='lat' dir='ltr'>commendarat,</span> 
     </span>
     <span class='ocr_line' id='line_1_10' title="bbox 143 659 1732 715; baseline 0.005 -19"><span class='ocrx_word' id='word_1_64' title='bbox 143 659 279 708; x_wconf 88' lang='lat' dir='ltr'>rapior</span> <span class='ocrx_word' id='word_1_65' title='bbox 316 673 337 697; x_wconf 91' lang='lat' dir='ltr'>e</span> <span class='ocrx_word' id='word_1_66' title='bbox 376 659 603 698; x_wconf 88' lang='lat' dir='ltr'>diuersorio</span> <span class='ocrx_word' id='word_1_67' title='bbox 640 659 691 698; x_wconf 87' lang='lat' dir='ltr'>ad</span> <span class='ocrx_word' id='word_1_68' title='bbox 719 659 839 699; x_wconf 89' lang='lat' dir='ltr'>aedes</span> <span class='ocrx_word' id='word_1_69' title='bbox 867 660 1068 699; x_wconf 84' lang='lat' dir='ltr'>Oantoris.</span> <span class='ocrx_word' id='word_1_70' title='bbox 1127 661 1194 700; x_wconf 93' lang='lat' dir='ltr'>Ibi</span> <span class='ocrx_word' id='word_1_71' title='bbox 1223 676 1273 701; x_wconf 79' lang='lat' dir='ltr'>ex</span> <span class='ocrx_word' id='word_1_72' title='bbox 1301 676 1413 702; x_wconf 89' lang='lat' dir='ltr'>more</span> <span class='ocrx_word' id='word_1_73' title='bbox 1444 666 1732 715; x_wconf 88' lang='lat' dir='ltr'>compotabant</span> 
     </span>
     <span class='ocr_line' id='line_1_11' title="bbox 141 723 1732 778; baseline 0.005 -16"><span class='ocrx_word' id='word_1_74' title='bbox 141 723 300 774; x_wconf 80' lang='lat' dir='ltr'>aliquot</span> <span class='ocrx_word' id='word_1_75' title='bbox 320 724 517 763; x_wconf 91' lang='lat' dir='ltr'>canonici.</span> <span class='ocrx_word' id='word_1_76' title='bbox 576 724 682 763; x_wconf 89' lang='lat' dir='ltr'>Mihi</span> <span class='ocrx_word' id='word_1_77' title='bbox 700 725 922 774; x_wconf 90' lang='lat' dir='ltr'>prandium</span> <span class='ocrx_word' id='word_1_78' title='bbox 943 726 1237 765; x_wconf 88' lang='lat' dir='ltr'>tenuissimum</span> <span class='ocrx_word' id='word_1_79' title='bbox 1257 731 1423 768; x_wconf 83' lang='lat' dir='ltr'>acuerat</span> <span class='ocrx_word' id='word_1_80' title='bbox 1442 731 1705 769; x_wconf 89' lang='lat' dir='ltr'>stomachum</span> <span class='ocrx_word' id='word_1_81' title='bbox 1723 746 1732 778; x_wconf 89' lang='lat'>;</span> 
     </span>
     <span class='ocr_line' id='line_1_12' title="bbox 143 789 1732 845; baseline 0.005 -18"><span class='ocrx_word' id='word_1_82' title='bbox 143 789 213 827; x_wconf 89' lang='lat' dir='ltr'>sed</span> <span class='ocrx_word' id='word_1_83' title='bbox 240 789 348 839; x_wconf 90' lang='lat' dir='ltr'>apud</span> <span class='ocrx_word' id='word_1_84' title='bbox 368 789 446 828; x_wconf 88' lang='lat' dir='ltr'>hos</span> <span class='ocrx_word' id='word_1_85' title='bbox 466 791 557 827; x_wconf 90' lang='lat' dir='ltr'>tum</span> <span class='ocrx_word' id='word_1_86' title='bbox 576 789 684 828; x_wconf 88' lang='lat' dir='ltr'>nihil</span> <span class='ocrx_word' id='word_1_87' title='bbox 702 793 789 828; x_wconf 84' lang='lat' dir='ltr'>erat</span> <span class='ocrx_word' id='word_1_88' title='bbox 808 793 970 840; x_wconf 88' lang='lat' dir='ltr'>praeter</span> <span class='ocrx_word' id='word_1_89' title='bbox 988 803 1139 841; x_wconf 87' lang='lat' dir='ltr'>carpas,</span> <span class='ocrx_word' id='word_1_90' title='bbox 1164 805 1314 842; x_wconf 87' lang='lat' dir='ltr'>easque</span> <span class='ocrx_word' id='word_1_91' title='bbox 1331 793 1515 843; x_wconf 84' lang='lat' dir='ltr'>frigidas.</span> <span class='ocrx_word' id='word_1_92' title='bbox 1576 796 1732 845; x_wconf 82' lang='lat' dir='ltr'>Expleo</span> 
     </span>
     <span class='ocr_line' id='line_1_13' title="bbox 143 853 1733 907; baseline 0.004 -15"><span class='ocrx_word' id='word_1_93' title='bbox 143 866 220 892; x_wconf 89' lang='lat' dir='ltr'>me.</span> <span class='ocrx_word' id='word_1_94' title='bbox 281 853 480 893; x_wconf 86' lang='lat' dir='ltr'>Potatum</span> <span class='ocrx_word' id='word_1_95' title='bbox 507 857 570 893; x_wconf 85' lang='lat' dir='ltr'>est</span> <span class='ocrx_word' id='word_1_96' title='bbox 597 854 642 892; x_wconf 89' lang='lat' dir='ltr'>in</span> <span class='ocrx_word' id='word_1_97' title='bbox 670 855 850 894; x_wconf 91' lang='lat' dir='ltr'>multam</span> <span class='ocrx_word' id='word_1_98' title='bbox 878 858 1054 894; x_wconf 89' lang='lat' dir='ltr'>noctem.</span> <span class='ocrx_word' id='word_1_99' title='bbox 1117 857 1206 906; x_wconf 85' lang='lat' dir='ltr'>Ego</span> <span class='ocrx_word' id='word_1_100' title='bbox 1237 858 1367 907; x_wconf 89' lang='lat' dir='ltr'>petita</span> <span class='ocrx_word' id='word_1_101' title='bbox 1394 860 1518 898; x_wconf 82' lang='lat' dir='ltr'>venia</span> <span class='ocrx_word' id='word_1_102' title='bbox 1547 861 1733 899; x_wconf 86' lang='lat' dir='ltr'>cubitum</span> 
     </span>
     <span class='ocr_line' id='line_1_14' title="bbox 143 918 1255 969; baseline 0.004 -13"><span class='ocrx_word' id='word_1_103' title='bbox 143 918 254 966; x_wconf 78' lang='lat' dir='ltr'>abeo,</span> <span class='ocrx_word' id='word_1_104' title='bbox 279 919 386 968; x_wconf 92' lang='lat' dir='ltr'>quod</span> <span class='ocrx_word' id='word_1_105' title='bbox 406 920 592 969; x_wconf 83' lang='lat' dir='ltr'>proxima</span> <span class='ocrx_word' id='word_1_106' title='bbox 609 922 728 958; x_wconf 88' lang='lat' dir='ltr'>nocte</span> <span class='ocrx_word' id='word_1_107' title='bbox 748 920 973 959; x_wconf 90' lang='lat' dir='ltr'>minimum</span> <span class='ocrx_word' id='word_1_108' title='bbox 994 921 1255 960; x_wconf 85' lang='lat' dir='ltr'>dormieram.</span> 
     </span>
    </p>

    <p class='ocr_par' dir='ltr' id='par_1_5' title="bbox 140 984 1734 2279">
     <span class='ocr_line' id='line_1_15' title="bbox 198 984 1733 1036; baseline 0.005 -14"><span class='ocrx_word' id='word_1_109' title='bbox 198 984 408 1023; x_wconf 86' lang='lat' dir='ltr'>Postridie</span> <span class='ocrx_word' id='word_1_110' title='bbox 426 985 641 1034; x_wconf 86' lang='lat' dir='ltr'>pertrahor</span> <span class='ocrx_word' id='word_1_111' title='bbox 662 985 712 1023; x_wconf 90' lang='lat' dir='ltr'>ad</span> <span class='ocrx_word' id='word_1_112' title='bbox 732 985 852 1024; x_wconf 87' lang='lat' dir='ltr'>aedes</span> <span class='ocrx_word' id='word_1_113' title='bbox 870 985 1196 1036; x_wconf 90' lang='lat' dir='ltr'>Vicepraepositi</span> <span class='ocrx_word' id='word_1_114' title='bbox 1212 1002 1221 1035; x_wconf 90' lang='lat'>;</span> <span class='ocrx_word' id='word_1_115' title='bbox 1251 1001 1349 1027; x_wconf 87' lang='lat' dir='ltr'>nam</span> <span class='ocrx_word' id='word_1_116' title='bbox 1368 989 1418 1027; x_wconf 90' lang='lat' dir='ltr'>ad</span> <span class='ocrx_word' id='word_1_117' title='bbox 1434 989 1557 1028; x_wconf 91' lang='lat' dir='ltr'>illum</span> <span class='ocrx_word' id='word_1_118' title='bbox 1573 990 1733 1029; x_wconf 84' lang='lat' dir='ltr'>redibat</span> 
     </span>
     <span class='ocr_line' id='line_1_16' title="bbox 145 1050 1732 1104; baseline 0.003 -15"><span class='ocrx_word' id='word_1_119' title='bbox 145 1050 348 1102; x_wconf 90' lang='lat' dir='ltr'>periodus.</span> <span class='ocrx_word' id='word_1_120' title='bbox 407 1050 474 1088; x_wconf 91' lang='lat' dir='ltr'>Ibi</span> <span class='ocrx_word' id='word_1_121' title='bbox 510 1063 606 1088; x_wconf 90' lang='lat' dir='ltr'>cum</span> <span class='ocrx_word' id='word_1_122' title='bbox 642 1053 805 1100; x_wconf 83' lang='lat' dir='ltr'>praeter</span> <span class='ocrx_word' id='word_1_123' title='bbox 841 1051 1072 1101; x_wconf 87' lang='lat' dir='ltr'>anguillam</span> <span class='ocrx_word' id='word_1_124' title='bbox 1104 1053 1212 1091; x_wconf 89' lang='lat' dir='ltr'>nihil</span> <span class='ocrx_word' id='word_1_125' title='bbox 1243 1056 1350 1092; x_wconf 91' lang='lat' dir='ltr'>esset</span> <span class='ocrx_word' id='word_1_126' title='bbox 1382 1054 1559 1104; x_wconf 83' lang='lat' dir='ltr'>piscium</span> <span class='ocrx_word' id='word_1_127' title='bbox 1598 1055 1732 1104; x_wconf 83' lang='lat' dir='ltr'>(nimi-</span> 
     </span>
     <span class='ocr_line' id='line_1_17' title="bbox 145 1116 1734 1170; baseline 0.003 -16"><span class='ocrx_word' id='word_1_128' title='bbox 145 1129 239 1155; x_wconf 87' lang='lat' dir='ltr'>rum</span> <span class='ocrx_word' id='word_1_129' title='bbox 266 1118 490 1166; x_wconf 85' lang='lat' dir='ltr'>tempestas</span> <span class='ocrx_word' id='word_1_130' title='bbox 517 1116 652 1155; x_wconf 86' lang='lat' dir='ltr'>fuerat</span> <span class='ocrx_word' id='word_1_131' title='bbox 679 1116 725 1154; x_wconf 91' lang='lat' dir='ltr'>in</span> <span class='ocrx_word' id='word_1_132' title='bbox 766 1116 897 1167; x_wconf 88' lang='lat' dir='ltr'>culpa,</span> <span class='ocrx_word' id='word_1_133' title='bbox 934 1130 1029 1155; x_wconf 84' lang='lat' dir='ltr'>cum</span> <span class='ocrx_word' id='word_1_134' title='bbox 1069 1117 1157 1167; x_wconf 91' lang='lat' dir='ltr'>ipse</span> <span class='ocrx_word' id='word_1_135' title='bbox 1199 1118 1254 1157; x_wconf 91' lang='lat' dir='ltr'>sit</span> <span class='ocrx_word' id='word_1_136' title='bbox 1298 1119 1451 1170; x_wconf 87' lang='lat' dir='ltr'>alioqui</span> <span class='ocrx_word' id='word_1_137' title='bbox 1492 1120 1734 1170; x_wconf 88' lang='lat' dir='ltr'>splendidus</span> 
     </span>
     <span class='ocr_line' id='line_1_18' title="bbox 144 1181 1733 1236; baseline 0.004 -17"><span class='ocrx_word' id='word_1_138' title='bbox 144 1182 414 1231; x_wconf 89' lang='lat' dir='ltr'>conuiuator),</span> <span class='ocrx_word' id='word_1_139' title='bbox 446 1181 589 1231; x_wconf 82' lang='lat' dir='ltr'>expleo</span> <span class='ocrx_word' id='word_1_140' title='bbox 627 1194 696 1220; x_wconf 88' lang='lat' dir='ltr'>me</span> <span class='ocrx_word' id='word_1_141' title='bbox 734 1182 846 1231; x_wconf 88' lang='lat' dir='ltr'>pisce</span> <span class='ocrx_word' id='word_1_142' title='bbox 889 1182 1034 1221; x_wconf 88' lang='lat' dir='ltr'>durato</span> <span class='ocrx_word' id='word_1_143' title='bbox 1073 1183 1222 1225; x_wconf 80' lang='lat' dir='ltr'>ventis,</span> <span class='ocrx_word' id='word_1_144' title='bbox 1256 1198 1380 1234; x_wconf 90' lang='lat' dir='ltr'>quem</span> <span class='ocrx_word' id='word_1_145' title='bbox 1423 1199 1447 1224; x_wconf 86' lang='lat' dir='ltr'>a</span> <span class='ocrx_word' id='word_1_146' title='bbox 1476 1185 1621 1224; x_wconf 86' lang='lat' dir='ltr'>baculo</span> <span class='ocrx_word' id='word_1_147' title='bbox 1654 1200 1733 1236; x_wconf 91' lang='lat' dir='ltr'>quo</span> 
     </span>
     <span class='ocr_line' id='line_1_19' title="bbox 144 1247 1732 1300; baseline 0.003 -15"><span class='ocrx_word' id='word_1_148' title='bbox 144 1247 429 1294; x_wconf 89' lang='lat' dir='ltr'>contunditur,</span> <span class='ocrx_word' id='word_1_149' title='bbox 474 1247 672 1285; x_wconf 83' lang='lat' dir='ltr'>Germani</span> <span class='ocrx_word' id='word_1_150' title='bbox 718 1247 940 1286; x_wconf 89' lang='lat' dir='ltr'>stockfisch</span> <span class='ocrx_word' id='word_1_151' title='bbox 987 1250 1293 1287; x_wconf 89' lang='lat' dir='ltr'>vocant—nam</span> <span class='ocrx_word' id='word_1_152' title='bbox 1340 1263 1386 1288; x_wconf 90' lang='lat' dir='ltr'>eo</span> <span class='ocrx_word' id='word_1_153' title='bbox 1433 1250 1585 1300; x_wconf 87' lang='lat' dir='ltr'>alioqui</span> <span class='ocrx_word' id='word_1_154' title='bbox 1633 1252 1732 1290; x_wconf 88' lang='lat' dir='ltr'>satis</span> 
     </span>
     <span class='ocr_line' id='line_1_20' title="bbox 144 1311 1732 1362; baseline 0.004 -12"><span class='ocrx_word' id='word_1_155' title='bbox 144 1311 349 1351; x_wconf 86' lang='lat' dir='ltr'>delector:</span> <span class='ocrx_word' id='word_1_156' title='bbox 393 1312 463 1350; x_wconf 91' lang='lat' dir='ltr'>sed</span> <span class='ocrx_word' id='word_1_157' title='bbox 502 1312 684 1362; x_wconf 88' lang='lat' dir='ltr'>comperi</span> <span class='ocrx_word' id='word_1_158' title='bbox 726 1314 887 1361; x_wconf 88' lang='lat' dir='ltr'>partem</span> <span class='ocrx_word' id='word_1_159' title='bbox 930 1312 1056 1351; x_wconf 91' lang='lat' dir='ltr'>huius</span> <span class='ocrx_word' id='word_1_160' title='bbox 1097 1313 1230 1353; x_wconf 89' lang='lat' dir='ltr'>adhuc</span> <span class='ocrx_word' id='word_1_161' title='bbox 1273 1315 1443 1353; x_wconf 88' lang='lat' dir='ltr'>crudam</span> <span class='ocrx_word' id='word_1_162' title='bbox 1484 1316 1621 1354; x_wconf 87' lang='lat' dir='ltr'>fuisse.</span> <span class='ocrx_word' id='word_1_163' title='bbox 1692 1319 1732 1356; x_wconf 91' lang='lat' dir='ltr'>A</span> 
     </span>
     <span class='ocr_line' id='line_1_21' title="bbox 142 1377 1732 1428; baseline 0.002 -12"><span class='ocrx_word' id='word_1_164' title='bbox 142 1378 327 1428; x_wconf 88' lang='lat' dir='ltr'>prandio,</span> <span class='ocrx_word' id='word_1_165' title='bbox 349 1377 544 1427; x_wconf 89' lang='lat' dir='ltr'>quoniam</span> <span class='ocrx_word' id='word_1_166' title='bbox 570 1377 730 1416; x_wconf 89' lang='lat' dir='ltr'>coelum</span> <span class='ocrx_word' id='word_1_167' title='bbox 755 1380 842 1416; x_wconf 85' lang='lat' dir='ltr'>erat</span> <span class='ocrx_word' id='word_1_168' title='bbox 866 1378 1267 1427; x_wconf 87' lang='lat' dir='ltr'>pestilentissimum,</span> <span class='ocrx_word' id='word_1_169' title='bbox 1298 1379 1342 1417; x_wconf 92' lang='lat' dir='ltr'>in</span> <span class='ocrx_word' id='word_1_170' title='bbox 1367 1380 1642 1419; x_wconf 88' lang='lat' dir='ltr'>diuersorium</span> <span class='ocrx_word' id='word_1_171' title='bbox 1666 1395 1732 1419; x_wconf 89' lang='lat' dir='ltr'>me</span> 
     </span>
     <span class='ocr_line' id='line_1_22' title="bbox 143 1443 1733 1485; baseline 0.002 -3"><span class='ocrx_word' id='word_1_172' title='bbox 143 1443 320 1482; x_wconf 84' lang='lat' dir='ltr'>confero.</span> <span class='ocrx_word' id='word_1_173' title='bbox 378 1443 509 1481; x_wconf 90' lang='lat' dir='ltr'>Iubeo</span> <span class='ocrx_word' id='word_1_174' title='bbox 539 1443 708 1481; x_wconf 81' lang='lat' dir='ltr'>excitari</span> <span class='ocrx_word' id='word_1_175' title='bbox 736 1443 932 1482; x_wconf 85' lang='lat' dir='ltr'>foculum.</span> <span class='ocrx_word' id='word_1_176' title='bbox 993 1444 1290 1483; x_wconf 86' lang='lat' dir='ltr'>Confabulatur</span> <span class='ocrx_word' id='word_1_177' title='bbox 1318 1458 1482 1483; x_wconf 89' lang='lat' dir='ltr'>mecum</span> <span class='ocrx_word' id='word_1_178' title='bbox 1511 1446 1733 1485; x_wconf 83' lang='lat' dir='ltr'>canonicus</span> 
     </span>
     <span class='ocr_line' id='line_1_23' title="bbox 142 1508 1733 1558; baseline 0.001 -9"><span class='ocrx_word' id='word_1_179' title='bbox 142 1510 212 1549; x_wconf 91' lang='lat' dir='ltr'>ille</span> <span class='ocrx_word' id='word_1_180' title='bbox 240 1508 305 1547; x_wconf 86' lang='lat' dir='ltr'>vir</span> <span class='ocrx_word' id='word_1_181' title='bbox 332 1508 663 1547; x_wconf 86' lang='lat' dir='ltr'>humanissimus</span> <span class='ocrx_word' id='word_1_182' title='bbox 691 1508 821 1546; x_wconf 85' lang='lat' dir='ltr'>ferme</span> <span class='ocrx_word' id='word_1_183' title='bbox 849 1509 1145 1558; x_wconf 82' lang='lat' dir='ltr'>sesquihoram.</span> <span class='ocrx_word' id='word_1_184' title='bbox 1218 1510 1325 1548; x_wconf 88' lang='lat' dir='ltr'>Mihi</span> <span class='ocrx_word' id='word_1_185' title='bbox 1353 1510 1521 1549; x_wconf 81' lang='lat' dir='ltr'>interim</span> <span class='ocrx_word' id='word_1_186' title='bbox 1550 1511 1733 1550; x_wconf 87' lang='lat' dir='ltr'>oboritur</span> 
     </span>
     <span class='ocr_line' id='line_1_24' title="bbox 142 1573 1733 1625; baseline 0.001 -11"><span class='ocrx_word' id='word_1_187' title='bbox 142 1574 396 1614; x_wconf 90' lang='lat' dir='ltr'>nonnullum</span> <span class='ocrx_word' id='word_1_188' title='bbox 427 1573 633 1612; x_wconf 85' lang='lat' dir='ltr'>stomachi</span> <span class='ocrx_word' id='word_1_189' title='bbox 663 1574 874 1621; x_wconf 87' lang='lat' dir='ltr'>taedium;</span> <span class='ocrx_word' id='word_1_190' title='bbox 904 1574 1011 1624; x_wconf 89' lang='lat' dir='ltr'>quod</span> <span class='ocrx_word' id='word_1_191' title='bbox 1040 1588 1134 1613; x_wconf 86' lang='lat' dir='ltr'>cum</span> <span class='ocrx_word' id='word_1_192' title='bbox 1160 1577 1453 1625; x_wconf 80' lang='lat' dir='ltr'>perseueraret⁷</span> <span class='ocrx_word' id='word_1_193' title='bbox 1486 1576 1656 1615; x_wconf 91' lang='lat' dir='ltr'>dimisso</span> <span class='ocrx_word' id='word_1_194' title='bbox 1686 1590 1733 1615; x_wconf 90' lang='lat' dir='ltr'>eo</span> 
     </span>
     <span class='ocr_line' id='line_1_25' title="bbox 140 1638 1732 1691; baseline 0 -11"><span class='ocrx_word' id='word_1_195' title='bbox 140 1640 337 1680; x_wconf 87' lang='lat' dir='ltr'>latrinam</span> <span class='ocrx_word' id='word_1_196' title='bbox 357 1638 469 1687; x_wconf 88' lang='lat' dir='ltr'>adeo,</span> <span class='ocrx_word' id='word_1_197' title='bbox 486 1638 634 1677; x_wconf 87' lang='lat' dir='ltr'>deiicio</span> <span class='ocrx_word' id='word_1_198' title='bbox 654 1639 807 1678; x_wconf 90' lang='lat' dir='ltr'>aluum.</span> <span class='ocrx_word' id='word_1_199' title='bbox 865 1640 929 1678; x_wconf 88' lang='lat' dir='ltr'>Ac</span> <span class='ocrx_word' id='word_1_200' title='bbox 949 1641 1139 1679; x_wconf 89' lang='lat' dir='ltr'>nondum</span> <span class='ocrx_word' id='word_1_201' title='bbox 1159 1640 1298 1679; x_wconf 89' lang='lat' dir='ltr'>leuato</span> <span class='ocrx_word' id='word_1_202' title='bbox 1318 1641 1533 1679; x_wconf 87' lang='lat' dir='ltr'>stomacho</span> <span class='ocrx_word' id='word_1_203' title='bbox 1552 1641 1732 1691; x_wconf 87' lang='lat' dir='ltr'>digitum</span> 
     </span>
     <span class='ocr_line' id='line_1_26' title="bbox 141 1703 1733 1757; baseline 0.001 -13"><span class='ocrx_word' id='word_1_204' title='bbox 141 1706 188 1744; x_wconf 92' lang='lat' dir='ltr'>in</span> <span class='ocrx_word' id='word_1_205' title='bbox 216 1719 262 1744; x_wconf 88' lang='lat' dir='ltr'>os</span> <span class='ocrx_word' id='word_1_206' title='bbox 289 1704 430 1743; x_wconf 88' lang='lat' dir='ltr'>iniicio</span> <span class='ocrx_word' id='word_1_207' title='bbox 458 1703 586 1743; x_wconf 90' lang='lat' dir='ltr'>semel</span> <span class='ocrx_word' id='word_1_208' title='bbox 614 1706 736 1755; x_wconf 75' lang='lat' dir='ltr'>atque</span> <span class='ocrx_word' id='word_1_209' title='bbox 766 1703 947 1743; x_wconf 84' lang='lat' dir='ltr'>iterum:</span> <span class='ocrx_word' id='word_1_210' title='bbox 981 1706 1119 1755; x_wconf 89' lang='lat' dir='ltr'>prodit</span> <span class='ocrx_word' id='word_1_211' title='bbox 1147 1706 1276 1756; x_wconf 90' lang='lat' dir='ltr'>piscis</span> <span class='ocrx_word' id='word_1_212' title='bbox 1303 1706 1376 1744; x_wconf 92' lang='lat' dir='ltr'>ille</span> <span class='ocrx_word' id='word_1_213' title='bbox 1403 1707 1565 1755; x_wconf 85' lang='lat' dir='ltr'>crudus,</span> <span class='ocrx_word' id='word_1_214' title='bbox 1598 1720 1733 1757; x_wconf 86' lang='lat' dir='ltr'>neque</span> 
     </span>
     <span class='ocr_line' id='line_1_27' title="bbox 142 1769 1731 1822; baseline 0.001 -13"><span class='ocrx_word' id='word_1_215' title='bbox 142 1770 363 1822; x_wconf 84' lang='lat' dir='ltr'>quicquam</span> <span class='ocrx_word' id='word_1_216' title='bbox 392 1771 554 1819; x_wconf 87' lang='lat' dir='ltr'>praeter</span> <span class='ocrx_word' id='word_1_217' title='bbox 582 1783 678 1808; x_wconf 88' lang='lat' dir='ltr'>eum</span> <span class='ocrx_word' id='word_1_218' title='bbox 716 1769 909 1809; x_wconf 88' lang='lat' dir='ltr'>reiicitur.</span> <span class='ocrx_word' id='word_1_219' title='bbox 984 1772 1024 1810; x_wconf 94' lang='lat' dir='ltr'>A</span> <span class='ocrx_word' id='word_1_220' title='bbox 1056 1771 1220 1810; x_wconf 89' lang='lat' dir='ltr'>vomitu</span> <span class='ocrx_word' id='word_1_221' title='bbox 1249 1771 1502 1810; x_wconf 86' lang='lat' dir='ltr'>decumbens</span> <span class='ocrx_word' id='word_1_222' title='bbox 1531 1785 1616 1811; x_wconf 92' lang='lat' dir='ltr'>non</span> <span class='ocrx_word' id='word_1_223' title='bbox 1644 1775 1731 1811; x_wconf 91' lang='lat' dir='ltr'>tam</span> 
     </span>
     <span class='ocr_line' id='line_1_28' title="bbox 143 1835 1732 1887; baseline 0 -11"><span class='ocrx_word' id='word_1_224' title='bbox 143 1836 302 1876; x_wconf 90' lang='lat' dir='ltr'>dormio</span> <span class='ocrx_word' id='word_1_225' title='bbox 332 1848 458 1886; x_wconf 84' lang='lat' dir='ltr'>quam</span> <span class='ocrx_word' id='word_1_226' title='bbox 486 1836 708 1885; x_wconf 80' lang='lat' dir='ltr'>acquiesco,</span> <span class='ocrx_word' id='word_1_227' title='bbox 739 1835 857 1874; x_wconf 89' lang='lat' dir='ltr'>nullo</span> <span class='ocrx_word' id='word_1_228' title='bbox 885 1836 1033 1886; x_wconf 87' lang='lat' dir='ltr'>capitis</span> <span class='ocrx_word' id='word_1_229' title='bbox 1061 1839 1134 1875; x_wconf 91' lang='lat' dir='ltr'>aut</span> <span class='ocrx_word' id='word_1_230' title='bbox 1170 1837 1352 1887; x_wconf 86' lang='lat' dir='ltr'>corporis</span> <span class='ocrx_word' id='word_1_231' title='bbox 1379 1837 1546 1876; x_wconf 88' lang='lat' dir='ltr'>dolore:</span> <span class='ocrx_word' id='word_1_232' title='bbox 1585 1838 1732 1877; x_wconf 86' lang='lat' dir='ltr'>deinde</span> 
     </span>
     <span class='ocr_line' id='line_1_29' title="bbox 143 1901 1730 1952; baseline 0.002 -14"><span class='ocrx_word' id='word_1_233' title='bbox 143 1903 287 1952; x_wconf 87' lang='lat' dir='ltr'>pactus</span> <span class='ocrx_word' id='word_1_234' title='bbox 314 1913 410 1939; x_wconf 88' lang='lat' dir='ltr'>cum</span> <span class='ocrx_word' id='word_1_235' title='bbox 443 1901 587 1950; x_wconf 85' lang='lat' dir='ltr'>auriga</span> <span class='ocrx_word' id='word_1_236' title='bbox 618 1901 667 1938; x_wconf 87' lang='lat' dir='ltr'>de</span> <span class='ocrx_word' id='word_1_237' title='bbox 698 1901 892 1940; x_wconf 87' lang='lat' dir='ltr'>mant-icis</span> <span class='ocrx_word' id='word_1_238' title='bbox 918 1914 1060 1940; x_wconf 89' lang='lat' dir='ltr'>rursus</span> <span class='ocrx_word' id='word_1_239' title='bbox 1083 1902 1242 1940; x_wconf 90' lang='lat' dir='ltr'>inuitor</span> <span class='ocrx_word' id='word_1_240' title='bbox 1268 1903 1319 1940; x_wconf 88' lang='lat' dir='ltr'>ad</span> <span class='ocrx_word' id='word_1_241' title='bbox 1346 1905 1592 1941; x_wconf 84' lang='lat' dir='ltr'>nocturnam</span> <span class='ocrx_word' id='word_1_242' title='bbox 1622 1916 1730 1941; x_wconf 89' lang='lat' dir='ltr'>com-</span> 
     </span>
     <span class='ocr_line' id='line_1_30' title="bbox 143 1965 1733 2017; baseline 0.002 -14"><span class='ocrx_word' id='word_1_243' title='bbox 143 1965 406 2016; x_wconf 87' lang='lat' dir='ltr'>potationem.</span> <span class='ocrx_word' id='word_1_244' title='bbox 465 1965 643 2012; x_wconf 84' lang='lat' dir='ltr'>Excuso,</span> <span class='ocrx_word' id='word_1_245' title='bbox 672 1978 758 2004; x_wconf 91' lang='lat' dir='ltr'>non</span> <span class='ocrx_word' id='word_1_246' title='bbox 794 1965 974 2015; x_wconf 88' lang='lat' dir='ltr'>proficio.</span> <span class='ocrx_word' id='word_1_247' title='bbox 1043 1966 1232 2004; x_wconf 85' lang='lat' dir='ltr'>Sciebam</span> <span class='ocrx_word' id='word_1_248' title='bbox 1272 1967 1535 2005; x_wconf 88' lang='lat' dir='ltr'>stomachum</span> <span class='ocrx_word' id='word_1_249' title='bbox 1573 1970 1733 2017; x_wconf 88' lang='lat' dir='ltr'>praeter</span> 
     </span>
     <span class='ocr_line' id='line_1_31' title="bbox 143 2030 1732 2081; baseline 0.001 -11"><span class='ocrx_word' id='word_1_250' title='bbox 143 2031 303 2081; x_wconf 83' lang='lat' dir='ltr'>tepidas</span> <span class='ocrx_word' id='word_1_251' title='bbox 341 2030 664 2069; x_wconf 85' lang='lat' dir='ltr'>sorbitiunculas</span> <span class='ocrx_word' id='word_1_252' title='bbox 709 2031 818 2069; x_wconf 87' lang='lat' dir='ltr'>nihil</span> <span class='ocrx_word' id='word_1_253' title='bbox 859 2031 1149 2070; x_wconf 86' lang='lat' dir='ltr'>admissurum.</span> <span class='ocrx_word' id='word_1_254' title='bbox 1224 2031 1332 2070; x_wconf 90' lang='lat' dir='ltr'>Nam</span> <span class='ocrx_word' id='word_1_255' title='bbox 1379 2032 1490 2071; x_wconf 87' lang='lat' dir='ltr'>idem</span> <span class='ocrx_word' id='word_1_256' title='bbox 1529 2033 1732 2071; x_wconf 88' lang='lat' dir='ltr'>acciderat</span> 
     </span>
     <span class='ocr_line' id='line_1_32' title="bbox 143 2095 1732 2147; baseline 0.001 -12"><span class='ocrx_word' id='word_1_257' title='bbox 143 2096 338 2144; x_wconf 88' lang='lat' dir='ltr'>Basileae,</span> <span class='ocrx_word' id='word_1_258' title='bbox 371 2108 467 2133; x_wconf 86' lang='lat' dir='ltr'>cum</span> <span class='ocrx_word' id='word_1_259' title='bbox 506 2097 623 2134; x_wconf 83' lang='lat' dir='ltr'>nocte</span> <span class='ocrx_word' id='word_1_260' title='bbox 653 2095 840 2145; x_wconf 82' lang='lat' dir='ltr'>quadam,</span> <span class='ocrx_word' id='word_1_261' title='bbox 877 2109 962 2134; x_wconf 91' lang='lat' dir='ltr'>non</span> <span class='ocrx_word' id='word_1_262' title='bbox 992 2096 1129 2135; x_wconf 87' lang='lat' dir='ltr'>ferens</span> <span class='ocrx_word' id='word_1_263' title='bbox 1162 2096 1214 2135; x_wconf 91' lang='lat' dir='ltr'>ob</span> <span class='ocrx_word' id='word_1_264' title='bbox 1248 2097 1502 2136; x_wconf 83' lang='lat' dir='ltr'>incidentem</span> <span class='ocrx_word' id='word_1_265' title='bbox 1536 2097 1732 2147; x_wconf 89' lang='lat' dir='ltr'>pituitam</span> 
     </span>
     <span class='ocr_line' id='line_1_33' title="bbox 145 2160 1732 2212; baseline -0.001 -10"><span class='ocrx_word' id='word_1_266' title='bbox 145 2161 348 2202; x_wconf 89' lang='lat' dir='ltr'>stomachi</span> <span class='ocrx_word' id='word_1_267' title='bbox 368 2160 605 2208; x_wconf 85' lang='lat' dir='ltr'>cruciatum,</span> <span class='ocrx_word' id='word_1_268' title='bbox 628 2161 758 2199; x_wconf 84' lang='lat' dir='ltr'>simili</span> <span class='ocrx_word' id='word_1_269' title='bbox 783 2161 907 2199; x_wconf 89' lang='lat' dir='ltr'>modo</span> <span class='ocrx_word' id='word_1_270' title='bbox 933 2174 1029 2199; x_wconf 91' lang='lat' dir='ltr'>eum</span> <span class='ocrx_word' id='word_1_271' title='bbox 1052 2161 1281 2200; x_wconf 88' lang='lat' dir='ltr'>leuassem:</span> <span class='ocrx_word' id='word_1_272' title='bbox 1310 2163 1468 2201; x_wconf 90' lang='lat' dir='ltr'>mensis</span> <span class='ocrx_word' id='word_1_273' title='bbox 1497 2165 1584 2200; x_wconf 90' lang='lat' dir='ltr'>erat</span> <span class='ocrx_word' id='word_1_274' title='bbox 1604 2163 1732 2212; x_wconf 87' lang='lat' dir='ltr'>prius-</span> 
     </span>
     <span class='ocr_line' id='line_1_34' title="bbox 144 2225 1731 2279; baseline 0 -13"><span class='ocrx_word' id='word_1_275' title='bbox 144 2241 272 2279; x_wconf 86' lang='lat' dir='ltr'>quam</span> <span class='ocrx_word' id='word_1_276' title='bbox 292 2226 529 2265; x_wconf 88' lang='lat' dir='ltr'>stomachus</span> <span class='ocrx_word' id='word_1_277' title='bbox 548 2238 644 2263; x_wconf 91' lang='lat' dir='ltr'>cum</span> <span class='ocrx_word' id='word_1_278' title='bbox 663 2225 765 2263; x_wconf 89' lang='lat' dir='ltr'>cibis</span> <span class='ocrx_word' id='word_1_279' title='bbox 785 2225 829 2264; x_wconf 87' lang='lat' dir='ltr'>in</span> <span class='ocrx_word' id='word_1_280' title='bbox 849 2226 1025 2275; x_wconf 85' lang='lat' dir='ltr'>gratiam</span> <span class='ocrx_word' id='word_1_281' title='bbox 1039 2226 1172 2264; x_wconf 87' lang='lat' dir='ltr'>redire</span> <span class='ocrx_word' id='word_1_282' title='bbox 1184 2227 1330 2276; x_wconf 92' lang='lat' dir='ltr'>potuit.</span> <span class='ocrx_word' id='word_1_283' title='bbox 1391 2229 1629 2277; x_wconf 86' lang='lat' dir='ltr'>Apparatus</span> <span class='ocrx_word' id='word_1_284' title='bbox 1640 2231 1731 2266; x_wconf 90' lang='lat' dir='ltr'>tum</span> 
     </span>
    </p>
   </div>
   <div class='ocr_carea' id='block_1_5' title="bbox 1653 172 1731 210">
    <p class='ocr_par' dir='ltr' id='par_1_6' title="bbox 1653 172 1731 210">
     <span class='ocr_line' id='line_1_35' title="bbox 1653 172 1731 210; baseline 0 0"><span class='ocrx_word' id='word_1_285' title='bbox 1653 172 1731 210; x_wconf 84' lang='lat'>397</span> 
     </span>
    </p>
   </div>
   <div class='ocr_carea' id='block_1_6' title="bbox 145 2322 1732 2449">
    <p class='ocr_par' dir='ltr' id='par_1_7' title="bbox 145 2322 1732 2449">
     <span class='ocr_line' id='line_1_36' title="bbox 192 2322 1732 2363; baseline -0.001 -7"><span class='ocrx_word' id='word_1_286' title='bbox 192 2335 263 2356; x_wconf 88' lang='lat'><em>112.</em></span> <span class='ocrx_word' id='word_1_287' title='bbox 289 2323 538 2362; x_wconf 80' lang='lat' dir='ltr'>compotabant</span> <span class='ocrx_word' id='word_1_288' title='bbox 554 2325 600 2353; x_wconf 87' lang='lat' dir='ltr'>E:</span> <span class='ocrx_word' id='word_1_289' title='bbox 626 2322 836 2353; x_wconf 85' lang='lat' dir='ltr'>conuiuium</span> <span class='ocrx_word' id='word_1_290' title='bbox 851 2323 1034 2362; x_wconf 82' lang='lat' dir='ltr'>agitabant</span> <span class='ocrx_word' id='word_1_291' title='bbox 1048 2326 1082 2353; x_wconf 83' lang='lat' dir='ltr'>P.</span> <span class='ocrx_word' id='word_1_292' title='bbox 1165 2333 1236 2361; x_wconf 86' lang='lat'><em>114.</em></span> <span class='ocrx_word' id='word_1_293' title='bbox 1262 2325 1340 2354; x_wconf 86' lang='lat' dir='ltr'>tum</span> <span class='ocrx_word' id='word_1_294' title='bbox 1358 2326 1431 2356; x_wconf 77' lang='lat' dir='ltr'>add.</span> <span class='ocrx_word' id='word_1_295' title='bbox 1448 2327 1485 2355; x_wconf 81' lang='lat' dir='ltr'>F.</span> <span class='ocrx_word' id='word_1_296' title='bbox 1571 2333 1641 2363; x_wconf 85' lang='lat'><em>115.</em></span> <span class='ocrx_word' id='word_1_297' title='bbox 1668 2324 1732 2355; x_wconf 86' lang='lat' dir='ltr'>Po-</span> 
     </span>
     <span class='ocr_line' id='line_1_37' title="bbox 145 2365 1732 2408; baseline -0.001 -7"><span class='ocrx_word' id='word_1_298' title='bbox 145 2371 264 2401; x_wconf 86' lang='lat' dir='ltr'>tatum</span> <span class='ocrx_word' id='word_1_299' title='bbox 281 2392 289 2399; x_wconf 91' lang='lat'>.</span> <span class='ocrx_word' id='word_1_300' title='bbox 309 2391 317 2399; x_wconf 91' lang='lat'>.</span> <span class='ocrx_word' id='word_1_301' title='bbox 334 2391 342 2398; x_wconf 92' lang='lat'>.</span> <span class='ocrx_word' id='word_1_302' title='bbox 362 2367 434 2405; x_wconf 87' lang='lat' dir='ltr'>Ego</span> <span class='ocrx_word' id='word_1_303' title='bbox 450 2368 497 2397; x_wconf 90' lang='lat' dir='ltr'>E:</span> <span class='ocrx_word' id='word_1_304' title='bbox 523 2365 613 2396; x_wconf 92' lang='lat' dir='ltr'>Cum</span> <span class='ocrx_word' id='word_1_305' title='bbox 629 2366 667 2396; x_wconf 90' lang='lat' dir='ltr'>in</span> <span class='ocrx_word' id='word_1_306' title='bbox 684 2366 838 2397; x_wconf 87' lang='lat' dir='ltr'>multam</span> <span class='ocrx_word' id='word_1_307' title='bbox 854 2368 1005 2406; x_wconf 80' lang='lat' dir='ltr'>noctem,</span> <span class='ocrx_word' id='word_1_308' title='bbox 1023 2376 1109 2397; x_wconf 86' lang='lat' dir='ltr'>nam</span> <span class='ocrx_word' id='word_1_309' title='bbox 1129 2367 1241 2398; x_wconf 87' lang='lat' dir='ltr'>serius</span> <span class='ocrx_word' id='word_1_310' title='bbox 1259 2367 1510 2407; x_wconf 76' lang='lat' dir='ltr'>aecubuerant,</span> <span class='ocrx_word' id='word_1_311' title='bbox 1530 2377 1639 2399; x_wconf 87' lang='lat' dir='ltr'>coena</span> <span class='ocrx_word' id='word_1_312' title='bbox 1654 2378 1732 2408; x_wconf 89' lang='lat' dir='ltr'>pro-</span> 
     </span>
     <span class='ocr_line' id='line_1_38' title="bbox 146 2409 1731 2449; baseline -0.002 -4"><span class='ocrx_word' id='word_1_313' title='bbox 146 2414 300 2445; x_wconf 80' lang='lat' dir='ltr'>ferretur</span> <span class='ocrx_word' id='word_1_314' title='bbox 316 2410 458 2448; x_wconf 86' lang='lat' dir='ltr'>fabulis,</span> <span class='ocrx_word' id='word_1_315' title='bbox 477 2419 539 2449; x_wconf 84' lang='lat' dir='ltr'>ego</span> <span class='ocrx_word' id='word_1_316' title='bbox 552 2412 589 2440; x_wconf 78' lang='lat' dir='ltr'>F.</span> <span class='ocrx_word' id='word_1_317' title='bbox 700 2418 770 2440; x_wconf 87' lang='lat'><em>121.</em></span> <span class='ocrx_word' id='word_1_318' title='bbox 795 2409 983 2441; x_wconf 78' lang='lat' dir='ltr'>stockfisch</span> <span class='ocrx_word' id='word_1_319' title='bbox 999 2420 1058 2441; x_wconf 84' lang='lat' dir='ltr'>om.</span> <span class='ocrx_word' id='word_1_320' title='bbox 1076 2413 1112 2440; x_wconf 89' lang='lat' dir='ltr'>F.</span> <span class='ocrx_word' id='word_1_321' title='bbox 1180 2410 1314 2449; x_wconf 89' lang='lat' dir='ltr'>alioqui</span> <span class='ocrx_word' id='word_1_322' title='bbox 1330 2414 1404 2442; x_wconf 79' lang='lat' dir='ltr'>add.</span> <span class='ocrx_word' id='word_1_323' title='bbox 1421 2415 1457 2443; x_wconf 86' lang='lat' dir='ltr'>F.</span> <span class='ocrx_word' id='word_1_324' title='bbox 1573 2421 1642 2449; x_wconf 88' lang='lat'><em>131.</em></span> <span class='ocrx_word' id='word_1_325' title='bbox 1670 2421 1731 2442; x_wconf 91' lang='lat' dir='ltr'>no-</span> 
     </span>
    </p>
   </div>
   <div class='ocr_carea' id='block_1_7' title="bbox 146 2453 900 2492">
    <p class='ocr_par' dir='ltr' id='par_1_8' title="bbox 146 2453 900 2492">
     <span class='ocr_line' id='line_1_39' title="bbox 146 2453 900 2492; baseline -0.004 -5"><span class='ocrx_word' id='word_1_326' title='bbox 146 2459 312 2487; x_wconf 86' lang='lat' dir='ltr'>cturnam</span> <span class='ocrx_word' id='word_1_327' title='bbox 329 2453 628 2492; x_wconf 85' lang='lat' dir='ltr'>compotationem</span> <span class='ocrx_word' id='word_1_328' title='bbox 642 2455 671 2483; x_wconf 86' lang='lat' dir='ltr'><em>E</em></span> <span class='ocrx_word' id='word_1_329' title='bbox 685 2464 692 2483; x_wconf 90' lang='lat'><strong>:</strong></span> <span class='ocrx_word' id='word_1_330' title='bbox 708 2462 853 2484; x_wconf 86' lang='lat' dir='ltr'>coenam</span> <span class='ocrx_word' id='word_1_331' title='bbox 863 2455 900 2484; x_wconf 83' lang='lat' dir='ltr'>F.</span> 
     </span>
    </p>
   </div>
   <div class='ocr_carea' id='block_1_8' title="bbox 145 2523 907 3041">
    <p class='ocr_par' dir='ltr' id='par_1_9' title="bbox 145 2523 905 2646">
     <span class='ocr_line' id='line_1_40' title="bbox 192 2523 901 2566; baseline -0.003 -8"><span class='ocrx_word' id='word_1_332' title='bbox 192 2538 262 2559; x_wconf 93' lang='lat'><em>111.</em></span> <span class='ocrx_word' id='word_1_333' title='bbox 289 2528 501 2557; x_wconf 81' lang='lat' dir='ltr'>canonicum</span> <span class='ocrx_word' id='word_1_334' title='bbox 518 2524 716 2566; x_wconf 87' lang='lat' dir='ltr'>quendam]</span> <span class='ocrx_word' id='word_1_335' title='bbox 735 2524 780 2555; x_wconf 90' lang='lat' dir='ltr'>In</span> <span class='ocrx_word' id='word_1_336' title='bbox 791 2523 901 2556; x_wconf 88' lang='lat' dir='ltr'>Lond.</span> 
     </span>
     <span class='ocr_line' id='line_1_41' title="bbox 145 2569 905 2608; baseline -0.004 -6"><span class='ocrx_word' id='word_1_337' title='bbox 145 2573 217 2602; x_wconf 86' lang='lat' dir='ltr'>xix.</span> <span class='ocrx_word' id='word_1_338' title='bbox 237 2579 307 2608; x_wconf 85' lang='lat'><em>105,</em></span> <span class='ocrx_word' id='word_1_339' title='bbox 327 2570 397 2600; x_wconf 89' lang='lat' dir='ltr'>LB.</span> <span class='ocrx_word' id='word_1_340' title='bbox 417 2570 477 2607; x_wconf 87' lang='lat'>287</span> <span class='ocrx_word' id='word_1_341' title='bbox 503 2569 672 2600; x_wconf 81' lang='lat' dir='ltr'>Erasmus</span> <span class='ocrx_word' id='word_1_342' title='bbox 695 2570 804 2600; x_wconf 87' lang='lat' dir='ltr'>states</span> <span class='ocrx_word' id='word_1_343' title='bbox 827 2569 905 2599; x_wconf 85' lang='lat' dir='ltr'>that</span> 
     </span>
     <span class='ocr_line' id='line_1_42' title="bbox 146 2612 704 2646; baseline -0.007 0"><span class='ocrx_word' id='word_1_344' title='bbox 146 2616 204 2646; x_wconf 88' lang='lat' dir='ltr'>his</span> <span class='ocrx_word' id='word_1_345' title='bbox 220 2614 412 2645; x_wconf 86' lang='lat' dir='ltr'>conductor</span> <span class='ocrx_word' id='word_1_346' title='bbox 427 2622 499 2644; x_wconf 85' lang='lat' dir='ltr'>was</span> <span class='ocrx_word' id='word_1_347' title='bbox 514 2613 576 2643; x_wconf 86' lang='lat' dir='ltr'>the</span> <span class='ocrx_word' id='word_1_348' title='bbox 592 2612 704 2643; x_wconf 86' lang='lat' dir='ltr'>Dean.</span> 
     </span>
    </p>

    <p class='ocr_par' dir='ltr' id='par_1_10' title="bbox 150 2655 901 2732">
     <span class='ocr_line' id='line_1_43' title="bbox 193 2655 901 2697; baseline -0.004 -9"><span class='ocrx_word' id='word_1_349' title='bbox 193 2667 264 2689; x_wconf 88' lang='lat'><em>112.</em></span> <span class='ocrx_word' id='word_1_350' title='bbox 289 2656 467 2697; x_wconf 85' lang='lat' dir='ltr'>Cantoris]</span> <span class='ocrx_word' id='word_1_351' title='bbox 492 2656 589 2687; x_wconf 88' lang='lat' dir='ltr'>John</span> <span class='ocrx_word' id='word_1_352' title='bbox 611 2655 809 2686; x_wconf 86' lang='lat' dir='ltr'>Suderman</span> <span class='ocrx_word' id='word_1_353' title='bbox 834 2655 901 2695; x_wconf 68' lang='grc' dir='ltr'>(ψο.</span> 
     </span>
     <span class='ocr_line' id='line_1_44' title="bbox 150 2712 262 2732; baseline -0.009 0"><span class='ocrx_word' id='word_1_354' title='bbox 150 2712 164 2732; x_wconf 83' lang='grc'>1</span> <span class='ocrx_word' id='word_1_355' title='bbox 216 2712 229 2732; x_wconf 85' lang='grc'>1</span> <span class='ocrx_word' id='word_1_356' title='bbox 252 2723 262 2731; x_wconf 92' lang='grc'><strong><em>.</em></strong></span> 
     </span>
    </p>

    <p class='ocr_par' dir='ltr' id='par_1_11' title="bbox 147 2701 906 2955">
     <span class='ocr_line' id='line_1_45' title="bbox 168 2701 905 2783; baseline -0.004 -8"><span class='ocrx_word' id='word_1_357' title='bbox 168 2711 210 2742; x_wconf 68' lang='lat'>⁵4</span> <span class='ocrx_word' id='word_1_358' title='bbox 227 2701 493 2783; x_wconf 60' lang='lat' dir='ltr'>gompotabant]</span> <span class='ocrx_word' id='word_1_359' title='bbox 505 2742 579 2772; x_wconf 85' lang='lat' dir='ltr'>The</span> <span class='ocrx_word' id='word_1_360' title='bbox 591 2742 743 2781; x_wconf 85' lang='lat' dir='ltr'>changes</span> <span class='ocrx_word' id='word_1_361' title='bbox 752 2741 855 2773; x_wconf 88' lang='lat' dir='ltr'>made</span> <span class='ocrx_word' id='word_1_362' title='bbox 866 2742 905 2772; x_wconf 87' lang='lat' dir='ltr'>in</span> 
     </span>
     <span class='ocr_line' id='line_1_46' title="bbox 147 2784 906 2824; baseline -0.007 -5"><span class='ocrx_word' id='word_1_363' title='bbox 147 2788 175 2819; x_wconf 87' lang='lat' dir='ltr'>F</span> <span class='ocrx_word' id='word_1_364' title='bbox 184 2789 269 2818; x_wconf 85' lang='lat' dir='ltr'>here</span> <span class='ocrx_word' id='word_1_365' title='bbox 279 2786 352 2818; x_wconf 85' lang='lat' dir='ltr'>and</span> <span class='ocrx_word' id='word_1_366' title='bbox 364 2786 403 2816; x_wconf 89' lang='lat' dir='ltr'>in</span> <span class='ocrx_word' id='word_1_367' title='bbox 414 2785 451 2816; x_wconf 94' lang='lat' dir='ltr'>ll.</span> <span class='ocrx_word' id='word_1_368' title='bbox 465 2795 536 2824; x_wconf 85' lang='lat'><em>115,</em></span> <span class='ocrx_word' id='word_1_369' title='bbox 554 2794 612 2824; x_wconf 86' lang='lat'><em>131</em></span> <span class='ocrx_word' id='word_1_370' title='bbox 625 2794 683 2816; x_wconf 86' lang='lat' dir='ltr'>are</span> <span class='ocrx_word' id='word_1_371' title='bbox 694 2784 906 2824; x_wconf 79' lang='lat' dir='ltr'>sufficiently</span> 
     </span>
     <span class='ocr_line' id='line_1_47' title="bbox 147 2828 906 2871; baseline -0.007 -8"><span class='ocrx_word' id='word_1_372' title='bbox 147 2830 338 2871; x_wconf 85' lang='lat' dir='ltr'>explained</span> <span class='ocrx_word' id='word_1_373' title='bbox 362 2830 408 2868; x_wconf 86' lang='lat' dir='ltr'>by</span> <span class='ocrx_word' id='word_1_374' title='bbox 425 2828 535 2860; x_wconf 91' lang='lat' dir='ltr'>Lond.</span> <span class='ocrx_word' id='word_1_375' title='bbox 553 2829 625 2859; x_wconf 87' lang='lat' dir='ltr'>xix.</span> <span class='ocrx_word' id='word_1_376' title='bbox 645 2838 716 2867; x_wconf 91' lang='grc'>105,</span> <span class='ocrx_word' id='word_1_377' title='bbox 735 2828 804 2860; x_wconf 87' lang='lat' dir='ltr'><em>LB.</em></span> <span class='ocrx_word' id='word_1_378' title='bbox 821 2829 883 2867; x_wconf 92' lang='lat'>287</span> <span class='ocrx_word' id='word_1_379' title='bbox 898 2839 906 2867; x_wconf 87' lang='lat'>;</span> 
     </span>
     <span class='ocr_line' id='line_1_48' title="bbox 148 2872 906 2905; baseline -0.005 1"><span class='ocrx_word' id='word_1_380' title='bbox 148 2875 268 2905; x_wconf 88' lang='lat' dir='ltr'>where</span> <span class='ocrx_word' id='word_1_381' title='bbox 300 2874 468 2904; x_wconf 83' lang='lat' dir='ltr'>Erasmus</span> <span class='ocrx_word' id='word_1_382' title='bbox 497 2872 581 2903; x_wconf 90' lang='lat' dir='ltr'>does</span> <span class='ocrx_word' id='word_1_383' title='bbox 615 2872 673 2902; x_wconf 89' lang='lat' dir='ltr'>his</span> <span class='ocrx_word' id='word_1_384' title='bbox 706 2874 840 2903; x_wconf 84' lang='lat' dir='ltr'>utmost</span> <span class='ocrx_word' id='word_1_385' title='bbox 871 2874 906 2902; x_wconf 86' lang='lat' dir='ltr'>to</span> 
     </span>
     <span class='ocr_line' id='line_1_49' title="bbox 147 2914 894 2955; baseline -0.007 -5"><span class='ocrx_word' id='word_1_386' title='bbox 147 2919 264 2950; x_wconf 79' lang='lat' dir='ltr'>soften</span> <span class='ocrx_word' id='word_1_387' title='bbox 279 2917 384 2948; x_wconf 85' lang='lat' dir='ltr'>down</span> <span class='ocrx_word' id='word_1_388' title='bbox 401 2916 476 2947; x_wconf 87' lang='lat' dir='ltr'>this</span> <span class='ocrx_word' id='word_1_389' title='bbox 490 2914 698 2954; x_wconf 84' lang='lat' dir='ltr'>unguarded</span> <span class='ocrx_word' id='word_1_390' title='bbox 713 2915 894 2955; x_wconf 81' lang='lat' dir='ltr'>language.</span> 
     </span>
    </p>

    <p class='ocr_par' dir='ltr' id='par_1_12' title="bbox 149 2958 907 3041">
     <span class='ocr_line' id='line_1_50' title="bbox 195 2958 907 3001; baseline -0.006 -9"><span class='ocrx_word' id='word_1_391' title='bbox 195 2971 264 3001; x_wconf 89' lang='lat'><em>117.</em></span> <span class='ocrx_word' id='word_1_392' title='bbox 291 2958 587 2999; x_wconf 81' lang='lat' dir='ltr'>Vicepraepositi]</span> <span class='ocrx_word' id='word_1_393' title='bbox 616 2958 767 2989; x_wconf 81' lang='lat' dir='ltr'>Werner</span> <span class='ocrx_word' id='word_1_394' title='bbox 794 2958 907 2997; x_wconf 85' lang='lat' dir='ltr'>Huyn</span> 
     </span>
     <span class='ocr_line' id='line_1_51' title="bbox 149 3002 905 3041; baseline -0.004 -4"><span class='ocrx_word' id='word_1_395' title='bbox 149 3006 188 3037; x_wconf 88' lang='lat' dir='ltr'>of</span> <span class='ocrx_word' id='word_1_396' title='bbox 221 3002 452 3041; x_wconf 87' lang='lat' dir='ltr'>Anstenroid,</span> <span class='ocrx_word' id='word_1_397' title='bbox 493 3002 744 3034; x_wconf 82' lang='lat' dir='ltr'>vice-Provost</span> <span class='ocrx_word' id='word_1_398' title='bbox 781 3002 820 3033; x_wconf 89' lang='lat' dir='ltr'>of</span> <span class='ocrx_word' id='word_1_399' title='bbox 855 3002 905 3034; x_wconf 87' lang='lat' dir='ltr'>St.</span> 
     </span>
    </p>
   </div>
   <div class='ocr_carea' id='block_1_9' title="bbox 994 2454 1730 2493">
    <p class='ocr_par' dir='ltr' id='par_1_13' title="bbox 994 2454 1730 2493">
     <span class='ocr_line' id='line_1_52' title="bbox 994 2454 1730 2493; baseline 0.001 -9"><span class='ocrx_word' id='word_1_400' title='bbox 994 2454 1063 2493; x_wconf 88' lang='lat'>136.</span> <span class='ocrx_word' id='word_1_401' title='bbox 1081 2454 1286 2493; x_wconf 87' lang='lat' dir='ltr'>Apparatus</span> <span class='ocrx_word' id='word_1_402' title='bbox 1298 2477 1306 2486; x_wconf 91' lang='lat'>.</span> <span class='ocrx_word' id='word_1_403' title='bbox 1324 2478 1330 2484; x_wconf 93' lang='lat'>.</span> <span class='ocrx_word' id='word_1_404' title='bbox 1345 2478 1353 2485; x_wconf 93' lang='lat'>.</span> <span class='ocrx_word' id='word_1_405' title='bbox 1371 2464 1441 2493; x_wconf 82' lang='lat'><em>137.</em></span> <span class='ocrx_word' id='word_1_406' title='bbox 1463 2455 1595 2486; x_wconf 86' lang='lat' dir='ltr'>frustra</span> <span class='ocrx_word' id='word_1_407' title='bbox 1608 2457 1681 2485; x_wconf 76' lang='lat' dir='ltr'>add.</span> <span class='ocrx_word' id='word_1_408' title='bbox 1694 2457 1730 2485; x_wconf 83' lang='lat' dir='ltr'>F.</span> 
     </span>
    </p>
   </div>
   <div class='ocr_carea' id='block_1_10' title="bbox 972 2525 1733 3042">
    <p class='ocr_par' dir='ltr' id='par_1_14' title="bbox 972 2525 1732 2730">
     <span class='ocr_line' id='line_1_53' title="bbox 975 2525 1731 2565; baseline 0 -10"><span class='ocrx_word' id='word_1_409' title='bbox 975 2525 1107 2564; x_wconf 74' lang='lat' dir='ltr'>Mary&#39;s</span> <span class='ocrx_word' id='word_1_410' title='bbox 1121 2527 1156 2556; x_wconf 86' lang='lat' dir='ltr'>at</span> <span class='ocrx_word' id='word_1_411' title='bbox 1166 2525 1315 2556; x_wconf 76' lang='lat' dir='ltr'>Aachen</span> <span class='ocrx_word' id='word_1_412' title='bbox 1330 2534 1370 2564; x_wconf 88' lang='lat'>25</span> <span class='ocrx_word' id='word_1_413' title='bbox 1383 2525 1463 2557; x_wconf 87' lang='lat' dir='ltr'>Jan.</span> <span class='ocrx_word' id='word_1_414' title='bbox 1481 2536 1619 2565; x_wconf 87' lang='lat' dir='ltr'><em>1517-p.</em></span> <span class='ocrx_word' id='word_1_415' title='bbox 1635 2526 1731 2565; x_wconf 79' lang='lat'><em>15283</em></span> 
     </span>
     <span class='ocr_line' id='line_1_54' title="bbox 973 2568 1732 2607; baseline 0.003 -9"><span class='ocrx_word' id='word_1_416' title='bbox 973 2577 1031 2598; x_wconf 85' lang='lat' dir='ltr'>see</span> <span class='ocrx_word' id='word_1_417' title='bbox 1059 2568 1097 2599; x_wconf 89' lang='grc' dir='ltr'>Ο.</span> <span class='ocrx_word' id='word_1_418' title='bbox 1123 2568 1163 2600; x_wconf 90' lang='lat' dir='ltr'>R.</span> <span class='ocrx_word' id='word_1_419' title='bbox 1190 2568 1340 2599; x_wconf 87' lang='lat' dir='ltr'>Redlich</span> <span class='ocrx_word' id='word_1_420' title='bbox 1366 2570 1405 2599; x_wconf 91' lang='lat' dir='ltr'>in</span> <span class='ocrx_word' id='word_1_421' title='bbox 1427 2572 1476 2601; x_wconf 86' lang='lat' dir='ltr'>Zs.</span> <span class='ocrx_word' id='word_1_422' title='bbox 1503 2572 1533 2600; x_wconf 85' lang='lat' dir='ltr'><em>d.</em></span> <span class='ocrx_word' id='word_1_423' title='bbox 1562 2572 1732 2607; x_wconf 70' lang='lat' dir='ltr'>berqischen</span> 
     </span>
     <span class='ocr_line' id='line_1_55' title="bbox 975 2612 1729 2653; baseline 0.003 -12"><span class='ocrx_word' id='word_1_424' title='bbox 975 2614 1243 2642; x_wconf 74' lang='lat' dir='ltr'>Gesclzichlvereins</span> <span class='ocrx_word' id='word_1_425' title='bbox 1266 2612 1316 2642; x_wconf 83' lang='lat' dir='ltr'>xli</span> <span class='ocrx_word' id='word_1_426' title='bbox 1344 2613 1469 2653; x_wconf 87' lang='lat'>(1908),</span> <span class='ocrx_word' id='word_1_427' title='bbox 1487 2622 1544 2652; x_wconf 91' lang='lat' dir='ltr'>pp.</span> <span class='ocrx_word' id='word_1_428' title='bbox 1566 2622 1638 2651; x_wconf 87' lang='lat'><em>170,</em></span> <span class='ocrx_word' id='word_1_429' title='bbox 1660 2622 1729 2652; x_wconf 88' lang='lat'><em>177.</em></span> 
     </span>
     <span class='ocr_line' id='line_1_56' title="bbox 973 2655 1731 2696; baseline 0.001 -10"><span class='ocrx_word' id='word_1_430' title='bbox 973 2655 1018 2686; x_wconf 90' lang='lat' dir='ltr'>In</span> <span class='ocrx_word' id='word_1_431' title='bbox 1036 2655 1147 2686; x_wconf 81' lang='lat' dir='ltr'>Lond.</span> <span class='ocrx_word' id='word_1_432' title='bbox 1164 2656 1234 2686; x_wconf 82' lang='lat' dir='ltr'>xix.</span> <span class='ocrx_word' id='word_1_433' title='bbox 1255 2665 1325 2694; x_wconf 90' lang='grc'>105,</span> <span class='ocrx_word' id='word_1_434' title='bbox 1341 2655 1410 2686; x_wconf 90' lang='lat' dir='ltr'><em>LB.</em></span> <span class='ocrx_word' id='word_1_435' title='bbox 1428 2656 1488 2694; x_wconf 88' lang='lat'>287</span> <span class='ocrx_word' id='word_1_436' title='bbox 1506 2656 1552 2686; x_wconf 89' lang='lat' dir='ltr'>he</span> <span class='ocrx_word' id='word_1_437' title='bbox 1569 2656 1599 2687; x_wconf 87' lang='lat' dir='ltr'>is</span> <span class='ocrx_word' id='word_1_438' title='bbox 1615 2656 1731 2696; x_wconf 86' lang='lat' dir='ltr'>styled</span> 
     </span>
     <span class='ocr_line' id='line_1_57' title="bbox 972 2709 1106 2730; baseline 0 -1"><span class='ocrx_word' id='word_1_439' title='bbox 972 2709 1106 2730; x_wconf 75' lang='lat' dir='ltr'>zuzaenzs.</span> 
     </span>
    </p>

    <p class='ocr_par' dir='ltr' id='par_1_15' title="bbox 974 2741 1733 2868">
     <span class='ocr_line' id='line_1_58' title="bbox 1020 2741 1733 2782; baseline 0.003 -11"><span class='ocrx_word' id='word_1_440' title='bbox 1020 2743 1089 2772; x_wconf 85' lang='lat'><em>118.</em></span> <span class='ocrx_word' id='word_1_441' title='bbox 1116 2741 1299 2782; x_wconf 82' lang='lat' dir='ltr'>periodus]</span> <span class='ocrx_word' id='word_1_442' title='bbox 1323 2742 1396 2772; x_wconf 79' lang='lat' dir='ltr'>&#39;l&#39;he</span> <span class='ocrx_word' id='word_1_443' title='bbox 1412 2742 1587 2782; x_wconf 86' lang='lat' dir='ltr'>principle</span> <span class='ocrx_word' id='word_1_444' title='bbox 1603 2743 1642 2774; x_wconf 91' lang='lat' dir='ltr'>of</span> <span class='ocrx_word' id='word_1_445' title='bbox 1657 2741 1733 2773; x_wconf 89' lang='lat' dir='ltr'>this</span> 
     </span>
     <span class='ocr_line' id='line_1_59' title="bbox 974 2785 1732 2825; baseline 0.001 -10"><span class='ocrx_word' id='word_1_446' title='bbox 974 2787 1132 2824; x_wconf 80' lang='lat' dir='ltr'>rotatory</span> <span class='ocrx_word' id='word_1_447' title='bbox 1162 2786 1447 2816; x_wconf 86' lang='lat' dir='ltr'>entertainment</span> <span class='ocrx_word' id='word_1_448' title='bbox 1476 2786 1508 2816; x_wconf 91' lang='lat' dir='ltr'>is</span> <span class='ocrx_word' id='word_1_449' title='bbox 1541 2785 1732 2825; x_wconf 87' lang='lat' dir='ltr'>explained</span> 
     </span>
     <span class='ocr_line' id='line_1_60' title="bbox 975 2828 1731 2868; baseline 0.003 -10"><span class='ocrx_word' id='word_1_450' title='bbox 975 2838 1070 2859; x_wconf 87' lang='lat' dir='ltr'>more</span> <span class='ocrx_word' id='word_1_451' title='bbox 1087 2829 1178 2868; x_wconf 85' lang='lat' dir='ltr'>fully</span> <span class='ocrx_word' id='word_1_452' title='bbox 1195 2829 1233 2859; x_wconf 93' lang='lat' dir='ltr'>in</span> <span class='ocrx_word' id='word_1_453' title='bbox 1254 2828 1363 2859; x_wconf 89' lang='lat' dir='ltr'>Lond.</span> <span class='ocrx_word' id='word_1_454' title='bbox 1381 2829 1454 2859; x_wconf 83' lang='lat' dir='ltr'>xix.</span> <span class='ocrx_word' id='word_1_455' title='bbox 1476 2838 1546 2868; x_wconf 85' lang='lat'><em>105,</em></span> <span class='ocrx_word' id='word_1_456' title='bbox 1567 2829 1635 2860; x_wconf 89' lang='lat' dir='ltr'><em>LB.</em></span> <span class='ocrx_word' id='word_1_457' title='bbox 1656 2829 1731 2868; x_wconf 89' lang='lat'><em>287.</em></span> 
     </span>
    </p>

    <p class='ocr_par' dir='ltr' id='par_1_16' title="bbox 975 2872 1733 3042">
     <span class='ocr_line' id='line_1_61' title="bbox 1021 2872 1732 2913; baseline 0.004 -13"><span class='ocrx_word' id='word_1_458' title='bbox 1021 2881 1090 2902; x_wconf 88' lang='lat'><em>121.</em></span> <span class='ocrx_word' id='word_1_459' title='bbox 1110 2872 1313 2913; x_wconf 79' lang='lat' dir='ltr'>stockfisch]</span> <span class='ocrx_word' id='word_1_460' title='bbox 1328 2872 1394 2902; x_wconf 88' lang='lat' dir='ltr'>For</span> <span class='ocrx_word' id='word_1_461' title='bbox 1406 2872 1546 2902; x_wconf 85' lang='lat' dir='ltr'>similar</span> <span class='ocrx_word' id='word_1_462' title='bbox 1557 2873 1732 2903; x_wconf 78' lang='lat' dir='ltr'>excisions</span> 
     </span>
     <span class='ocr_line' id='line_1_62' title="bbox 975 2915 1731 2956; baseline 0.003 -11"><span class='ocrx_word' id='word_1_463' title='bbox 975 2915 1012 2945; x_wconf 87' lang='lat' dir='ltr'>of</span> <span class='ocrx_word' id='word_1_464' title='bbox 1025 2915 1247 2946; x_wconf 87' lang='lat' dir='ltr'>unlatinized</span> <span class='ocrx_word' id='word_1_465' title='bbox 1264 2915 1380 2946; x_wconf 85' lang='lat' dir='ltr'>words</span> <span class='ocrx_word' id='word_1_466' title='bbox 1397 2916 1436 2945; x_wconf 85' lang='lat' dir='ltr'>in</span> <span class='ocrx_word' id='word_1_467' title='bbox 1453 2916 1480 2946; x_wconf 86' lang='lat' dir='ltr'><strong>F</strong></span> <span class='ocrx_word' id='word_1_468' title='bbox 1495 2916 1536 2946; x_wconf 84' lang='lat' dir='ltr'>ef.</span> <span class='ocrx_word' id='word_1_469' title='bbox 1553 2916 1640 2956; x_wconf 87' lang='lat' dir='ltr'>Epp.</span> <span class='ocrx_word' id='word_1_470' title='bbox 1660 2925 1731 2954; x_wconf 86' lang='lat'><em>123.</em></span> 
     </span>
     <span class='ocr_line' id='line_1_63' title="bbox 975 2958 1733 2998; baseline 0.004 -10"><span class='ocrx_word' id='word_1_471' title='bbox 975 2960 1027 2996; x_wconf 81' lang='lat'>26,</span> <span class='ocrx_word' id='word_1_472' title='bbox 1064 2967 1214 2998; x_wconf 85' lang='lat'><em>133.103.</em></span> <span class='ocrx_word' id='word_1_473' title='bbox 1273 2958 1431 2989; x_wconf 84' lang='lat' dir='ltr'>Barland</span> <span class='ocrx_word' id='word_1_474' title='bbox 1462 2960 1502 2990; x_wconf 93' lang='lat' dir='ltr'>in</span> <span class='ocrx_word' id='word_1_475' title='bbox 1532 2961 1591 2997; x_wconf 78' lang='lat' dir='ltr'>Ep.</span> <span class='ocrx_word' id='word_1_476' title='bbox 1625 2962 1733 2998; x_wconf 58' lang='lat' dir='ltr'>select„</span> 
     </span>
     <span class='ocr_line' id='line_1_64' title="bbox 975 3002 1439 3042; baseline 0.002 -10"><span class='ocrx_word' id='word_1_477' title='bbox 975 3002 1159 3042; x_wconf 80' lang='lat' dir='ltr'>following</span> <span class='ocrx_word' id='word_1_478' title='bbox 1176 3003 1214 3041; x_wconf 90' lang='lat' dir='ltr'>E,</span> <span class='ocrx_word' id='word_1_479' title='bbox 1233 3002 1296 3033; x_wconf 86' lang='lat' dir='ltr'>has</span> <span class='ocrx_word' id='word_1_480' title='bbox 1311 3005 1439 3039; x_wconf 75' lang='lat' dir='ltr'>stocficle.</span> 
     </span>
    </p>
   </div>
   <div class='ocr_carea' id='block_1_11' title="bbox 1757 552 1815 573">
    <p class='ocr_par' dir='ltr' id='par_1_17' title="bbox 1757 552 1815 573">
     <span class='ocr_line' id='line_1_65' title="bbox 1757 552 1815 573; baseline 0 0"><span class='ocrx_word' id='word_1_481' title='bbox 1757 552 1815 573; x_wconf 85' lang='lat'>110</span> 
     </span>
    </p>
   </div>
   <div class='ocr_carea' id='block_1_12' title="bbox 1757 879 1813 909">
    <p class='ocr_par' dir='ltr' id='par_1_18' title="bbox 1757 879 1813 909">
     <span class='ocr_line' id='line_1_66' title="bbox 1757 879 1813 909; baseline 0.018 -10"><span class='ocrx_word' id='word_1_482' title='bbox 1757 879 1813 909; x_wconf 88' lang='lat'>1¹5</span> 
     </span>
    </p>
   </div>
   <div class='ocr_carea' id='block_1_13' title="bbox 1756 1207 1814 1228">
    <p class='ocr_par' dir='ltr' id='par_1_19' title="bbox 1756 1207 1814 1228">
     <span class='ocr_line' id='line_1_67' title="bbox 1756 1207 1814 1228; baseline 0 0"><span class='ocrx_word' id='word_1_483' title='bbox 1756 1207 1814 1228; x_wconf 85' lang='lat'><em>120</em></span> 
     </span>
    </p>
   </div>
   <div class='ocr_carea' id='block_1_14' title="bbox 1756 1532 1814 1560">
    <p class='ocr_par' dir='ltr' id='par_1_20' title="bbox 1756 1532 1814 1560">
     <span class='ocr_line' id='line_1_68' title="bbox 1756 1532 1814 1560; baseline -0.017 -7"><span class='ocrx_word' id='word_1_484' title='bbox 1756 1532 1814 1560; x_wconf 81' lang='lat'>125</span> 
     </span>
    </p>
   </div>
   <div class='ocr_carea' id='block_1_15' title="bbox 1754 1858 1812 1886">
    <p class='ocr_par' dir='ltr' id='par_1_21' title="bbox 1754 1858 1812 1886">
     <span class='ocr_line' id='line_1_69' title="bbox 1754 1858 1812 1886; baseline 0.017 -9"><span class='ocrx_word' id='word_1_485' title='bbox 1754 1858 1812 1886; x_wconf 73' lang='lat'>130</span> 
     </span>
    </p>
   </div>
   <div class='ocr_carea' id='block_1_16' title="bbox 1754 2175 1811 2208">
    <p class='ocr_par' dir='ltr' id='par_1_22' title="bbox 1754 2175 1811 2208">
     <span class='ocr_line' id='line_1_70' title="bbox 1754 2175 1811 2208; baseline 0.053 -3"><span class='ocrx_word' id='word_1_486' title='bbox 1754 2175 1811 2208; x_wconf 83' lang='lat'>135</span> 
     </span>
    </p>
   </div>
  </div>
 </body>
</html>
