<?xml version="1.0" encoding="UTF-8"?>
<!DOCTYPE html PUBLIC "-//W3C//DTD XHTML 1.0 Transitional//EN"
    "http://www.w3.org/TR/xhtml1/DTD/xhtml1-transitional.dtd">
<html xmlns="http://www.w3.org/1999/xhtml" xml:lang="en" lang="en">
 <head>
  <title>
</title>
<meta http-equiv="Content-Type" content="text/html;charset=utf-8" />
  <meta name='ocr-system' content='tesseract 3.04.00' />
  <meta name='ocr-capabilities' content='ocr_page ocr_carea ocr_par ocr_line ocrx_word'/>
</head>
<body>
  <div class='ocr_page' id='page_1' title='image "./opusepistolarumd03erasuoft_0302.png"; bbox 0 0 2034 3433; ppageno 0'>
   <div class='ocr_carea' id='block_1_1' title="bbox 299 113 1896 168">
    <p class='ocr_par' dir='ltr' id='par_1_1' title="bbox 299 113 1896 168">
     <span class='ocr_line' id='line_1_1' title="bbox 299 113 1896 168; baseline 0.001 -16"><span class='ocrx_word' id='word_1_1' title='bbox 299 113 380 152; x_wconf 86' lang='lat'>260</span> <span class='ocrx_word' id='word_1_2' title='bbox 766 115 1017 154; x_wconf 85' lang='lat' dir='ltr'>LETTERS</span> <span class='ocrx_word' id='word_1_3' title='bbox 1056 114 1126 154; x_wconf 85' lang='lat' dir='ltr'>OF</span> <span class='ocrx_word' id='word_1_4' title='bbox 1163 115 1428 154; x_wconf 85' lang='lat' dir='ltr'>ERASMUS</span> <span class='ocrx_word' id='word_1_5' title='bbox 1772 115 1896 168; x_wconf 85' lang='lat'><strong>[1518</strong></span> 
     </span>
    </p>
   </div>
   <div class='ocr_carea' id='block_1_2' title="bbox 229 218 1895 2227">
    <p class='ocr_par' dir='ltr' id='par_1_2' title="bbox 240 218 1895 529">
     <span class='ocr_line' id='line_1_2' title="bbox 240 218 1894 271; baseline 0.001 -14"><span class='ocrx_word' id='word_1_6' title='bbox 240 230 275 263; x_wconf 90' lang='lat'>15</span> <span class='ocrx_word' id='word_1_7' title='bbox 296 219 532 258; x_wconf 85' lang='lat' dir='ltr'>fortunulas</span> <span class='ocrx_word' id='word_1_8' title='bbox 561 219 743 258; x_wconf 89' lang='lat' dir='ltr'>hominis</span> <span class='ocrx_word' id='word_1_9' title='bbox 779 231 867 257; x_wconf 86' lang='lat' dir='ltr'>esse</span> <span class='ocrx_word' id='word_1_10' title='bbox 909 218 1090 256; x_wconf 90' lang='lat' dir='ltr'>minores</span> <span class='ocrx_word' id='word_1_11' title='bbox 1128 231 1252 268; x_wconf 89' lang='lat' dir='ltr'>quam</span> <span class='ocrx_word' id='word_1_12' title='bbox 1291 220 1338 256; x_wconf 90' lang='lat' dir='ltr'>vt</span> <span class='ocrx_word' id='word_1_13' title='bbox 1378 232 1476 257; x_wconf 87' lang='lat' dir='ltr'>eum</span> <span class='ocrx_word' id='word_1_14' title='bbox 1516 219 1694 259; x_wconf 89' lang='lat' dir='ltr'>Louanii</span> <span class='ocrx_word' id='word_1_15' title='bbox 1732 221 1894 271; x_wconf 79' lang='lat' dir='ltr'>possint</span> 
     </span>
     <span class='ocr_line' id='line_1_3' title="bbox 294 283 1894 333; baseline 0.001 -10"><span class='ocrx_word' id='word_1_16' title='bbox 294 284 429 332; x_wconf 88' lang='lat' dir='ltr'>alere;</span> <span class='ocrx_word' id='word_1_17' title='bbox 459 285 529 322; x_wconf 82' lang='lat' dir='ltr'>vbi</span> <span class='ocrx_word' id='word_1_18' title='bbox 557 286 638 322; x_wconf 86' lang='lat' dir='ltr'>iam</span> <span class='ocrx_word' id='word_1_19' title='bbox 669 296 832 322; x_wconf 87' lang='lat' dir='ltr'>menses</span> <span class='ocrx_word' id='word_1_20' title='bbox 860 283 1019 333; x_wconf 87' lang='lat' dir='ltr'>aliquot</span> <span class='ocrx_word' id='word_1_21' title='bbox 1059 295 1142 321; x_wconf 90' lang='lat' dir='ltr'>non</span> <span class='ocrx_word' id='word_1_22' title='bbox 1182 283 1271 321; x_wconf 88' lang='lat' dir='ltr'>sine</span> <span class='ocrx_word' id='word_1_23' title='bbox 1312 283 1528 333; x_wconf 90' lang='lat' dir='ltr'>dispendio</span> <span class='ocrx_word' id='word_1_24' title='bbox 1568 284 1687 331; x_wconf 88' lang='lat' dir='ltr'>sedit,</span> <span class='ocrx_word' id='word_1_25' title='bbox 1719 286 1820 324; x_wconf 90' lang='lat' dir='ltr'>adeo</span> <span class='ocrx_word' id='word_1_26' title='bbox 1847 289 1894 324; x_wconf 85' lang='lat' dir='ltr'>vt</span> 
     </span>
     <span class='ocr_line' id='line_1_4' title="bbox 294 348 1893 399; baseline 0.001 -11"><span class='ocrx_word' id='word_1_27' title='bbox 294 351 463 399; x_wconf 80' lang='lat' dir='ltr'><strong>cogatur</strong></span> <span class='ocrx_word' id='word_1_28' title='bbox 504 350 553 387; x_wconf 87' lang='lat' dir='ltr'>de</span> <span class='ocrx_word' id='word_1_29' title='bbox 593 349 781 398; x_wconf 88' lang='lat' dir='ltr'>augenda</span> <span class='ocrx_word' id='word_1_30' title='bbox 822 348 1013 386; x_wconf 85' lang='lat' dir='ltr'>alicunde</span> <span class='ocrx_word' id='word_1_31' title='bbox 1052 348 1219 386; x_wconf 88' lang='lat' dir='ltr'>fortuna</span> <span class='ocrx_word' id='word_1_32' title='bbox 1258 348 1447 398; x_wconf 89' lang='lat' dir='ltr'>cogitare.</span> <span class='ocrx_word' id='word_1_33' title='bbox 1519 349 1662 387; x_wconf 86' lang='lat' dir='ltr'>Refert</span> <span class='ocrx_word' id='word_1_34' title='bbox 1703 350 1893 389; x_wconf 90' lang='lat' dir='ltr'>omnium</span> 
     </span>
     <span class='ocr_line' id='line_1_5' title="bbox 294 412 1895 462; baseline 0.001 -10"><span class='ocrx_word' id='word_1_35' title='bbox 294 416 484 453; x_wconf 87' lang='lat' dir='ltr'>nostrum</span> <span class='ocrx_word' id='word_1_36' title='bbox 523 412 650 451; x_wconf 87' lang='lat' dir='ltr'>talem</span> <span class='ocrx_word' id='word_1_37' title='bbox 691 413 829 451; x_wconf 84' lang='lat' dir='ltr'>virum</span> <span class='ocrx_word' id='word_1_38' title='bbox 869 413 1046 451; x_wconf 88' lang='lat' dir='ltr'>Louanii</span> <span class='ocrx_word' id='word_1_39' title='bbox 1089 412 1270 461; x_wconf 88' lang='lat' dir='ltr'>retineri,</span> <span class='ocrx_word' id='word_1_40' title='bbox 1303 427 1385 462; x_wconf 93' lang='lat' dir='ltr'>quo</span> <span class='ocrx_word' id='word_1_41' title='bbox 1428 413 1571 452; x_wconf 90' lang='lat' dir='ltr'>lumen</span> <span class='ocrx_word' id='word_1_42' title='bbox 1611 413 1728 453; x_wconf 91' lang='lat' dir='ltr'>illius</span> <span class='ocrx_word' id='word_1_43' title='bbox 1767 414 1895 453; x_wconf 90' lang='lat' dir='ltr'>latius</span> 
     </span>
     <span class='ocr_line' id='line_1_6' title="bbox 293 477 1893 529; baseline 0.001 -13"><span class='ocrx_word' id='word_1_44' title='bbox 293 478 436 517; x_wconf 88' lang='lat' dir='ltr'>luceat.</span> <span class='ocrx_word' id='word_1_45' title='bbox 498 478 635 516; x_wconf 88' lang='lat' dir='ltr'>Refert</span> <span class='ocrx_word' id='word_1_46' title='bbox 663 479 705 516; x_wconf 90' lang='lat' dir='ltr'>et</span> <span class='ocrx_word' id='word_1_47' title='bbox 732 490 824 516; x_wconf 89' lang='lat' dir='ltr'>mea</span> <span class='ocrx_word' id='word_1_48' title='bbox 861 477 1089 527; x_wconf 86' lang='lat' dir='ltr'>priuatim;</span> <span class='ocrx_word' id='word_1_49' title='bbox 1127 490 1221 516; x_wconf 88' lang='lat' dir='ltr'>cum</span> <span class='ocrx_word' id='word_1_50' title='bbox 1261 477 1376 516; x_wconf 86' lang='lat' dir='ltr'>enim</span> <span class='ocrx_word' id='word_1_51' title='bbox 1406 478 1546 517; x_wconf 87' lang='lat' dir='ltr'>abesse</span> <span class='ocrx_word' id='word_1_52' title='bbox 1584 492 1702 529; x_wconf 87' lang='lat' dir='ltr'>cogar</span> <span class='ocrx_word' id='word_1_53' title='bbox 1731 479 1783 518; x_wconf 89' lang='lat' dir='ltr'>ad</span> <span class='ocrx_word' id='word_1_54' title='bbox 1822 493 1893 518; x_wconf 88' lang='lat' dir='ltr'>sex</span> 
     </span>
    </p>

    <p class='ocr_par' dir='ltr' id='par_1_3' title="bbox 236 542 1893 855">
     <span class='ocr_line' id='line_1_7' title="bbox 236 542 1892 593; baseline 0.001 -12"><span class='ocrx_word' id='word_1_55' title='bbox 236 566 275 587; x_wconf 87' lang='lat'>20</span> <span class='ocrx_word' id='word_1_56' title='bbox 293 545 365 581; x_wconf 84' lang='lat' dir='ltr'>aut</span> <span class='ocrx_word' id='word_1_57' title='bbox 393 544 484 581; x_wconf 87' lang='lat' dir='ltr'>octo</span> <span class='ocrx_word' id='word_1_58' title='bbox 513 555 687 589; x_wconf 76' lang='lat' dir='ltr'>menses,</span> <span class='ocrx_word' id='word_1_59' title='bbox 720 542 982 581; x_wconf 87' lang='lat' dir='ltr'>decreueram</span> <span class='ocrx_word' id='word_1_60' title='bbox 1009 542 1107 581; x_wconf 90' lang='lat' dir='ltr'>huic</span> <span class='ocrx_word' id='word_1_61' title='bbox 1135 555 1232 592; x_wconf 89' lang='lat' dir='ltr'>opes</span> <span class='ocrx_word' id='word_1_62' title='bbox 1257 556 1385 590; x_wconf 88' lang='lat' dir='ltr'>meas,</span> <span class='ocrx_word' id='word_1_63' title='bbox 1413 543 1491 582; x_wconf 93' lang='lat' dir='ltr'>hoc</span> <span class='ocrx_word' id='word_1_64' title='bbox 1519 546 1582 582; x_wconf 91' lang='lat' dir='ltr'>est</span> <span class='ocrx_word' id='word_1_65' title='bbox 1610 544 1749 593; x_wconf 85' lang='lat' dir='ltr'>libros,</span> <span class='ocrx_word' id='word_1_66' title='bbox 1783 558 1892 583; x_wconf 91' lang='lat' dir='ltr'>com-</span> 
     </span>
     <span class='ocr_line' id='line_1_8' title="bbox 293 607 1893 660; baseline 0.002 -15"><span class='ocrx_word' id='word_1_67' title='bbox 293 608 489 646; x_wconf 89' lang='lat' dir='ltr'>mendare</span> <span class='ocrx_word' id='word_1_68' title='bbox 515 620 600 646; x_wconf 91' lang='lat' dir='ltr'>non</span> <span class='ocrx_word' id='word_1_69' title='bbox 630 607 753 646; x_wconf 91' lang='lat' dir='ltr'>modo</span> <span class='ocrx_word' id='word_1_70' title='bbox 781 608 1007 646; x_wconf 87' lang='lat' dir='ltr'>seruandos</span> <span class='ocrx_word' id='word_1_71' title='bbox 1035 620 1182 646; x_wconf 90' lang='lat' dir='ltr'>verum</span> <span class='ocrx_word' id='word_1_72' title='bbox 1211 607 1337 646; x_wconf 87' lang='lat' dir='ltr'>etiam</span> <span class='ocrx_word' id='word_1_73' title='bbox 1366 608 1573 657; x_wconf 71' lang='lat' dir='ltr'>fruendos,</span> <span class='ocrx_word' id='word_1_74' title='bbox 1598 609 1767 660; x_wconf 86' lang='lat' dir='ltr'>quicum</span> <span class='ocrx_word' id='word_1_75' title='bbox 1788 609 1893 648; x_wconf 87' lang='lat' dir='ltr'>mihi</span> 
     </span>
     <span class='ocr_line' id='line_1_9' title="bbox 292 672 1893 725; baseline 0.002 -15"><span class='ocrx_word' id='word_1_76' title='bbox 292 674 391 722; x_wconf 85' lang='lat' dir='ltr'>puto</span> <span class='ocrx_word' id='word_1_77' title='bbox 411 672 517 710; x_wconf 89' lang='lat' dir='ltr'>nihil</span> <span class='ocrx_word' id='word_1_78' title='bbox 538 686 623 711; x_wconf 89' lang='lat' dir='ltr'>non</span> <span class='ocrx_word' id='word_1_79' title='bbox 642 686 730 712; x_wconf 89' lang='lat' dir='ltr'>esse</span> <span class='ocrx_word' id='word_1_80' title='bbox 751 686 985 711; x_wconf 90' lang='lat' dir='ltr'>commune.</span> <span class='ocrx_word' id='word_1_81' title='bbox 1025 672 1289 711; x_wconf 78' lang='lat' dir='ltr'>RetinebItur</span> <span class='ocrx_word' id='word_1_82' title='bbox 1308 676 1448 712; x_wconf 87' lang='lat' dir='ltr'>autem</span> <span class='ocrx_word' id='word_1_83' title='bbox 1465 675 1501 712; x_wconf 88' lang='lat' dir='ltr'>si</span> <span class='ocrx_word' id='word_1_84' title='bbox 1517 675 1627 725; x_wconf 90' lang='lat' dir='ltr'>quod</span> <span class='ocrx_word' id='word_1_85' title='bbox 1642 675 1687 713; x_wconf 88' lang='lat' dir='ltr'>in</span> <span class='ocrx_word' id='word_1_86' title='bbox 1704 674 1893 714; x_wconf 88' lang='lat' dir='ltr'>Hebraeo</span> 
     </span>
     <span class='ocr_line' id='line_1_10' title="bbox 291 737 1893 790; baseline 0.002 -15"><span class='ocrx_word' id='word_1_87' title='bbox 291 737 445 775; x_wconf 89' lang='lat' dir='ltr'>factum</span> <span class='ocrx_word' id='word_1_88' title='bbox 458 740 532 785; x_wconf 80' lang='lat' dir='ltr'>est,</span> <span class='ocrx_word' id='word_1_89' title='bbox 549 738 659 776; x_wconf 89' lang='lat' dir='ltr'>idem</span> <span class='ocrx_word' id='word_1_90' title='bbox 678 738 724 777; x_wconf 92' lang='lat' dir='ltr'>in</span> <span class='ocrx_word' id='word_1_91' title='bbox 743 738 820 777; x_wconf 92' lang='lat' dir='ltr'>hoc</span> <span class='ocrx_word' id='word_1_92' title='bbox 841 738 926 787; x_wconf 88' lang='lat' dir='ltr'>fiat,</span> <span class='ocrx_word' id='word_1_93' title='bbox 942 738 1134 777; x_wconf 89' lang='lat' dir='ltr'>videlicet</span> <span class='ocrx_word' id='word_1_94' title='bbox 1153 740 1200 776; x_wconf 89' lang='lat' dir='ltr'>vt</span> <span class='ocrx_word' id='word_1_95' title='bbox 1220 738 1284 776; x_wconf 93' lang='lat' dir='ltr'>illi</span> <span class='ocrx_word' id='word_1_96' title='bbox 1304 738 1503 778; x_wconf 89' lang='lat' dir='ltr'>salarium</span> <span class='ocrx_word' id='word_1_97' title='bbox 1522 739 1761 790; x_wconf 75' lang='lat' dir='ltr'>designetur</span> <span class='ocrx_word' id='word_1_98' title='bbox 1779 740 1893 780; x_wconf 92' lang='lat' dir='ltr'>illius</span> 
     </span>
     <span class='ocr_line' id='line_1_11' title="bbox 291 802 1889 855; baseline 0.003 -15"><span class='ocrx_word' id='word_1_99' title='bbox 291 802 518 841; x_wconf 87' lang='lat' dir='ltr'>virtutibus</span> <span class='ocrx_word' id='word_1_100' title='bbox 537 803 725 853; x_wconf 87' lang='lat' dir='ltr'>dignum.</span> <span class='ocrx_word' id='word_1_101' title='bbox 773 803 916 854; x_wconf 84' lang='lat' dir='ltr'>Neque</span> <span class='ocrx_word' id='word_1_102' title='bbox 937 803 1081 842; x_wconf 86' lang='lat' dir='ltr'>dubito</span> <span class='ocrx_word' id='word_1_103' title='bbox 1097 803 1199 853; x_wconf 90' lang='lat' dir='ltr'>quin</span> <span class='ocrx_word' id='word_1_104' title='bbox 1218 803 1324 841; x_wconf 92' lang='lat' dir='ltr'>illud</span> <span class='ocrx_word' id='word_1_105' title='bbox 1340 803 1553 854; x_wconf 87' lang='lat' dir='ltr'>intelligat</span> <span class='ocrx_word' id='word_1_106' title='bbox 1566 807 1639 844; x_wconf 90' lang='lat' dir='ltr'>tua</span> <span class='ocrx_word' id='word_1_107' title='bbox 1658 806 1889 855; x_wconf 85' lang='lat' dir='ltr'>prudentia,</span> 
     </span>
    </p>

    <p class='ocr_par' dir='ltr' id='par_1_4' title="bbox 232 868 1893 1182">
     <span class='ocr_line' id='line_1_12' title="bbox 232 868 1893 920; baseline 0.002 -14"><span class='ocrx_word' id='word_1_108' title='bbox 232 880 269 911; x_wconf 75' lang='lat'>25</span> <span class='ocrx_word' id='word_1_109' title='bbox 291 868 414 906; x_wconf 92' lang='lat' dir='ltr'>huius</span> <span class='ocrx_word' id='word_1_110' title='bbox 429 869 728 918; x_wconf 84' lang='lat' dir='ltr'>professionem</span> <span class='ocrx_word' id='word_1_111' title='bbox 743 868 866 919; x_wconf 85' lang='lat' dir='ltr'>longe</span> <span class='ocrx_word' id='word_1_112' title='bbox 885 868 979 919; x_wconf 84' lang='lat' dir='ltr'>plus</span> <span class='ocrx_word' id='word_1_113' title='bbox 998 868 1236 907; x_wconf 83' lang='lat' dir='ltr'>habituram</span> <span class='ocrx_word' id='word_1_114' title='bbox 1252 869 1413 919; x_wconf 86' lang='lat' dir='ltr'>negocii</span> <span class='ocrx_word' id='word_1_115' title='bbox 1433 883 1558 920; x_wconf 89' lang='lat' dir='ltr'>quam</span> <span class='ocrx_word' id='word_1_116' title='bbox 1578 870 1772 910; x_wconf 83' lang='lat' dir='ltr'>Hebraei.</span> <span class='ocrx_word' id='word_1_117' title='bbox 1813 871 1893 910; x_wconf 92' lang='lat' dir='ltr'>Ille</span> 
     </span>
     <span class='ocr_line' id='line_1_13' title="bbox 290 933 1890 984; baseline 0.003 -13"><span class='ocrx_word' id='word_1_118' title='bbox 290 933 418 972; x_wconf 87' lang='lat' dir='ltr'>tradit</span> <span class='ocrx_word' id='word_1_119' title='bbox 444 934 681 973; x_wconf 87' lang='lat' dir='ltr'>rudimenta</span> <span class='ocrx_word' id='word_1_120' title='bbox 709 934 892 982; x_wconf 90' lang='lat' dir='ltr'>rudibus,</span> <span class='ocrx_word' id='word_1_121' title='bbox 927 934 1004 972; x_wconf 92' lang='lat' dir='ltr'>iste</span> <span class='ocrx_word' id='word_1_122' title='bbox 1031 936 1094 972; x_wconf 90' lang='lat' dir='ltr'>tot</span> <span class='ocrx_word' id='word_1_123' title='bbox 1119 934 1296 973; x_wconf 88' lang='lat' dir='ltr'>eruditis</span> <span class='ocrx_word' id='word_1_124' title='bbox 1324 937 1495 984; x_wconf 81' lang='lat' dir='ltr'>cogetur</span> <span class='ocrx_word' id='word_1_125' title='bbox 1523 936 1769 975; x_wconf 83' lang='lat' dir='ltr'>satisfacere.</span> <span class='ocrx_word' id='word_1_126' title='bbox 1830 937 1890 975; x_wconf 92' lang='lat' dir='ltr'>De</span> 
     </span>
     <span class='ocr_line' id='line_1_14' title="bbox 291 999 1892 1050; baseline 0.002 -13"><span class='ocrx_word' id='word_1_127' title='bbox 291 999 424 1047; x_wconf 89' lang='lat' dir='ltr'>domo,</span> <span class='ocrx_word' id='word_1_128' title='bbox 446 1012 521 1038; x_wconf 92' lang='lat' dir='ltr'>suo</span> <span class='ocrx_word' id='word_1_129' title='bbox 541 1000 613 1038; x_wconf 91' lang='lat' dir='ltr'>fiet</span> <span class='ocrx_word' id='word_1_130' title='bbox 632 1002 818 1050; x_wconf 88' lang='lat' dir='ltr'>tempore</span> <span class='ocrx_word' id='word_1_131' title='bbox 840 1000 947 1050; x_wconf 92' lang='lat' dir='ltr'>quod</span> <span class='ocrx_word' id='word_1_132' title='bbox 967 1000 1206 1039; x_wconf 88' lang='lat' dir='ltr'>faciendum</span> <span class='ocrx_word' id='word_1_133' title='bbox 1225 1001 1300 1038; x_wconf 90' lang='lat' dir='ltr'>est.</span> <span class='ocrx_word' id='word_1_134' title='bbox 1346 1000 1434 1050; x_wconf 87' lang='lat' dir='ltr'>Ego</span> <span class='ocrx_word' id='word_1_135' title='bbox 1453 1001 1729 1050; x_wconf 87' lang='lat' dir='ltr'>professiones</span> <span class='ocrx_word' id='word_1_136' title='bbox 1748 1001 1892 1040; x_wconf 90' lang='lat' dir='ltr'>statim</span> 
     </span>
     <span class='ocr_line' id='line_1_15' title="bbox 289 1065 1893 1117; baseline 0.001 -15"><span class='ocrx_word' id='word_1_137' title='bbox 289 1077 435 1103; x_wconf 86' lang='lat' dir='ltr'>censeo</span> <span class='ocrx_word' id='word_1_138' title='bbox 462 1065 677 1113; x_wconf 83' lang='lat' dir='ltr'>ineundas,</span> <span class='ocrx_word' id='word_1_139' title='bbox 697 1079 749 1103; x_wconf 92' lang='lat' dir='ltr'>ne</span> <span class='ocrx_word' id='word_1_140' title='bbox 775 1079 840 1104; x_wconf 93' lang='lat' dir='ltr'>res</span> <span class='ocrx_word' id='word_1_141' title='bbox 865 1065 1035 1104; x_wconf 89' lang='lat' dir='ltr'>interim</span> <span class='ocrx_word' id='word_1_142' title='bbox 1061 1065 1267 1115; x_wconf 81' lang='lat' dir='ltr'>frigescat,</span> <span class='ocrx_word' id='word_1_143' title='bbox 1292 1067 1364 1104; x_wconf 90' lang='lat' dir='ltr'>aut</span> <span class='ocrx_word' id='word_1_144' title='bbox 1391 1079 1443 1104; x_wconf 91' lang='lat' dir='ltr'>ne</span> <span class='ocrx_word' id='word_1_145' title='bbox 1467 1066 1562 1116; x_wconf 90' lang='lat' dir='ltr'>quis</span> <span class='ocrx_word' id='word_1_146' title='bbox 1584 1067 1721 1105; x_wconf 91' lang='lat' dir='ltr'>malus</span> <span class='ocrx_word' id='word_1_147' title='bbox 1745 1067 1893 1117; x_wconf 84' lang='lat' dir='ltr'>genius</span> 
     </span>
     <span class='ocr_line' id='line_1_16' title="bbox 289 1130 1890 1182; baseline 0.001 -14"><span class='ocrx_word' id='word_1_148' title='bbox 289 1143 376 1168; x_wconf 89' lang='lat' dir='ltr'>rem</span> <span class='ocrx_word' id='word_1_149' title='bbox 395 1130 621 1169; x_wconf 80' lang='lat' dir='ltr'>salutarem</span> <span class='ocrx_word' id='word_1_150' title='bbox 643 1130 837 1169; x_wconf 92' lang='lat' dir='ltr'>omnibus</span> <span class='ocrx_word' id='word_1_151' title='bbox 856 1131 1116 1170; x_wconf 87' lang='lat' dir='ltr'>interturbet.</span> <span class='ocrx_word' id='word_1_152' title='bbox 1182 1131 1310 1171; x_wconf 87' lang='lat' dir='ltr'>Crede</span> <span class='ocrx_word' id='word_1_153' title='bbox 1329 1131 1444 1178; x_wconf 87' lang='lat' dir='ltr'>mihi,</span> <span class='ocrx_word' id='word_1_154' title='bbox 1468 1131 1795 1182; x_wconf 88' lang='lat' dir='ltr'>theologicorum</span> <span class='ocrx_word' id='word_1_155' title='bbox 1815 1132 1890 1171; x_wconf 92' lang='lat' dir='ltr'>col-</span> 
     </span>
    </p>

    <p class='ocr_par' dir='ltr' id='par_1_5' title="bbox 232 1195 1892 1496">
     <span class='ocr_line' id='line_1_17' title="bbox 232 1195 1890 1248; baseline 0.002 -15"><span class='ocrx_word' id='word_1_156' title='bbox 232 1208 271 1238; x_wconf 76' lang='lat'>30</span> <span class='ocrx_word' id='word_1_157' title='bbox 289 1195 491 1246; x_wconf 87' lang='lat' dir='ltr'>legiorum</span> <span class='ocrx_word' id='word_1_158' title='bbox 511 1196 675 1235; x_wconf 84' lang='lat' dir='ltr'>abunde</span> <span class='ocrx_word' id='word_1_159' title='bbox 695 1197 795 1235; x_wconf 89' lang='lat' dir='ltr'>satis</span> <span class='ocrx_word' id='word_1_160' title='bbox 818 1196 907 1245; x_wconf 83' lang='lat' dir='ltr'>erit,</span> <span class='ocrx_word' id='word_1_161' title='bbox 931 1198 972 1235; x_wconf 93' lang='lat' dir='ltr'>et</span> <span class='ocrx_word' id='word_1_162' title='bbox 998 1196 1371 1247; x_wconf 89' lang='lat' dir='ltr'>questionariorum</span> <span class='ocrx_word' id='word_1_163' title='bbox 1397 1197 1549 1247; x_wconf 88' lang='lat' dir='ltr'>vbique</span> <span class='ocrx_word' id='word_1_164' title='bbox 1575 1197 1669 1248; x_wconf 92' lang='lat' dir='ltr'>plus</span> <span class='ocrx_word' id='word_1_165' title='bbox 1694 1198 1819 1246; x_wconf 90' lang='lat' dir='ltr'>satis;</span> <span class='ocrx_word' id='word_1_166' title='bbox 1848 1201 1890 1236; x_wconf 88' lang='lat' dir='ltr'>at</span> 
     </span>
     <span class='ocr_line' id='line_1_18' title="bbox 289 1261 1889 1312; baseline 0.002 -14"><span class='ocrx_word' id='word_1_167' title='bbox 289 1261 365 1298; x_wconf 88' lang='lat' dir='ltr'>hoc</span> <span class='ocrx_word' id='word_1_168' title='bbox 394 1261 725 1310; x_wconf 89' lang='lat' dir='ltr'>pulcherrimum</span> <span class='ocrx_word' id='word_1_169' title='bbox 744 1262 974 1312; x_wconf 86' lang='lat' dir='ltr'>negocium,</span> <span class='ocrx_word' id='word_1_170' title='bbox 997 1262 1081 1300; x_wconf 91' lang='lat' dir='ltr'>nisi</span> <span class='ocrx_word' id='word_1_171' title='bbox 1099 1275 1148 1300; x_wconf 85' lang='lat' dir='ltr'>ex</span> <span class='ocrx_word' id='word_1_172' title='bbox 1168 1261 1350 1300; x_wconf 89' lang='lat' dir='ltr'>Buslidii</span> <span class='ocrx_word' id='word_1_173' title='bbox 1369 1262 1510 1300; x_wconf 90' lang='lat' dir='ltr'>animo</span> <span class='ocrx_word' id='word_1_174' title='bbox 1530 1263 1782 1311; x_wconf 87' lang='lat' dir='ltr'>successerit,</span> <span class='ocrx_word' id='word_1_175' title='bbox 1804 1275 1889 1301; x_wconf 89' lang='lat' dir='ltr'>non</span> 
     </span>
     <span class='ocr_line' id='line_1_19' title="bbox 289 1325 1892 1377; baseline 0.002 -13"><span class='ocrx_word' id='word_1_176' title='bbox 289 1326 409 1364; x_wconf 90' lang='lat' dir='ltr'>video</span> <span class='ocrx_word' id='word_1_177' title='bbox 439 1339 513 1376; x_wconf 92' lang='lat' dir='ltr'>per</span> <span class='ocrx_word' id='word_1_178' title='bbox 547 1340 669 1376; x_wconf 90' lang='lat' dir='ltr'>quem</span> <span class='ocrx_word' id='word_1_179' title='bbox 703 1328 833 1377; x_wconf 86' lang='lat' dir='ltr'>possit</span> <span class='ocrx_word' id='word_1_180' title='bbox 872 1327 1107 1366; x_wconf 89' lang='lat' dir='ltr'>instaurari.</span> <span class='ocrx_word' id='word_1_181' title='bbox 1167 1325 1281 1365; x_wconf 92' lang='lat' dir='ltr'>Haec</span> <span class='ocrx_word' id='word_1_182' title='bbox 1314 1340 1397 1366; x_wconf 86' lang='lat' dir='ltr'>vna</span> <span class='ocrx_word' id='word_1_183' title='bbox 1430 1340 1495 1366; x_wconf 87' lang='lat' dir='ltr'>res</span> <span class='ocrx_word' id='word_1_184' title='bbox 1528 1329 1719 1367; x_wconf 85' lang='lat' dir='ltr'>omnium</span> <span class='ocrx_word' id='word_1_185' title='bbox 1751 1328 1892 1368; x_wconf 89' lang='lat' dir='ltr'>studia</span> 
     </span>
     <span class='ocr_line' id='line_1_20' title="bbox 288 1391 1892 1442; baseline 0.002 -13"><span class='ocrx_word' id='word_1_186' title='bbox 288 1404 312 1430; x_wconf 87' lang='lat' dir='ltr'>a</span> <span class='ocrx_word' id='word_1_187' title='bbox 349 1391 529 1430; x_wconf 87' lang='lat' dir='ltr'>turbidis</span> <span class='ocrx_word' id='word_1_188' title='bbox 576 1393 735 1431; x_wconf 84' lang='lat' dir='ltr'>lacunis</span> <span class='ocrx_word' id='word_1_189' title='bbox 786 1393 835 1431; x_wconf 90' lang='lat' dir='ltr'>ad</span> <span class='ocrx_word' id='word_1_190' title='bbox 887 1392 1056 1431; x_wconf 91' lang='lat' dir='ltr'>diuinae</span> <span class='ocrx_word' id='word_1_191' title='bbox 1101 1392 1339 1442; x_wconf 84' lang='lat' dir='ltr'>Scripturae</span> <span class='ocrx_word' id='word_1_192' title='bbox 1379 1392 1699 1442; x_wconf 87' lang='lat' dir='ltr'>limpidissimos</span> <span class='ocrx_word' id='word_1_193' title='bbox 1738 1393 1892 1432; x_wconf 86' lang='lat' dir='ltr'>fonteis</span> 
     </span>
     <span class='ocr_line' id='line_1_21' title="bbox 289 1457 509 1496; baseline 0.005 -1"><span class='ocrx_word' id='word_1_194' title='bbox 289 1457 509 1496; x_wconf 87' lang='lat' dir='ltr'>reuocabit.</span> 
     </span>
    </p>

    <p class='ocr_par' dir='ltr' id='par_1_6' title="bbox 229 1523 1891 1835">
     <span class='ocr_line' id='line_1_22' title="bbox 229 1523 1889 1580; baseline 0.001 -19"><span class='ocrx_word' id='word_1_195' title='bbox 229 1550 270 1580; x_wconf 80' lang='lat'>35</span> <span class='ocrx_word' id='word_1_196' title='bbox 344 1523 406 1561; x_wconf 94' lang='lat' dir='ltr'>De</span> <span class='ocrx_word' id='word_1_197' title='bbox 426 1524 580 1562; x_wconf 85' lang='lat' dir='ltr'>Graeco</span> <span class='ocrx_word' id='word_1_198' title='bbox 605 1524 847 1562; x_wconf 88' lang='lat' dir='ltr'>accersendo</span> <span class='ocrx_word' id='word_1_199' title='bbox 874 1524 1061 1563; x_wconf 83' lang='lat' dir='ltr'>narrabis</span> <span class='ocrx_word' id='word_1_200' title='bbox 1087 1523 1259 1562; x_wconf 89' lang='lat' dir='ltr'>Borsalo</span> <span class='ocrx_word' id='word_1_201' title='bbox 1285 1523 1383 1573; x_wconf 92' lang='lat' dir='ltr'>quid</span> <span class='ocrx_word' id='word_1_202' title='bbox 1408 1523 1527 1562; x_wconf 92' lang='lat' dir='ltr'>vobis</span> <span class='ocrx_word' id='word_1_203' title='bbox 1556 1524 1612 1562; x_wconf 89' lang='lat' dir='ltr'>sit</span> <span class='ocrx_word' id='word_1_204' title='bbox 1633 1524 1889 1563; x_wconf 89' lang='lat' dir='ltr'>sententiae:</span> 
     </span>
     <span class='ocr_line' id='line_1_23' title="bbox 289 1587 1891 1640; baseline 0.001 -14"><span class='ocrx_word' id='word_1_205' title='bbox 289 1587 327 1626; x_wconf 91' lang='lat' dir='ltr'>is</span> <span class='ocrx_word' id='word_1_206' title='bbox 350 1588 428 1627; x_wconf 90' lang='lat' dir='ltr'>tibi</span> <span class='ocrx_word' id='word_1_207' title='bbox 452 1588 639 1627; x_wconf 88' lang='lat' dir='ltr'>vicissim</span> <span class='ocrx_word' id='word_1_208' title='bbox 666 1602 810 1628; x_wconf 90' lang='lat' dir='ltr'>meum</span> <span class='ocrx_word' id='word_1_209' title='bbox 840 1589 988 1628; x_wconf 85' lang='lat' dir='ltr'>referet</span> <span class='ocrx_word' id='word_1_210' title='bbox 1015 1588 1215 1627; x_wconf 88' lang='lat' dir='ltr'>animum.</span> <span class='ocrx_word' id='word_1_211' title='bbox 1276 1588 1417 1627; x_wconf 90' lang='lat' dir='ltr'>Nolim</span> <span class='ocrx_word' id='word_1_212' title='bbox 1449 1602 1515 1627; x_wconf 92' lang='lat' dir='ltr'>me</span> <span class='ocrx_word' id='word_1_213' title='bbox 1544 1589 1679 1628; x_wconf 87' lang='lat' dir='ltr'>alieno</span> <span class='ocrx_word' id='word_1_214' title='bbox 1704 1590 1891 1640; x_wconf 87' lang='lat' dir='ltr'>ingerere</span> 
     </span>
     <span class='ocr_line' id='line_1_24' title="bbox 290 1653 1890 1704; baseline 0 -12"><span class='ocrx_word' id='word_1_215' title='bbox 290 1653 470 1704; x_wconf 89' lang='lat' dir='ltr'>negocio,</span> <span class='ocrx_word' id='word_1_216' title='bbox 502 1654 746 1703; x_wconf 89' lang='lat' dir='ltr'>praesertim</span> <span class='ocrx_word' id='word_1_217' title='bbox 778 1668 874 1693; x_wconf 88' lang='lat' dir='ltr'>cum</span> <span class='ocrx_word' id='word_1_218' title='bbox 899 1655 965 1693; x_wconf 91' lang='lat' dir='ltr'>hic</span> <span class='ocrx_word' id='word_1_219' title='bbox 994 1654 1101 1693; x_wconf 90' lang='lat' dir='ltr'>mihi</span> <span class='ocrx_word' id='word_1_220' title='bbox 1132 1667 1208 1692; x_wconf 92' lang='lat' dir='ltr'>nec</span> <span class='ocrx_word' id='word_1_221' title='bbox 1236 1656 1397 1692; x_wconf 88' lang='lat' dir='ltr'>seratur</span> <span class='ocrx_word' id='word_1_222' title='bbox 1428 1667 1503 1692; x_wconf 90' lang='lat' dir='ltr'>nec</span> <span class='ocrx_word' id='word_1_223' title='bbox 1536 1656 1744 1703; x_wconf 82' lang='lat' dir='ltr'>metatur3</span> <span class='ocrx_word' id='word_1_224' title='bbox 1772 1654 1890 1693; x_wconf 89' lang='lat' dir='ltr'>faueo</span> 
     </span>
     <span class='ocr_line' id='line_1_25' title="bbox 290 1719 1888 1770; baseline 0 -13"><span class='ocrx_word' id='word_1_225' title='bbox 290 1721 431 1757; x_wconf 88' lang='lat' dir='ltr'>tamen</span> <span class='ocrx_word' id='word_1_226' title='bbox 465 1719 638 1757; x_wconf 85' lang='lat' dir='ltr'>vtilitati</span> <span class='ocrx_word' id='word_1_227' title='bbox 670 1719 869 1769; x_wconf 85' lang='lat' dir='ltr'>publicae,</span> <span class='ocrx_word' id='word_1_228' title='bbox 911 1720 1029 1758; x_wconf 87' lang='lat' dir='ltr'>faueo</span> <span class='ocrx_word' id='word_1_229' title='bbox 1068 1719 1291 1758; x_wconf 87' lang='lat' dir='ltr'>memoriae</span> <span class='ocrx_word' id='word_1_230' title='bbox 1330 1719 1479 1769; x_wconf 89' lang='lat' dir='ltr'>optimi</span> <span class='ocrx_word' id='word_1_231' title='bbox 1517 1719 1599 1758; x_wconf 89' lang='lat' dir='ltr'>viri</span> <span class='ocrx_word' id='word_1_232' title='bbox 1637 1720 1888 1770; x_wconf 89' lang='lat' dir='ltr'>Hieronymi</span> 
     </span>
     <span class='ocr_line' id='line_1_26' title="bbox 291 1784 1891 1835; baseline 0.001 -13"><span class='ocrx_word' id='word_1_233' title='bbox 291 1784 553 1824; x_wconf 87' lang='lat' dir='ltr'>Buslidiani:</span> <span class='ocrx_word' id='word_1_234' title='bbox 576 1797 701 1835; x_wconf 87' lang='lat' dir='ltr'>quam</span> <span class='ocrx_word' id='word_1_235' title='bbox 731 1798 803 1835; x_wconf 88' lang='lat' dir='ltr'>ego</span> <span class='ocrx_word' id='word_1_236' title='bbox 835 1798 919 1824; x_wconf 90' lang='lat' dir='ltr'>non</span> <span class='ocrx_word' id='word_1_237' title='bbox 950 1785 1086 1823; x_wconf 87' lang='lat' dir='ltr'>sinam</span> <span class='ocrx_word' id='word_1_238' title='bbox 1118 1784 1299 1831; x_wconf 78' lang='lat' dir='ltr'>interire,</span> <span class='ocrx_word' id='word_1_239' title='bbox 1333 1784 1369 1822; x_wconf 91' lang='lat' dir='ltr'>si</span> <span class='ocrx_word' id='word_1_240' title='bbox 1395 1785 1494 1835; x_wconf 91' lang='lat' dir='ltr'>quid</span> <span class='ocrx_word' id='word_1_241' title='bbox 1524 1785 1696 1824; x_wconf 87' lang='lat' dir='ltr'>omnino</span> <span class='ocrx_word' id='word_1_242' title='bbox 1726 1787 1891 1824; x_wconf 88' lang='lat' dir='ltr'>nostrae</span> 
     </span>
    </p>

    <p class='ocr_par' dir='ltr' id='par_1_7' title="bbox 229 1848 1891 2162">
     <span class='ocr_line' id='line_1_27' title="bbox 229 1848 1886 1900; baseline 0.002 -13"><span class='ocrx_word' id='word_1_243' title='bbox 229 1861 271 1892; x_wconf 84' lang='lat'>40</span> <span class='ocrx_word' id='word_1_244' title='bbox 290 1852 486 1899; x_wconf 89' lang='lat' dir='ltr'>poterunt</span> <span class='ocrx_word' id='word_1_245' title='bbox 516 1848 688 1889; x_wconf 83' lang='lat' dir='ltr'>litterae.</span> <span class='ocrx_word' id='word_1_246' title='bbox 746 1850 971 1900; x_wconf 89' lang='lat' dir='ltr'>Epitaphia</span> <span class='ocrx_word' id='word_1_247' title='bbox 998 1851 1131 1899; x_wconf 87' lang='lat' dir='ltr'>mitto,</span> <span class='ocrx_word' id='word_1_248' title='bbox 1155 1863 1240 1888; x_wconf 93' lang='lat' dir='ltr'>non</span> <span class='ocrx_word' id='word_1_249' title='bbox 1268 1849 1406 1899; x_wconf 89' lang='lat' dir='ltr'>qualia</span> <span class='ocrx_word' id='word_1_250' title='bbox 1433 1850 1673 1889; x_wconf 88' lang='lat' dir='ltr'>merebatur</span> <span class='ocrx_word' id='word_1_251' title='bbox 1700 1851 1784 1899; x_wconf 87' lang='lat' dir='ltr'>ille,</span> <span class='ocrx_word' id='word_1_252' title='bbox 1817 1852 1886 1890; x_wconf 92' lang='lat' dir='ltr'>sed</span> 
     </span>
     <span class='ocr_line' id='line_1_28' title="bbox 291 1914 1891 1966; baseline 0.001 -14"><span class='ocrx_word' id='word_1_253' title='bbox 291 1915 428 1965; x_wconf 89' lang='lat' dir='ltr'>qualia</span> <span class='ocrx_word' id='word_1_254' title='bbox 448 1928 523 1953; x_wconf 88' lang='lat' dir='ltr'>nos</span> <span class='ocrx_word' id='word_1_255' title='bbox 543 1917 748 1964; x_wconf 88' lang='lat' dir='ltr'>praestare</span> <span class='ocrx_word' id='word_1_256' title='bbox 768 1915 992 1965; x_wconf 81' lang='lat' dir='ltr'>potuimus,</span> <span class='ocrx_word' id='word_1_257' title='bbox 1010 1915 1094 1954; x_wconf 89' lang='lat' dir='ltr'>iam</span> <span class='ocrx_word' id='word_1_258' title='bbox 1114 1916 1235 1954; x_wconf 88' lang='lat' dir='ltr'>annis</span> <span class='ocrx_word' id='word_1_259' title='bbox 1255 1914 1414 1964; x_wconf 89' lang='lat' dir='ltr'>aliquot</span> <span class='ocrx_word' id='word_1_260' title='bbox 1430 1914 1476 1953; x_wconf 88' lang='lat' dir='ltr'>in</span> <span class='ocrx_word' id='word_1_261' title='bbox 1495 1915 1573 1953; x_wconf 89' lang='lat' dir='ltr'>hoc</span> <span class='ocrx_word' id='word_1_262' title='bbox 1593 1916 1723 1954; x_wconf 88' lang='lat' dir='ltr'>studii</span> <span class='ocrx_word' id='word_1_263' title='bbox 1741 1929 1891 1966; x_wconf 88' lang='lat' dir='ltr'>genere</span> 
     </span>
     <span class='ocr_line' id='line_1_29' title="bbox 290 1980 1886 2030; baseline 0.001 -13"><span class='ocrx_word' id='word_1_264' title='bbox 290 1981 513 2028; x_wconf 85' lang='lat' dir='ltr'>versantes,</span> <span class='ocrx_word' id='word_1_265' title='bbox 537 1993 616 2030; x_wconf 89' lang='lat' dir='ltr'>quo</span> <span class='ocrx_word' id='word_1_266' title='bbox 636 1993 721 2019; x_wconf 90' lang='lat' dir='ltr'>non</span> <span class='ocrx_word' id='word_1_267' title='bbox 740 1980 851 2019; x_wconf 89' lang='lat' dir='ltr'>aliud</span> <span class='ocrx_word' id='word_1_268' title='bbox 866 1981 918 2019; x_wconf 89' lang='lat' dir='ltr'>ab</span> <span class='ocrx_word' id='word_1_269' title='bbox 933 1981 1165 2030; x_wconf 86' lang='lat' dir='ltr'>eloquentia</span> <span class='ocrx_word' id='word_1_270' title='bbox 1185 1980 1401 2028; x_wconf 83' lang='lat' dir='ltr'>diuersius‚</span> <span class='ocrx_word' id='word_1_271' title='bbox 1418 1981 1663 2030; x_wconf 87' lang='lat' dir='ltr'>praesertim</span> <span class='ocrx_word' id='word_1_272' title='bbox 1678 1981 1886 2020; x_wconf 89' lang='lat' dir='ltr'>carminis.</span> 
     </span>
     <span class='ocr_line' id='line_1_30' title="bbox 291 2045 1888 2096; baseline 0.001 -13"><span class='ocrx_word' id='word_1_273' title='bbox 291 2046 336 2083; x_wconf 80' lang='lat' dir='ltr'>Si</span> <span class='ocrx_word' id='word_1_274' title='bbox 356 2045 454 2096; x_wconf 91' lang='lat' dir='ltr'>quid</span> <span class='ocrx_word' id='word_1_275' title='bbox 474 2046 658 2084; x_wconf 90' lang='lat' dir='ltr'>censebis</span> <span class='ocrx_word' id='word_1_276' title='bbox 677 2047 936 2095; x_wconf 88' lang='lat' dir='ltr'>mutandum,</span> <span class='ocrx_word' id='word_1_277' title='bbox 961 2060 1055 2085; x_wconf 90' lang='lat' dir='ltr'>cum</span> <span class='ocrx_word' id='word_1_278' title='bbox 1076 2046 1248 2085; x_wconf 88' lang='lat' dir='ltr'>Borsalo</span> <span class='ocrx_word' id='word_1_279' title='bbox 1273 2045 1559 2094; x_wconf 81' lang='lat' dir='ltr'>communica3</span> <span class='ocrx_word' id='word_1_280' title='bbox 1588 2046 1624 2085; x_wconf 91' lang='lat' dir='ltr'>is</span> <span class='ocrx_word' id='word_1_281' title='bbox 1643 2046 1750 2084; x_wconf 90' lang='lat' dir='ltr'>mihi</span> <span class='ocrx_word' id='word_1_282' title='bbox 1771 2049 1888 2086; x_wconf 89' lang='lat' dir='ltr'>tuam</span> 
     </span>
     <span class='ocr_line' id='line_1_31' title="bbox 290 2110 1891 2162; baseline 0.001 -13"><span class='ocrx_word' id='word_1_283' title='bbox 290 2111 539 2149; x_wconf 87' lang='lat' dir='ltr'>sententiam</span> <span class='ocrx_word' id='word_1_284' title='bbox 576 2111 812 2161; x_wconf 86' lang='lat' dir='ltr'>perscribet.</span> <span class='ocrx_word' id='word_1_285' title='bbox 888 2112 1000 2150; x_wconf 88' lang='lat' dir='ltr'>Bene</span> <span class='ocrx_word' id='word_1_286' title='bbox 1034 2111 1126 2150; x_wconf 87' lang='lat' dir='ltr'>vale</span> <span class='ocrx_word' id='word_1_287' title='bbox 1165 2110 1331 2149; x_wconf 86' lang='lat' dir='ltr'>Christo</span> <span class='ocrx_word' id='word_1_288' title='bbox 1366 2111 1536 2150; x_wconf 92' lang='lat' dir='ltr'>custode</span> <span class='ocrx_word' id='word_1_289' title='bbox 1573 2111 1782 2162; x_wconf 85' lang='lat' dir='ltr'>so&lt;s&gt;pes,</span> <span class='ocrx_word' id='word_1_290' title='bbox 1824 2113 1891 2151; x_wconf 87' lang='lat' dir='ltr'>vir</span> 
     </span>
    </p>

    <p class='ocr_par' dir='ltr' id='par_1_8' title="bbox 230 2176 1519 2227">
     <span class='ocr_line' id='line_1_32' title="bbox 230 2176 1519 2227; baseline 0.001 -13"><span class='ocrx_word' id='word_1_291' title='bbox 230 2190 269 2220; x_wconf 78' lang='lat'>45</span> <span class='ocrx_word' id='word_1_292' title='bbox 291 2176 566 2215; x_wconf 87' lang='lat' dir='ltr'>ornatissime.</span> <span class='ocrx_word' id='word_1_293' title='bbox 626 2176 802 2215; x_wconf 89' lang='lat' dir='ltr'>Louanii</span> <span class='ocrx_word' id='word_1_294' title='bbox 835 2187 867 2225; x_wconf 90' lang='lat'>7.</span> <span class='ocrx_word' id='word_1_295' title='bbox 901 2177 985 2216; x_wconf 89' lang='lat' dir='ltr'>Cal.</span> <span class='ocrx_word' id='word_1_296' title='bbox 1018 2177 1151 2227; x_wconf 84' lang='lat' dir='ltr'>April.</span> <span class='ocrx_word' id='word_1_297' title='bbox 1183 2177 1266 2215; x_wconf 91' lang='lat' dir='ltr'>An.</span> <span class='ocrx_word' id='word_1_298' title='bbox 1299 2189 1519 2216; x_wconf 82' lang='lat' dir='ltr'>M.D.XVI11.</span> 
     </span>
    </p>
   </div>
   <div class='ocr_carea' id='block_1_3' title="bbox 1262 2257 1885 2299">
    <p class='ocr_par' dir='ltr' id='par_1_9' title="bbox 1262 2257 1885 2299">
     <span class='ocr_line' id='line_1_33' title="bbox 1262 2257 1885 2299; baseline 0.002 -3"><span class='ocrx_word' id='word_1_299' title='bbox 1262 2257 1463 2297; x_wconf 88' lang='lat' dir='ltr'>Erasmus</span> <span class='ocrx_word' id='word_1_300' title='bbox 1491 2258 1569 2297; x_wconf 87' lang='lat' dir='ltr'>tibi</span> <span class='ocrx_word' id='word_1_301' title='bbox 1588 2258 1885 2299; x_wconf 88' lang='lat' dir='ltr'>deditissimus.</span> 
     </span>
    </p>
   </div>
   <div class='ocr_carea' id='block_1_4' title="bbox 696 2391 1475 2433">
    <p class='ocr_par' dir='ltr' id='par_1_10' title="bbox 696 2391 1475 2433">
     <span class='ocr_line' id='line_1_34' title="bbox 696 2391 1475 2433; baseline 0 -2"><span class='ocrx_word' id='word_1_302' title='bbox 696 2391 848 2433; x_wconf 77' lang='lat'>⁷80806.</span> <span class='ocrx_word' id='word_1_303' title='bbox 909 2391 973 2432; x_wconf 91' lang='lat' dir='ltr'>To</span> <span class='ocrx_word' id='word_1_304' title='bbox 1004 2391 1220 2433; x_wconf 80' lang='lat' dir='ltr'><strong>RICHARD</strong></span> <span class='ocrx_word' id='word_1_305' title='bbox 1252 2391 1475 2432; x_wconf 83' lang='lat' dir='ltr'>SAMPSON.</span> 
     </span>
    </p>
   </div>
   <div class='ocr_carea' id='block_1_5' title="bbox 336 2481 1836 2586">
    <p class='ocr_par' dir='ltr' id='par_1_11' title="bbox 336 2481 1836 2586">
     <span class='ocr_line' id='line_1_35' title="bbox 336 2481 1775 2528; baseline 0.002 -13"><span class='ocrx_word' id='word_1_306' title='bbox 336 2481 555 2517; x_wconf 85' lang='lat' dir='ltr'>Auctarium</span> <span class='ocrx_word' id='word_1_307' title='bbox 574 2494 609 2527; x_wconf 90' lang='lat' dir='ltr'>p.</span> <span class='ocrx_word' id='word_1_308' title='bbox 632 2492 708 2528; x_wconf 83' lang='lat'>139.</span> <span class='ocrx_word' id='word_1_309' title='bbox 1597 2482 1775 2518; x_wconf 85' lang='lat' dir='ltr'>Louvain.</span> 
     </span>
     <span class='ocr_line' id='line_1_36' title="bbox 337 2538 1836 2586; baseline 0.002 -13"><span class='ocrx_word' id='word_1_310' title='bbox 337 2539 378 2573; x_wconf 89' lang='lat' dir='ltr'>F.</span> <span class='ocrx_word' id='word_1_311' title='bbox 395 2551 432 2584; x_wconf 86' lang='lat' dir='ltr'>p.</span> <span class='ocrx_word' id='word_1_312' title='bbox 456 2550 540 2583; x_wconf 81' lang='lat'>142:</span> <span class='ocrx_word' id='word_1_313' title='bbox 566 2539 656 2575; x_wconf 89' lang='lat' dir='ltr'>HN:</span> <span class='ocrx_word' id='word_1_314' title='bbox 684 2540 801 2575; x_wconf 89' lang='lat' dir='ltr'>Lond.</span> <span class='ocrx_word' id='word_1_315' title='bbox 820 2539 871 2576; x_wconf 84' lang='lat' dir='ltr'>iii.</span> <span class='ocrx_word' id='word_1_316' title='bbox 892 2549 931 2585; x_wconf 84' lang='lat'>5:</span> <span class='ocrx_word' id='word_1_317' title='bbox 962 2539 1034 2574; x_wconf 87' lang='lat' dir='ltr'>LB.</span> <span class='ocrx_word' id='word_1_318' title='bbox 1053 2549 1135 2585; x_wconf 84' lang='lat'>352.</span> <span class='ocrx_word' id='word_1_319' title='bbox 1534 2538 1714 2586; x_wconf 78' lang='lat' dir='ltr'>(March)</span> <span class='ocrx_word' id='word_1_320' title='bbox 1738 2541 1836 2586; x_wconf 86' lang='lat'>1518.</span> 
     </span>
    </p>
   </div>
   <div class='ocr_carea' id='block_1_6' title="bbox 370 2630 1805 2730">
    <p class='ocr_par' dir='ltr' id='par_1_12' title="bbox 370 2630 1805 2730">
     <span class='ocr_line' id='line_1_37' title="bbox 370 2630 1805 2667; baseline 0.001 -8"><span class='ocrx_word' id='word_1_321' title='bbox 370 2630 574 2660; x_wconf 73' lang='lat' dir='ltr'><strong>ERASMVS</strong></span> <span class='ocrx_word' id='word_1_322' title='bbox 605 2631 938 2662; x_wconf 84' lang='lat' dir='ltr'>ROTERODAMVS</span> <span class='ocrx_word' id='word_1_323' title='bbox 969 2631 1135 2661; x_wconf 90' lang='lat' dir='ltr'>EXIMIO</span> <span class='ocrx_word' id='word_1_324' title='bbox 1166 2630 1290 2660; x_wconf 87' lang='lat' dir='ltr'><strong>IVRIS</strong></span> <span class='ocrx_word' id='word_1_325' title='bbox 1321 2630 1575 2667; x_wconf 79' lang='lat' dir='ltr'>VTRIVSQVE</span> <span class='ocrx_word' id='word_1_326' title='bbox 1606 2631 1805 2663; x_wconf 90' lang='lat' dir='ltr'>DOCTORI</span> 
     </span>
     <span class='ocr_line' id='line_1_38' title="bbox 773 2698 1394 2730; baseline -0.002 0"><span class='ocrx_word' id='word_1_327' title='bbox 773 2699 1010 2730; x_wconf 85' lang='lat' dir='ltr'><strong>RICHARDO</strong></span> <span class='ocrx_word' id='word_1_328' title='bbox 1043 2698 1265 2729; x_wconf 86' lang='lat' dir='ltr'>SAMPSONI</span> <span class='ocrx_word' id='word_1_329' title='bbox 1297 2698 1329 2729; x_wconf 71' lang='lat' dir='ltr'>S.</span> <span class='ocrx_word' id='word_1_330' title='bbox 1353 2699 1394 2729; x_wconf 88' lang='lat' dir='ltr'>D.</span> 
     </span>
    </p>
   </div>
   <div class='ocr_carea' id='block_1_7' title="bbox 291 2778 1884 2895">
    <p class='ocr_par' dir='ltr' id='par_1_13' title="bbox 291 2778 1884 2895">
     <span class='ocr_line' id='line_1_39' title="bbox 346 2778 1884 2831; baseline 0.003 -16"><span class='ocrx_word' id='word_1_331' title='bbox 346 2778 511 2827; x_wconf 67' lang='lat' dir='ltr'>Imms,</span> <span class='ocrx_word' id='word_1_332' title='bbox 534 2782 579 2818; x_wconf 76' lang='lat' dir='ltr'>vt</span> <span class='ocrx_word' id='word_1_333' title='bbox 601 2780 757 2829; x_wconf 86' lang='lat' dir='ltr'>scribis,</span> <span class='ocrx_word' id='word_1_334' title='bbox 781 2780 1044 2819; x_wconf 77' lang='lat' dir='ltr'>ornatissime</span> <span class='ocrx_word' id='word_1_335' title='bbox 1065 2779 1278 2825; x_wconf 87' lang='lat' dir='ltr'>Richarde,</span> <span class='ocrx_word' id='word_1_336' title='bbox 1298 2791 1418 2817; x_wconf 88' lang='lat' dir='ltr'>verae</span> <span class='ocrx_word' id='word_1_337' title='bbox 1435 2781 1752 2820; x_wconf 82' lang='lat' dir='ltr'>necessitudinis</span> <span class='ocrx_word' id='word_1_338' title='bbox 1770 2794 1884 2831; x_wconf 87' lang='lat' dir='ltr'>argu-</span> 
     </span>
     <span class='ocr_line' id='line_1_40' title="bbox 291 2843 1882 2895; baseline 0.003 -15"><span class='ocrx_word' id='word_1_339' title='bbox 291 2846 481 2882; x_wconf 89' lang='lat' dir='ltr'>mentum</span> <span class='ocrx_word' id='word_1_340' title='bbox 501 2847 572 2890; x_wconf 89' lang='lat' dir='ltr'>est,</span> <span class='ocrx_word' id='word_1_341' title='bbox 599 2846 706 2895; x_wconf 90' lang='lat' dir='ltr'>quod</span> <span class='ocrx_word' id='word_1_342' title='bbox 727 2847 789 2884; x_wconf 91' lang='lat' dir='ltr'>tot</span> <span class='ocrx_word' id='word_1_343' title='bbox 807 2845 980 2884; x_wconf 81' lang='lat' dir='ltr'>eximios</span> <span class='ocrx_word' id='word_1_344' title='bbox 997 2845 1151 2883; x_wconf 90' lang='lat' dir='ltr'>amicos</span> <span class='ocrx_word' id='word_1_345' title='bbox 1171 2843 1372 2883; x_wconf 88' lang='lat' dir='ltr'>habemus</span> <span class='ocrx_word' id='word_1_346' title='bbox 1391 2844 1500 2883; x_wconf 89' lang='lat' dir='ltr'>inter</span> <span class='ocrx_word' id='word_1_347' title='bbox 1519 2859 1596 2884; x_wconf 93' lang='lat' dir='ltr'>nos</span> <span class='ocrx_word' id='word_1_348' title='bbox 1614 2858 1857 2885; x_wconf 87' lang='lat' dir='ltr'>communes</span> <span class='ocrx_word' id='word_1_349' title='bbox 1874 2859 1882 2892; x_wconf 88' lang='lat'>;</span> 
     </span>
    </p>
   </div>
   <div class='ocr_carea' id='block_1_8' title="bbox 334 2960 1817 3004">
    <p class='ocr_par' dir='ltr' id='par_1_14' title="bbox 334 2960 1817 3004">
     <span class='ocr_line' id='line_1_41' title="bbox 334 2960 1817 3004; baseline 0.002 -13"><span class='ocrx_word' id='word_1_350' title='bbox 334 2962 407 2992; x_wconf 83' lang='grc'>805.</span> <span class='ocrx_word' id='word_1_351' title='bbox 435 2972 485 3000; x_wconf 83' lang='lat'>27.</span> <span class='ocrx_word' id='word_1_352' title='bbox 514 2962 654 3003; x_wconf 82' lang='lat' dir='ltr'>statim]</span> <span class='ocrx_word' id='word_1_353' title='bbox 672 2963 736 2993; x_wconf 87' lang='lat' dir='ltr'>See</span> <span class='ocrx_word' id='word_1_354' title='bbox 753 2962 817 3002; x_wconf 92' lang='lat' dir='ltr'>Ep.</span> <span class='ocrx_word' id='word_1_355' title='bbox 835 2963 897 3001; x_wconf 87' lang='lat'>691</span> <span class='ocrx_word' id='word_1_356' title='bbox 918 2960 1049 2992; x_wconf 85' lang='lat' dir='ltr'>introd.</span> <span class='ocrx_word' id='word_1_357' title='bbox 1161 2972 1214 2999; x_wconf 88' lang='lat'>40.</span> <span class='ocrx_word' id='word_1_358' title='bbox 1242 2960 1450 3002; x_wconf 81' lang='lat' dir='ltr'>Epitaphia]</span> <span class='ocrx_word' id='word_1_359' title='bbox 1468 2962 1519 2994; x_wconf 85' lang='lat' dir='ltr'>Cf.</span> <span class='ocrx_word' id='word_1_360' title='bbox 1541 2963 1627 3003; x_wconf 90' lang='lat' dir='ltr'>Epp.</span> <span class='ocrx_word' id='word_1_361' title='bbox 1646 2965 1722 3004; x_wconf 89' lang='lat'>699,</span> <span class='ocrx_word' id='word_1_362' title='bbox 1741 2964 1817 3001; x_wconf 89' lang='lat'>804.</span> 
     </span>
    </p>
   </div>
  </div>
 </body>
</html>
