2034 3433
311 141 391 180 210
775 143 1027 182 LETTERS
1065 142 1135 181 oF
1175 142 1441 182 ERASMUS
1779 139 1905 194 [1518

365 245 510 284 Primo
537 249 676 285 autem
704 247 906 294 omnium,
932 248 978 284 vt
1003 245 1102 283 hinc
1128 245 1326 292 exordiar,
1349 246 1490 294 plures
1518 244 1688 282 moleste
1709 244 1849 282 ferunt
1869 245 1911 281 te

310 311 354 348 in
384 311 722 350 adnotationibus
753 310 956 349 Matthaei
985 310 1115 360 capite
1142 310 1173 348 ii
1202 310 1260 348 sic
1289 309 1523 359 scripsisse:
1558 308 1667 347 ‘siue
1690 309 1801 358 quod
1830 308 1908 358 ipsi

310 375 602 425 Euangelistae
629 376 869 414 testimonia
896 375 1137 413 huiusmodi
1166 388 1252 413 non
1277 388 1299 412 e
1326 374 1446 412 libris
1471 373 1814 424 deprompserint,
1838 374 1907 412 sed

309 441 530 479 memoriae
554 441 740 487 fidentes,
764 441 823 478 ita
850 442 897 479 vt
923 440 983 489 fit,
1004 440 1111 490 lapsi
1140 439 1250 478 sint.’
1306 439 1408 478 Istis
1436 439 1549 477 enim
1574 439 1712 477 verbis
1738 438 1911 477 innuere

249 514 292 546 40
308 505 462 543 videris
496 506 784 555 Euangelistas
817 519 934 544 more
968 506 1154 544 humano
1189 505 1427 554 scripsisse;
1472 507 1512 542 et
1547 505 1656 554 quod
1689 503 1910 542 memoriae

309 569 452 607 confisi
478 570 578 607 haec
604 570 856 620 scripserint,
880 570 987 620 quod
1015 569 1144 608 libros
1162 570 1303 608 videre
1323 569 1593 619 neglexerint,
1615 569 1723 619 quod
1743 568 1811 616 ita,
1835 568 1910 607 hoc

307 636 371 672 est
388 634 439 672 ob
454 647 544 672 eam
559 648 736 682 causam,
748 635 853 685 lapsi
866 636 964 673 sint.
1010 634 1133 682 Audi,
1144 634 1204 672 mi
1221 634 1393 673 Erasme
1407 649 1417 682 ;
1437 634 1704 673 arbitrarisne
1717 633 1911 674 Christia-

309 712 412 737 num
437 700 643 748 patienter
667 699 852 738 laturum
879 699 1171 749 Euangelistas
1200 699 1244 737 in
1272 700 1517 749 Euangeliis
1545 699 1714 750 lapsos?
1770 699 1816 738 Si
1843 699 1910 738 hic

308 764 471 802 vacillat
501 777 636 804 sacrae
669 765 906 815 Scripturae
940 765 1152 814 autoritas,
1187 778 1291 815 quae
1322 778 1417 815 pars
1447 765 1531 803 alia
1561 766 1650 803 sine
1683 765 1910 815 suspitione

245 840 288 871 45
307 829 457 867 erroris
495 829 604 868 erit‘?
650 832 697 869 vt
734 830 1015 880 pulcherrimo
1054 832 1301 880 argumento
1340 831 1391 868 A.
1432 830 1700 880 Augustinus
1736 830 1907 880 colligit.

307 895 436 932 Porro
462 894 704 933 ‘Memoriae
730 896 928 934 fidentes'
950 895 1062 943 dicis,
1087 896 1205 945 quasi
1229 895 1345 945 prius
1370 894 1477 933 lecta
1502 897 1543 933 et
1568 895 1665 933 sinu
1688 895 1912 934 memoriae

308 959 518 997 recondita
547 961 890 1010 conscripserint:
934 961 1084 1010 quibus
1111 962 1383 1010 praeceptum
1412 960 1494 998 fuit
1522 962 1568 999 vt
1598 973 1649 998 ne
1679 960 1911 1010 cogitarent

306 1024 474 1074 quidem
495 1025 593 1074 quid
614 1028 710 1064 ante
730 1039 845 1075 reges
864 1028 904 1064 et
924 1026 1132 1076 praesides
1153 1025 1433 1074 loquerentur,
1456 1025 1526 1063 sed
1547 1039 1571 1063 a
1589 1025 1747 1075 Spiritu
1768 1027 1909 1064 sancto

307 1102 474 1127 omnem
490 1090 738 1129 docerentur
753 1091 984 1130 veritatem.
1030 1091 1085 1129 Et
1105 1093 1113 1109 ⁴
1127 1090 1384 1128 Testimonia
1403 1090 1645 1129 huiusmodi
1657 1091 1666 1106 ⁹
1683 1090 1784 1129 dicis
1803 1092 1812 1109 ⁴
1825 1103 1910 1129 non

250 1166 290 1197 50
307 1168 328 1192 e
344 1154 460 1193 libris
477 1155 809 1205 deprompserint
823 1156 842 1203 ’,
862 1158 979 1206 quasi
993 1168 1107 1194 more
1127 1158 1271 1194 nostro
1285 1169 1334 1194 ex
1349 1156 1477 1194 variis
1491 1155 1608 1194 libris
1624 1158 1665 1194 et
1680 1155 1905 1203 autoribus,

307 1222 354 1258 vt
384 1222 447 1258 est
477 1234 587 1259 nunc
619 1221 929 1260 condendorum
963 1221 1168 1260 librorum
1201 1220 1360 1269 modus,
1392 1221 1591 1259 volumen
1620 1220 1910 1271 congesserint.

308 1285 436 1324 Absit
467 1286 544 1324 hoc
573 1300 597 1324 a
629 1286 808 1335 Spiritus
847 1286 980 1325 sancti
1013 1288 1053 1324 et
1085 1286 1182 1324 Iesu
1213 1286 1433 1325 saluatoris
1467 1286 1599 1324 nostri
1630 1286 1855 1335 discipulis,
1888 1299 1912 1324 a

309 1351 407 1389 fidei
439 1353 601 1390 nostrae
634 1352 842 1391 columnis
876 1365 962 1390 non
995 1352 1178 1390 humana
1212 1351 1414 1400 sapientia
1448 1351 1664 1399 institutis,
1697 1351 1910 1401 suspicari.

309 1417 554 1466 Assumpsit
591 1416 810 1456 illiteratos
848 1419 889 1455 et
927 1417 1275 1467 analphabeticos,
1315 1417 1386 1455 sed
1425 1416 1686 1455 doctissimos
1720 1416 1910 1455 reddidit.

248 1493 291 1525 55
311 1481 449 1520 Tuum
475 1482 563 1528 erit,
587 1482 850 1521 ornatissime
874 1483 1055 1530 Erasme,
1082 1482 1127 1520 in
1154 1482 1267 1520 hisce
1296 1495 1440 1520 sanam
1468 1482 1624 1531 aperire
1649 1481 1906 1520 sententiam.

313 1547 450 1594 Parce,
472 1560 625 1596 precor,
649 1549 736 1586 tam
757 1547 867 1586 bono
886 1549 1027 1586 animo
1046 1550 1215 1597 tamque
1238 1548 1396 1586 fauenti
1426 1548 1466 1585 te
1493 1560 1587 1585 cum
1606 1547 1849 1586 humilitate
1869 1549 1911 1585 et

313 1611 429 1650 omni
447 1612 649 1650 modestia
667 1613 867 1651 monenti.

365 1677 432 1715 Ad
471 1677 583 1715 aliud
623 1678 902 1717 ascendamus.
961 1680 1067 1716 Acta
1099 1677 1401 1727 Apostolorum
1440 1677 1721 1716 elucidaturus
1759 1690 1843 1727 cap.
1881 1692 1909 1716 x

311 1742 519 1780 adnotasti
545 1743 643 1780 haec
663 1743 811 1782 verba:
844 1744 1024 1782 ‘Tamen
1052 1743 1177 1782 etiam
1206 1755 1300 1781 cum
1323 1743 1475 1781 Graece
1498 1742 1685 1781 scribunt
1702 1743 1910 1793 Apostoli,

250 1810 293 1841 60
311 1807 494 1846 multum
512 1800 514 1803 ⁴
532 1808 715 1846 referunt
754 1821 804 1846 ex
840 1810 1091 1859 proprietate
1128 1808 1295 1858 linguae
1333 1808 1456 1847 suae.’
1513 1808 1569 1846 Et
1603 1808 1733 1847 infra:
1777 1808 1909 1847 ‘Nam

310 1872 501 1922 Apostoli
534 1873 809 1911 Graecitatem
841 1887 959 1912 suam
993 1887 1078 1912 non
1112 1887 1134 1911 e
1168 1872 1465 1911 Demosthenis
1497 1872 1753 1911 orationibus
1785 1873 1855 1912 sed
1888 1888 1910 1911 e

311 1938 427 1987 vulgi
446 1937 643 1988 colloquio
659 1939 919 1979 didicerunt.’
967 1938 1059 1977 Hoc
1078 1940 1219 1977 minus
1240 1938 1377 1977 sobrie
1391 1951 1414 1976 a
1429 1940 1468 1975 te
1485 1937 1654 1976 homine
1671 1938 1909 1977 Christiano

310 2004 396 2041 fore
415 2003 616 2052 scriptum
631 2003 817 2054 plerique
837 2004 1215 2054 opinantur—cum
1230 2003 1353 2041 venia
1374 2005 1456 2047 tua,
1481 2003 1542 2040 mi
1557 2002 1728 2041 Erasme
1745 2017 1754 2050 ;
1782 2002 1909 2042 homo

310 2081 404 2106 sum
424 2070 598 2118 apertus,
622 2068 728 2107 nihil
748 2069 947 2108 blandior.
996 2069 1097 2118 Quis
1116 2069 1231 2107 enim
1247 2068 1509 2108 Christianus
1528 2067 1691 2116 ignorat
1709 2068 1777 2106 vel
1795 2067 1909 2118 igno-

253 2135 292 2175 65
313 2146 399 2172 rare
419 2135 566 2182 potest,
590 2133 625 2171 si
644 2133 779 2181 vellet,
802 2134 1026 2184 Apostolos
1046 2134 1154 2172 dono
1174 2133 1355 2183 Spiritus
1382 2132 1515 2171 sancti
1535 2133 1650 2171 varia
1668 2132 1909 2183 linguarum

313 2212 462 2249 genera
490 2199 688 2237 nouisse?
742 2201 923 2250 Accepta
953 2200 1066 2238 enim
1102 2201 1148 2238 in
1178 2199 1244 2238 die
1274 2199 1539 2237 Pentecostes
1568 2198 1749 2248 Spiritus
1776 2200 1909 2238 sancti

313 2264 453 2313 gratia,
477 2263 816 2313 colloquebantur
840 2265 1035 2315 Apostoli
1059 2264 1183 2303 variis
1211 2264 1368 2314 linguis
1395 2263 1603 2313 magnalia
1626 2263 1714 2303 Dei.
1776 2264 1908 2313 Quare

314 2342 399 2367 non
426 2342 450 2367 a
480 2329 647 2367 Graecis
675 2329 744 2368 sed
773 2343 796 2368 a
825 2330 982 2380 Spiritu
1011 2332 1152 2369 sancto
1179 2329 1454 2369 Graecitatem
1484 2328 1718 2367 didicerunt
1733 2344 1742 2377 ;
1770 2332 1820 2368 vt
1847 2329 1908 2368 eis

317 2393 471 2441 Graeci,
492 2393 712 2443 Rhomani,
735 2395 940 2445 Aegyptii,
963 2395 1110 2434 Parthi
1133 2396 1174 2433 et
1200 2394 1282 2443 alii,
1304 2395 1490 2433 Actuum
1513 2394 1707 2442 secundo,
1727 2394 1908 2433 testimo—

253 2469 297 2501 ·70
316 2459 435 2497 nium
467 2458 621 2497 dedere.
682 2459 852 2498 Donum
885 2460 1000 2498 enim
1030 2460 1271 2510 linguarum
1304 2460 1415 2497 inter
1448 2459 1530 2496 alia
1563 2472 1724 2508 quoque
1757 2471 1780 2497 a
1811 2459 1908 2498 diuo

317 2522 446 2562 Paulo
474 2525 803 2562 connumeratur.

372 2587 571 2626 Eiusdem
600 2588 753 2627 farinae
782 2591 845 2627 est
870 2590 978 2638 quod
1004 2602 1086 2639 cap.
1109 2602 1129 2637 3
1156 2588 1355 2627 Matthaei
1381 2587 1426 2625 in
1455 2587 1795 2627 annotationibus
1823 2588 1908 2627 tuis

362 2716 412 2744 42.
439 2707 513 2737 sint
530 2709 578 2736 D:
603 2709 691 2737 sunt
708 2710 805 2738 Lond.
957 2717 1007 2746 59.
1032 2707 1164 2737 Tamen
1180 2708 1302 2745 scripsi,
1321 2708 1489 2735 secundum
1507 2708 1647 2736 Annot.:
1671 2706 1761 2737 Tum
1777 2709 1814 2737 D.
1861 2709 1903 2743 Cf.
1945 2715 1948 2717 ·

319 2752 376 2787 Ep.
395 2751 469 2788 844.
486 2760 539 2789 94.

367 2867 419 2896 37.
443 2856 754 2897 adnotationibus]
771 2867 802 2897 p.
823 2866 895 2895 239.
1191 2856 1243 2894 67.
1269 2855 1449 2893 magnalia
1464 2854 1546 2895 Dei]
1564 2855 1651 2886 Acts
1667 2865 1697 2886 2.
1717 2865 1765 2886 11.

367 2910 419 2939 45.
444 2900 683 2941 Augustinus]
700 2903 760 2937 Ep.
778 2901 829 2939 28,
848 2910 922 2939 cap.
941 2909 969 2938 3.
1194 2907 1245 2936 71-
1272 2898 1397 2939 Paulo]
1418 2908 1431 2928 1
1450 2899 1527 2930 Cor.
1549 2908 1597 2930 12.
1619 2908 1669 2929 10.

367 2953 418 2981 47.
444 2943 687 2984 praeceptum]
707 2944 807 2974 Matt.
829 2954 876 2976 10.
898 2943 1010 2973 18-20.
1194 2950 1244 2979 72.
1271 2941 1583 2982 annotationibus]
1596 2952 1631 2982 p.
1641 2951 1704 2981 245
1718 2953 1727 2982 ς
1743 2951 1790 2972 011
1803 2941 1907 2973 Matt.

366 2996 418 3025 59.
444 2986 643 3027 adnotasti]
655 2997 689 3027 p.
709 2987 784 3025 387.
1149 2997 1178 3024 4.
1195 2994 1246 3023 23.
