<?xml version="1.0" encoding="UTF-8"?>
<!DOCTYPE html PUBLIC "-//W3C//DTD XHTML 1.0 Transitional//EN"
    "http://www.w3.org/TR/xhtml1/DTD/xhtml1-transitional.dtd">
<html xmlns="http://www.w3.org/1999/xhtml" xml:lang="en" lang="en">
 <head>
  <title>
</title>
<meta http-equiv="Content-Type" content="text/html;charset=utf-8" />
  <meta name='ocr-system' content='tesseract 3.04.00' />
  <meta name='ocr-capabilities' content='ocr_page ocr_carea ocr_par ocr_line ocrx_word'/>
</head>
<body>
  <div class='ocr_page' id='page_1' title='image "./opusepistolarumd03erasuoft_0060.png"; bbox 0 0 2034 3433; ppageno 0'>
   <div class='ocr_carea' id='block_1_1' title="bbox 266 119 1849 175">
    <p class='ocr_par' dir='ltr' id='par_1_1' title="bbox 266 119 1849 175">
     <span class='ocr_line' id='line_1_1' title="bbox 266 119 1849 175; baseline -0.003 -13"><span class='ocrx_word' id='word_1_1' title='bbox 266 124 317 162; x_wconf 81' lang='lat'>24</span> <span class='ocrx_word' id='word_1_2' title='bbox 727 123 979 162; x_wconf 86' lang='lat' dir='ltr'><strong>LETTERS</strong></span> <span class='ocrx_word' id='word_1_3' title='bbox 1017 122 1086 161; x_wconf 81' lang='lat' dir='ltr'>OF</span> <span class='ocrx_word' id='word_1_4' title='bbox 1122 122 1387 163; x_wconf 85' lang='lat' dir='ltr'>ERASMUS</span> <span class='ocrx_word' id='word_1_5' title='bbox 1723 119 1763 175; x_wconf 88' lang='lat'>[1</span> <span class='ocrx_word' id='word_1_6' title='bbox 1773 133 1794 170; x_wconf 86' lang='lat'>5</span> <span class='ocrx_word' id='word_1_7' title='bbox 1803 133 1817 158; x_wconf 94' lang='lat'>1</span> <span class='ocrx_word' id='word_1_8' title='bbox 1828 131 1849 169; x_wconf 91' lang='lat'><strong>7</strong></span> 
     </span>
    </p>
   </div>
   <div class='ocr_carea' id='block_1_2' title="bbox 210 222 1873 2430">
    <p class='ocr_par' dir='ltr' id='par_1_2' title="bbox 210 222 1873 2430">
     <span class='ocr_line' id='line_1_2' title="bbox 265 222 1852 276; baseline -0.001 -13"><span class='ocrx_word' id='word_1_9' title='bbox 265 228 306 263; x_wconf 92' lang='lat' dir='ltr'>et</span> <span class='ocrx_word' id='word_1_10' title='bbox 330 239 405 276; x_wconf 85' lang='lat' dir='ltr'>ego</span> <span class='ocrx_word' id='word_1_11' title='bbox 431 238 499 264; x_wconf 91' lang='lat' dir='ltr'>me</span> <span class='ocrx_word' id='word_1_12' title='bbox 526 225 655 265; x_wconf 88' lang='lat' dir='ltr'>talem</span> <span class='ocrx_word' id='word_1_13' title='bbox 683 239 778 276; x_wconf 87' lang='lat' dir='ltr'>erga</span> <span class='ocrx_word' id='word_1_14' title='bbox 807 227 847 264; x_wconf 86' lang='lat' dir='ltr'>te</span> <span class='ocrx_word' id='word_1_15' title='bbox 874 225 963 274; x_wconf 87' lang='lat' dir='ltr'>(qui</span> <span class='ocrx_word' id='word_1_16' title='bbox 984 224 1168 275; x_wconf 83' lang='lat' dir='ltr'>profecto</span> <span class='ocrx_word' id='word_1_17' title='bbox 1190 225 1256 264; x_wconf 85' lang='lat' dir='ltr'>vir</span> <span class='ocrx_word' id='word_1_18' title='bbox 1282 238 1325 264; x_wconf 92' lang='lat' dir='ltr'>es</span> <span class='ocrx_word' id='word_1_19' title='bbox 1351 224 1466 263; x_wconf 90' lang='lat' dir='ltr'>omni</span> <span class='ocrx_word' id='word_1_20' title='bbox 1484 222 1666 263; x_wconf 88' lang='lat' dir='ltr'>amicitia</span> <span class='ocrx_word' id='word_1_21' title='bbox 1684 223 1852 273; x_wconf 86' lang='lat' dir='ltr'>dignus)</span> 
     </span>
     <span class='ocr_line' id='line_1_3' title="bbox 265 288 1852 340; baseline -0.002 -11"><span class='ocrx_word' id='word_1_22' title='bbox 265 291 458 329; x_wconf 85' lang='lat' dir='ltr'>exhibere</span> <span class='ocrx_word' id='word_1_23' title='bbox 477 304 648 340; x_wconf 87' lang='lat' dir='ltr'>possem,</span> <span class='ocrx_word' id='word_1_24' title='bbox 670 292 716 329; x_wconf 89' lang='lat' dir='ltr'>vt</span> <span class='ocrx_word' id='word_1_25' title='bbox 734 291 779 328; x_wconf 92' lang='lat' dir='ltr'>in</span> <span class='ocrx_word' id='word_1_26' title='bbox 799 290 891 328; x_wconf 92' lang='lat' dir='ltr'>albo</span> <span class='ocrx_word' id='word_1_27' title='bbox 911 293 1078 327; x_wconf 86' lang='lat' dir='ltr'>tuorum</span> <span class='ocrx_word' id='word_1_28' title='bbox 1104 290 1331 329; x_wconf 84' lang='lat' dir='ltr'>amicorum</span> <span class='ocrx_word' id='word_1_29' title='bbox 1352 291 1500 329; x_wconf 87' lang='lat' dir='ltr'>merito</span> <span class='ocrx_word' id='word_1_30' title='bbox 1524 288 1686 327; x_wconf 89' lang='lat' dir='ltr'>viderer</span> <span class='ocrx_word' id='word_1_31' title='bbox 1707 289 1852 327; x_wconf 87' lang='lat' dir='ltr'>adscri-</span> 
     </span>
     <span class='ocr_line' id='line_1_4' title="bbox 265 353 1854 405; baseline -0.002 -11"><span class='ocrx_word' id='word_1_32' title='bbox 265 356 448 395; x_wconf 82' lang='lat' dir='ltr'>bendus!</span> <span class='ocrx_word' id='word_1_33' title='bbox 505 356 584 394; x_wconf 98' lang='lat' dir='ltr'>Sed</span> <span class='ocrx_word' id='word_1_34' title='bbox 605 369 695 394; x_wconf 88' lang='lat' dir='ltr'>mea</span> <span class='ocrx_word' id='word_1_35' title='bbox 713 355 791 393; x_wconf 89' lang='lat' dir='ltr'>tibi</span> <span class='ocrx_word' id='word_1_36' title='bbox 816 356 915 393; x_wconf 89' lang='lat' dir='ltr'>satis</span> <span class='ocrx_word' id='word_1_37' title='bbox 941 354 1151 404; x_wconf 88' lang='lat' dir='ltr'>explorata</span> <span class='ocrx_word' id='word_1_38' title='bbox 1173 355 1338 394; x_wconf 86' lang='lat' dir='ltr'>fortuna</span> <span class='ocrx_word' id='word_1_39' title='bbox 1357 358 1429 405; x_wconf 89' lang='lat' dir='ltr'>est,</span> <span class='ocrx_word' id='word_1_40' title='bbox 1451 357 1498 394; x_wconf 85' lang='lat' dir='ltr'>vt</span> <span class='ocrx_word' id='word_1_41' title='bbox 1518 367 1643 404; x_wconf 88' lang='lat' dir='ltr'>quam</span> <span class='ocrx_word' id='word_1_42' title='bbox 1663 354 1717 392; x_wconf 89' lang='lat' dir='ltr'>sit</span> <span class='ocrx_word' id='word_1_43' title='bbox 1737 353 1854 392; x_wconf 89' lang='lat' dir='ltr'>nulla</span> 
     </span>
     <span class='ocr_line' id='line_1_5' title="bbox 266 418 1852 471; baseline -0.003 -11"><span class='ocrx_word' id='word_1_44' title='bbox 266 423 338 460; x_wconf 90' lang='lat' dir='ltr'>aut</span> <span class='ocrx_word' id='word_1_45' title='bbox 365 424 472 460; x_wconf 91' lang='lat' dir='ltr'>certe</span> <span class='ocrx_word' id='word_1_46' title='bbox 501 421 648 471; x_wconf 81' lang='lat' dir='ltr'>exigua</span> <span class='ocrx_word' id='word_1_47' title='bbox 678 421 913 459; x_wconf 83' lang='lat' dir='ltr'><strong>admodum.</strong></span> <span class='ocrx_word' id='word_1_48' title='bbox 971 420 1030 457; x_wconf 90' lang='lat' dir='ltr'>At</span> <span class='ocrx_word' id='word_1_49' title='bbox 1055 419 1097 457; x_wconf 90' lang='lat' dir='ltr'>id</span> <span class='ocrx_word' id='word_1_50' title='bbox 1124 432 1190 457; x_wconf 89' lang='lat' dir='ltr'>me</span> <span class='ocrx_word' id='word_1_51' title='bbox 1217 420 1345 459; x_wconf 89' lang='lat' dir='ltr'>altera</span> <span class='ocrx_word' id='word_1_52' title='bbox 1371 433 1422 458; x_wconf 89' lang='lat' dir='ltr'>ex</span> <span class='ocrx_word' id='word_1_53' title='bbox 1455 422 1572 470; x_wconf 87' lang='lat' dir='ltr'>parte</span> <span class='ocrx_word' id='word_1_54' title='bbox 1603 418 1852 466; x_wconf 87' lang='lat' dir='ltr'>consolatur,</span> 
     </span>
     <span class='ocr_line' id='line_1_6' title="bbox 210 484 1855 536; baseline -0.003 -11"><span class='ocrx_word' id='word_1_55' title='bbox 210 497 248 519; x_wconf 89' lang='lat'>10</span> <span class='ocrx_word' id='word_1_56' title='bbox 267 487 374 536; x_wconf 91' lang='lat' dir='ltr'>quod</span> <span class='ocrx_word' id='word_1_57' title='bbox 403 486 606 525; x_wconf 73' lang='lat' dir='ltr'>amicitiae</span> <span class='ocrx_word' id='word_1_58' title='bbox 635 486 740 524; x_wconf 90' lang='lat' dir='ltr'>fines</span> <span class='ocrx_word' id='word_1_59' title='bbox 767 487 815 523; x_wconf 93' lang='lat' dir='ltr'>tu</span> <span class='ocrx_word' id='word_1_60' title='bbox 843 498 928 522; x_wconf 92' lang='lat' dir='ltr'>non</span> <span class='ocrx_word' id='word_1_61' title='bbox 957 498 1001 522; x_wconf 90' lang='lat' dir='ltr'>re</span> <span class='ocrx_word' id='word_1_62' title='bbox 1028 484 1099 522; x_wconf 85' lang='lat' dir='ltr'>sed</span> <span class='ocrx_word' id='word_1_63' title='bbox 1125 484 1265 522; x_wconf 89' lang='lat' dir='ltr'>animo</span> <span class='ocrx_word' id='word_1_64' title='bbox 1288 498 1446 535; x_wconf 71' lang='lat' dir='ltr'>pensas</span> <span class='ocrx_word' id='word_1_65' title='bbox 1505 484 1587 523; x_wconf 76' lang='lat' dir='ltr'>Vix</span> <span class='ocrx_word' id='word_1_66' title='bbox 1615 484 1696 522; x_wconf 87' lang='lat' dir='ltr'>dici</span> <span class='ocrx_word' id='word_1_67' title='bbox 1719 485 1855 533; x_wconf 89' lang='lat' dir='ltr'>potest</span> 
     </span>
     <span class='ocr_line' id='line_1_7' title="bbox 267 549 1855 601; baseline -0.001 -12"><span class='ocrx_word' id='word_1_68' title='bbox 267 565 390 601; x_wconf 82' lang='lat' dir='ltr'>quam</span> <span class='ocrx_word' id='word_1_69' title='bbox 424 552 588 601; x_wconf 84' lang='lat' dir='ltr'>gratum</span> <span class='ocrx_word' id='word_1_70' title='bbox 625 550 730 588; x_wconf 88' lang='lat' dir='ltr'>mihi</span> <span class='ocrx_word' id='word_1_71' title='bbox 759 550 813 588; x_wconf 90' lang='lat' dir='ltr'>sit</span> <span class='ocrx_word' id='word_1_72' title='bbox 846 563 918 599; x_wconf 91' lang='lat' dir='ltr'>per</span> <span class='ocrx_word' id='word_1_73' title='bbox 950 551 991 588; x_wconf 87' lang='lat' dir='ltr'>te</span> <span class='ocrx_word' id='word_1_74' title='bbox 1026 551 1191 588; x_wconf 87' lang='lat' dir='ltr'>tantum</span> <span class='ocrx_word' id='word_1_75' title='bbox 1224 551 1266 587; x_wconf 89' lang='lat' dir='ltr'>et</span> <span class='ocrx_word' id='word_1_76' title='bbox 1302 550 1535 588; x_wconf 91' lang='lat' dir='ltr'>litterarum</span> <span class='ocrx_word' id='word_1_77' title='bbox 1572 551 1615 588; x_wconf 92' lang='lat' dir='ltr'>et</span> <span class='ocrx_word' id='word_1_78' title='bbox 1646 549 1855 588; x_wconf 74' lang='lat' dir='ltr'>virtutum</span> 
     </span>
     <span class='ocr_line' id='line_1_8' title="bbox 268 614 1855 666; baseline -0.002 -12"><span class='ocrx_word' id='word_1_79' title='bbox 268 616 479 666; x_wconf 85' lang='lat' dir='ltr'>praeconio</span> <span class='ocrx_word' id='word_1_80' title='bbox 517 616 655 654; x_wconf 89' lang='lat' dir='ltr'>virum</span> <span class='ocrx_word' id='word_1_81' title='bbox 693 614 897 663; x_wconf 87' lang='lat' dir='ltr'>honorari,</span> <span class='ocrx_word' id='word_1_82' title='bbox 930 614 1067 664; x_wconf 88' lang='lat' dir='ltr'>aliquo</span> <span class='ocrx_word' id='word_1_83' title='bbox 1108 615 1266 653; x_wconf 87' lang='lat' dir='ltr'>scilicet</span> <span class='ocrx_word' id='word_1_84' title='bbox 1310 616 1476 653; x_wconf 89' lang='lat' dir='ltr'>tuarum</span> <span class='ocrx_word' id='word_1_85' title='bbox 1519 614 1855 653; x_wconf 81' lang='lat' dir='ltr'>lucubrationum</span> 
     </span>
     <span class='ocr_line' id='line_1_9' title="bbox 268 678 1856 730; baseline -0.002 -11"><span class='ocrx_word' id='word_1_86' title='bbox 268 683 549 729; x_wconf 85' lang='lat' dir='ltr'>monumento,</span> <span class='ocrx_word' id='word_1_87' title='bbox 575 681 645 730; x_wconf 88' lang='lat' dir='ltr'>qui</span> <span class='ocrx_word' id='word_1_88' title='bbox 666 680 772 717; x_wconf 86' lang='lat' dir='ltr'>nihil</span> <span class='ocrx_word' id='word_1_89' title='bbox 800 680 886 730; x_wconf 92' lang='lat' dir='ltr'>ipse</span> <span class='ocrx_word' id='word_1_90' title='bbox 906 681 956 718; x_wconf 90' lang='lat' dir='ltr'>de</span> <span class='ocrx_word' id='word_1_91' title='bbox 975 682 1016 718; x_wconf 91' lang='lat' dir='ltr'>te</span> <span class='ocrx_word' id='word_1_92' title='bbox 1035 680 1139 718; x_wconf 92' lang='lat' dir='ltr'>bene</span> <span class='ocrx_word' id='word_1_93' title='bbox 1165 680 1338 718; x_wconf 88' lang='lat' dir='ltr'>meritus</span> <span class='ocrx_word' id='word_1_94' title='bbox 1358 693 1451 718; x_wconf 90' lang='lat' dir='ltr'>sum</span> <span class='ocrx_word' id='word_1_95' title='bbox 1469 682 1517 719; x_wconf 88' lang='lat' dir='ltr'>vt</span> <span class='ocrx_word' id='word_1_96' title='bbox 1537 679 1718 718; x_wconf 84' lang='lat' dir='ltr'>debeam.</span> <span class='ocrx_word' id='word_1_97' title='bbox 1777 678 1856 718; x_wconf 88' lang='lat' dir='ltr'>Sed</span> 
     </span>
     <span class='ocr_line' id='line_1_10' title="bbox 269 744 1857 794; baseline -0.001 -10"><span class='ocrx_word' id='word_1_98' title='bbox 269 749 330 784; x_wconf 90' lang='lat' dir='ltr'>est</span> <span class='ocrx_word' id='word_1_99' title='bbox 356 747 426 784; x_wconf 89' lang='lat' dir='ltr'>tua</span> <span class='ocrx_word' id='word_1_100' title='bbox 451 746 550 784; x_wconf 89' lang='lat' dir='ltr'>haec</span> <span class='ocrx_word' id='word_1_101' title='bbox 579 746 624 783; x_wconf 92' lang='lat' dir='ltr'>in</span> <span class='ocrx_word' id='word_1_102' title='bbox 646 757 790 782; x_wconf 88' lang='lat' dir='ltr'>omnes</span> <span class='ocrx_word' id='word_1_103' title='bbox 813 745 1022 783; x_wconf 88' lang='lat' dir='ltr'>studiosos</span> <span class='ocrx_word' id='word_1_104' title='bbox 1051 745 1349 784; x_wconf 88' lang='lat' dir='ltr'>beneuolentia.</span> <span class='ocrx_word' id='word_1_105' title='bbox 1410 744 1508 783; x_wconf 89' lang='lat' dir='ltr'>Vidi</span> <span class='ocrx_word' id='word_1_106' title='bbox 1535 747 1576 783; x_wconf 89' lang='lat' dir='ltr'>et</span> <span class='ocrx_word' id='word_1_107' title='bbox 1600 745 1683 794; x_wconf 85' lang='lat' dir='ltr'>legi</span> <span class='ocrx_word' id='word_1_108' title='bbox 1702 744 1857 794; x_wconf 80' lang='lat' dir='ltr'>praefa-</span> 
     </span>
     <span class='ocr_line' id='line_1_11' title="bbox 212 809 1857 860; baseline -0.002 -11"><span class='ocrx_word' id='word_1_109' title='bbox 212 823 249 854; x_wconf 83' lang='lat'>15</span> <span class='ocrx_word' id='word_1_110' title='bbox 269 812 425 849; x_wconf 89' lang='lat' dir='ltr'>tionem</span> <span class='ocrx_word' id='word_1_111' title='bbox 459 811 503 849; x_wconf 90' lang='lat' dir='ltr'>in</span> <span class='ocrx_word' id='word_1_112' title='bbox 536 811 720 860; x_wconf 87' lang='lat' dir='ltr'>primum</span> <span class='ocrx_word' id='word_1_113' title='bbox 758 810 961 848; x_wconf 84' lang='lat' dir='ltr'>Theodori</span> <span class='ocrx_word' id='word_1_114' title='bbox 989 810 1038 848; x_wconf 91' lang='lat' dir='ltr'>de</span> <span class='ocrx_word' id='word_1_115' title='bbox 1067 813 1154 849; x_wconf 87' lang='lat' dir='ltr'>arte</span> <span class='ocrx_word' id='word_1_116' title='bbox 1188 811 1461 860; x_wconf 88' lang='lat' dir='ltr'>grammatica</span> <span class='ocrx_word' id='word_1_117' title='bbox 1498 809 1667 858; x_wconf 82' lang='lat' dir='ltr'>librum,</span> <span class='ocrx_word' id='word_1_118' title='bbox 1702 809 1857 847; x_wconf 88' lang='lat' dir='ltr'>iterum</span> 
     </span>
     <span class='ocr_line' id='line_1_12' title="bbox 269 873 1854 926; baseline -0.002 -12"><span class='ocrx_word' id='word_1_119' title='bbox 269 876 356 914; x_wconf 86' lang='lat' dir='ltr'>vidi</span> <span class='ocrx_word' id='word_1_120' title='bbox 382 878 422 914; x_wconf 86' lang='lat' dir='ltr'>et</span> <span class='ocrx_word' id='word_1_121' title='bbox 451 876 575 926; x_wconf 85' lang='lat' dir='ltr'>relegi</span> <span class='ocrx_word' id='word_1_122' title='bbox 602 888 646 914; x_wconf 93' lang='lat' dir='ltr'>ac</span> <span class='ocrx_word' id='word_1_123' title='bbox 672 875 845 913; x_wconf 89' lang='lat' dir='ltr'>mirifice</span> <span class='ocrx_word' id='word_1_124' title='bbox 871 889 1035 914; x_wconf 88' lang='lat' dir='ltr'>mecum</span> <span class='ocrx_word' id='word_1_125' title='bbox 1058 876 1181 914; x_wconf 90' lang='lat' dir='ltr'>toties</span> <span class='ocrx_word' id='word_1_126' title='bbox 1201 876 1425 914; x_wconf 87' lang='lat' dir='ltr'>delectatus</span> <span class='ocrx_word' id='word_1_127' title='bbox 1444 888 1539 913; x_wconf 88' lang='lat' dir='ltr'>sum</span> <span class='ocrx_word' id='word_1_128' title='bbox 1558 874 1736 913; x_wconf 87' lang='lat' dir='ltr'>lectione</span> <span class='ocrx_word' id='word_1_129' title='bbox 1754 873 1854 923; x_wconf 88' lang='lat' dir='ltr'>ipsa,</span> 
     </span>
     <span class='ocr_line' id='line_1_13' title="bbox 269 938 1861 979; baseline -0.002 0"><span class='ocrx_word' id='word_1_130' title='bbox 269 943 315 979; x_wconf 81' lang='lat' dir='ltr'>vt</span> <span class='ocrx_word' id='word_1_131' title='bbox 335 943 443 979; x_wconf 82' lang='lat' dir='ltr'>certe</span> <span class='ocrx_word' id='word_1_132' title='bbox 462 942 506 979; x_wconf 91' lang='lat' dir='ltr'>in</span> <span class='ocrx_word' id='word_1_133' title='bbox 527 940 723 978; x_wconf 89' lang='lat' dir='ltr'>omnibus</span> <span class='ocrx_word' id='word_1_134' title='bbox 741 939 834 978; x_wconf 89' lang='lat' dir='ltr'>aliis</span> <span class='ocrx_word' id='word_1_135' title='bbox 854 940 938 979; x_wconf 89' lang='lat' dir='ltr'>tuis</span> <span class='ocrx_word' id='word_1_136' title='bbox 957 940 1195 979; x_wconf 88' lang='lat' dir='ltr'>litterarum</span> <span class='ocrx_word' id='word_1_137' title='bbox 1210 941 1495 979; x_wconf 74' lang='lat' dir='ltr'>monumentis</span> <span class='ocrx_word' id='word_1_138' title='bbox 1511 939 1632 978; x_wconf 87' lang='lat' dir='ltr'>soleo.</span> <span class='ocrx_word' id='word_1_139' title='bbox 1691 938 1861 976; x_wconf 82' lang='lat' dir='ltr'>Habent</span> 
     </span>
     <span class='ocr_line' id='line_1_14' title="bbox 272 1003 1862 1056; baseline -0.002 -12"><span class='ocrx_word' id='word_1_140' title='bbox 272 1007 384 1044; x_wconf 87' lang='lat' dir='ltr'>enim</span> <span class='ocrx_word' id='word_1_141' title='bbox 405 1006 445 1044; x_wconf 89' lang='lat' dir='ltr'>id</span> <span class='ocrx_word' id='word_1_142' title='bbox 467 1005 734 1056; x_wconf 88' lang='lat' dir='ltr'>praecipuum</span> <span class='ocrx_word' id='word_1_143' title='bbox 755 1006 894 1044; x_wconf 90' lang='lat' dir='ltr'>omnia</span> <span class='ocrx_word' id='word_1_144' title='bbox 914 1008 1141 1045; x_wconf 79' lang='lat' dir='ltr'>tua-——citra</span> <span class='ocrx_word' id='word_1_145' title='bbox 1161 1006 1445 1045; x_wconf 75' lang='lat' dir='ltr'>adulationem</span> <span class='ocrx_word' id='word_1_146' title='bbox 1464 1005 1714 1054; x_wconf 88' lang='lat' dir='ltr'>loquor—vt</span> <span class='ocrx_word' id='word_1_147' title='bbox 1734 1003 1862 1042; x_wconf 88' lang='lat' dir='ltr'>simul</span> 
     </span>
     <span class='ocr_line' id='line_1_15' title="bbox 270 1069 1861 1120; baseline -0.002 -11"><span class='ocrx_word' id='word_1_148' title='bbox 270 1071 459 1110; x_wconf 84' lang='lat' dir='ltr'>erudiant</span> <span class='ocrx_word' id='word_1_149' title='bbox 488 1072 683 1110; x_wconf 84' lang='lat' dir='ltr'>lectorem</span> <span class='ocrx_word' id='word_1_150' title='bbox 703 1072 744 1109; x_wconf 91' lang='lat' dir='ltr'>et</span> <span class='ocrx_word' id='word_1_151' title='bbox 762 1071 976 1120; x_wconf 87' lang='lat' dir='ltr'>voluptate</span> <span class='ocrx_word' id='word_1_152' title='bbox 1000 1072 1181 1111; x_wconf 89' lang='lat' dir='ltr'>mirabili</span> <span class='ocrx_word' id='word_1_153' title='bbox 1205 1072 1384 1110; x_wconf 84' lang='lat' dir='ltr'>afficiant</span> <span class='ocrx_word' id='word_1_154' title='bbox 1402 1072 1660 1120; x_wconf 83' lang='lat' dir='ltr'>teneantque.</span> <span class='ocrx_word' id='word_1_155' title='bbox 1721 1069 1861 1108; x_wconf 88' lang='lat' dir='ltr'>Meum</span> 
     </span>
     <span class='ocr_line' id='line_1_16' title="bbox 214 1135 1861 1187; baseline 0.001 -16"><span class='ocrx_word' id='word_1_156' title='bbox 214 1150 253 1171; x_wconf 87' lang='lat'>20</span> <span class='ocrx_word' id='word_1_157' title='bbox 271 1137 439 1187; x_wconf 85' lang='lat' dir='ltr'>quidem</span> <span class='ocrx_word' id='word_1_158' title='bbox 465 1136 707 1175; x_wconf 87' lang='lat' dir='ltr'>huiusmodi</span> <span class='ocrx_word' id='word_1_159' title='bbox 733 1137 794 1174; x_wconf 90' lang='lat' dir='ltr'>est</span> <span class='ocrx_word' id='word_1_160' title='bbox 821 1136 1049 1176; x_wconf 78' lang='lat' dir='ltr'>iudicium:</span> <span class='ocrx_word' id='word_1_161' title='bbox 1075 1137 1146 1175; x_wconf 88' lang='lat' dir='ltr'>alii</span> <span class='ocrx_word' id='word_1_162' title='bbox 1174 1139 1312 1176; x_wconf 87' lang='lat' dir='ltr'>autem</span> <span class='ocrx_word' id='word_1_163' title='bbox 1339 1136 1544 1186; x_wconf 88' lang='lat' dir='ltr'>quomodo</span> <span class='ocrx_word' id='word_1_164' title='bbox 1569 1135 1763 1183; x_wconf 88' lang='lat' dir='ltr'>iudicent,</span> <span class='ocrx_word' id='word_1_165' title='bbox 1787 1148 1861 1184; x_wconf 87' lang='lat' dir='ltr'>pro</span> 
     </span>
     <span class='ocr_line' id='line_1_17' title="bbox 272 1201 1862 1253; baseline -0.001 -13"><span class='ocrx_word' id='word_1_166' title='bbox 272 1217 344 1241; x_wconf 87' lang='lat' dir='ltr'>suo</span> <span class='ocrx_word' id='word_1_167' title='bbox 371 1202 543 1252; x_wconf 88' lang='lat' dir='ltr'>quisque</span> <span class='ocrx_word' id='word_1_168' title='bbox 571 1202 722 1252; x_wconf 86' lang='lat' dir='ltr'>placito</span> <span class='ocrx_word' id='word_1_169' title='bbox 747 1201 833 1239; x_wconf 87' lang='lat' dir='ltr'>illis</span> <span class='ocrx_word' id='word_1_170' title='bbox 860 1202 1039 1240; x_wconf 89' lang='lat' dir='ltr'>liberum</span> <span class='ocrx_word' id='word_1_171' title='bbox 1068 1203 1270 1253; x_wconf 90' lang='lat' dir='ltr'>relinquo.</span> <span class='ocrx_word' id='word_1_172' title='bbox 1330 1204 1438 1243; x_wconf 87' lang='lat' dir='ltr'>Sunt</span> <span class='ocrx_word' id='word_1_173' title='bbox 1458 1205 1608 1250; x_wconf 89' lang='lat' dir='ltr'>tamen,</span> <span class='ocrx_word' id='word_1_174' title='bbox 1632 1203 1674 1240; x_wconf 88' lang='lat' dir='ltr'>at</span> <span class='ocrx_word' id='word_1_175' title='bbox 1698 1214 1783 1240; x_wconf 91' lang='lat' dir='ltr'>non</span> <span class='ocrx_word' id='word_1_176' title='bbox 1811 1214 1862 1239; x_wconf 85' lang='lat' dir='ltr'>ex</span> 
     </span>
     <span class='ocr_line' id='line_1_18' title="bbox 272 1267 1862 1319; baseline -0.001 -12"><span class='ocrx_word' id='word_1_177' title='bbox 272 1269 418 1307; x_wconf 87' lang='lat' dir='ltr'>multis</span> <span class='ocrx_word' id='word_1_178' title='bbox 436 1268 510 1317; x_wconf 87' lang='lat' dir='ltr'>illi,</span> <span class='ocrx_word' id='word_1_179' title='bbox 534 1269 604 1319; x_wconf 89' lang='lat' dir='ltr'>qui</span> <span class='ocrx_word' id='word_1_180' title='bbox 628 1281 763 1306; x_wconf 89' lang='lat' dir='ltr'>meam</span> <span class='ocrx_word' id='word_1_181' title='bbox 790 1269 1059 1318; x_wconf 79' lang='lat' dir='ltr'>comprobent</span> <span class='ocrx_word' id='word_1_182' title='bbox 1085 1269 1345 1308; x_wconf 81' lang='lat' dir='ltr'>sententiam.</span> <span class='ocrx_word' id='word_1_183' title='bbox 1404 1269 1561 1307; x_wconf 90' lang='lat' dir='ltr'>Verum</span> <span class='ocrx_word' id='word_1_184' title='bbox 1581 1268 1630 1306; x_wconf 91' lang='lat' dir='ltr'>de</span> <span class='ocrx_word' id='word_1_185' title='bbox 1649 1268 1715 1306; x_wconf 88' lang='lat' dir='ltr'>his</span> <span class='ocrx_word' id='word_1_186' title='bbox 1733 1267 1862 1315; x_wconf 81' lang='lat' dir='ltr'>satis3</span> 
     </span>
     <span class='ocr_line' id='line_1_19' title="bbox 271 1334 670 1385; baseline 0.003 -12"><span class='ocrx_word' id='word_1_187' title='bbox 271 1349 336 1373; x_wconf 89' lang='lat' dir='ltr'>res</span> <span class='ocrx_word' id='word_1_188' title='bbox 355 1335 443 1385; x_wconf 86' lang='lat' dir='ltr'>ipsa</span> <span class='ocrx_word' id='word_1_189' title='bbox 461 1349 504 1374; x_wconf 91' lang='lat' dir='ltr'>se</span> <span class='ocrx_word' id='word_1_190' title='bbox 523 1334 670 1384; x_wconf 85' lang='lat' dir='ltr'>arguit.</span> 
     </span>
     <span class='ocr_line' id='line_1_20' title="bbox 327 1397 1860 1449; baseline -0.003 -10"><span class='ocrx_word' id='word_1_191' title='bbox 327 1401 445 1449; x_wconf 80' lang='lat' dir='ltr'>Quod</span> <span class='ocrx_word' id='word_1_192' title='bbox 477 1399 624 1439; x_wconf 82' lang='lat' dir='ltr'>scribis</span> <span class='ocrx_word' id='word_1_193' title='bbox 663 1399 712 1438; x_wconf 91' lang='lat' dir='ltr'>de</span> <span class='ocrx_word' id='word_1_194' title='bbox 745 1398 964 1438; x_wconf 76' lang='lat' dir='ltr'>excusione</span> <span class='ocrx_word' id='word_1_195' title='bbox 998 1400 1195 1449; x_wconf 84' lang='lat' dir='ltr'>opusculi,</span> <span class='ocrx_word' id='word_1_196' title='bbox 1232 1399 1274 1438; x_wconf 90' lang='lat' dir='ltr'>id</span> <span class='ocrx_word' id='word_1_197' title='bbox 1313 1401 1386 1438; x_wconf 90' lang='lat' dir='ltr'>tuo</span> <span class='ocrx_word' id='word_1_198' title='bbox 1423 1399 1640 1437; x_wconf 86' lang='lat' dir='ltr'>committo</span> <span class='ocrx_word' id='word_1_199' title='bbox 1678 1397 1860 1437; x_wconf 80' lang='lat' dir='ltr'>arbitrio.</span> 
     </span>
     <span class='ocr_line' id='line_1_21' title="bbox 215 1463 1861 1514; baseline -0.003 -9"><span class='ocrx_word' id='word_1_200' title='bbox 215 1475 252 1506; x_wconf 86' lang='lat'>25</span> <span class='ocrx_word' id='word_1_201' title='bbox 273 1466 429 1504; x_wconf 86' lang='lat' dir='ltr'>Tamen</span> <span class='ocrx_word' id='word_1_202' title='bbox 463 1465 499 1504; x_wconf 93' lang='lat' dir='ltr'>si</span> <span class='ocrx_word' id='word_1_203' title='bbox 533 1478 628 1503; x_wconf 88' lang='lat' dir='ltr'>cum</span> <span class='ocrx_word' id='word_1_204' title='bbox 659 1464 834 1514; x_wconf 87' lang='lat' dir='ltr'>epistola</span> <span class='ocrx_word' id='word_1_205' title='bbox 866 1466 939 1502; x_wconf 90' lang='lat' dir='ltr'>tua</span> <span class='ocrx_word' id='word_1_206' title='bbox 971 1464 1097 1503; x_wconf 89' lang='lat' dir='ltr'>simul</span> <span class='ocrx_word' id='word_1_207' title='bbox 1132 1465 1326 1513; x_wconf 80' lang='lat' dir='ltr'>misisses,</span> <span class='ocrx_word' id='word_1_208' title='bbox 1363 1477 1570 1503; x_wconf 80' lang='lat' dir='ltr'>curassem</span> <span class='ocrx_word' id='word_1_209' title='bbox 1606 1463 1674 1501; x_wconf 91' lang='lat' dir='ltr'>his</span> <span class='ocrx_word' id='word_1_210' title='bbox 1706 1463 1861 1510; x_wconf 92' lang='lat' dir='ltr'>diebus,</span> 
     </span>
     <span class='ocr_line' id='line_1_22' title="bbox 274 1528 1865 1581; baseline -0.002 -12"><span class='ocrx_word' id='word_1_211' title='bbox 274 1531 470 1581; x_wconf 87' lang='lat' dir='ltr'>quoniam</span> <span class='ocrx_word' id='word_1_212' title='bbox 496 1533 591 1569; x_wconf 89' lang='lat' dir='ltr'>ante</span> <span class='ocrx_word' id='word_1_213' title='bbox 615 1530 803 1568; x_wconf 88' lang='lat' dir='ltr'>triduum</span> <span class='ocrx_word' id='word_1_214' title='bbox 832 1529 884 1568; x_wconf 85' lang='lat' dir='ltr'>ad</span> <span class='ocrx_word' id='word_1_215' title='bbox 912 1529 1169 1580; x_wconf 85' lang='lat' dir='ltr'>Capnionem</span> <span class='ocrx_word' id='word_1_216' title='bbox 1194 1531 1387 1569; x_wconf 84' lang='lat' dir='ltr'>nostrum.</span> <span class='ocrx_word' id='word_1_217' title='bbox 1408 1529 1566 1579; x_wconf 81' lang='lat' dir='ltr'>scripsi,</span> <span class='ocrx_word' id='word_1_218' title='bbox 1593 1528 1719 1567; x_wconf 90' lang='lat' dir='ltr'>etiam</span> <span class='ocrx_word' id='word_1_219' title='bbox 1746 1528 1795 1566; x_wconf 79' lang='lat' dir='ltr'>de.</span> <span class='ocrx_word' id='word_1_220' title='bbox 1824 1530 1865 1566; x_wconf 85' lang='lat' dir='ltr'>te</span> 
     </span>
     <span class='ocr_line' id='line_1_23' title="bbox 273 1594 1861 1646; baseline -0.001 -13"><span class='ocrx_word' id='word_1_221' title='bbox 273 1596 440 1646; x_wconf 84' lang='lat' dir='ltr'>aliquid,</span> <span class='ocrx_word' id='word_1_222' title='bbox 472 1599 520 1635; x_wconf 84' lang='lat' dir='ltr'>vt</span> <span class='ocrx_word' id='word_1_223' title='bbox 549 1595 733 1634; x_wconf 91' lang='lat' dir='ltr'>Thomae</span> <span class='ocrx_word' id='word_1_224' title='bbox 770 1594 989 1642; x_wconf 87' lang='lat' dir='ltr'>AnselmO,</span> <span class='ocrx_word' id='word_1_225' title='bbox 1018 1595 1135 1634; x_wconf 87' lang='lat' dir='ltr'>cuius</span> <span class='ocrx_word' id='word_1_226' title='bbox 1172 1595 1280 1634; x_wconf 87' lang='lat' dir='ltr'>mihi</span> <span class='ocrx_word' id='word_1_227' title='bbox 1317 1595 1521 1634; x_wconf 87' lang='lat' dir='ltr'>formulae</span> <span class='ocrx_word' id='word_1_228' title='bbox 1552 1594 1654 1633; x_wconf 89' lang='lat' dir='ltr'>satis</span> <span class='ocrx_word' id='word_1_229' title='bbox 1689 1594 1861 1644; x_wconf 77' lang='lat' dir='ltr'>placent,</span> 
     </span>
     <span class='ocr_line' id='line_1_24' title="bbox 275 1659 1864 1712; baseline -0.002 -13"><span class='ocrx_word' id='word_1_230' title='bbox 275 1675 347 1711; x_wconf 88' lang='lat' dir='ltr'>per</span> <span class='ocrx_word' id='word_1_231' title='bbox 375 1662 512 1712; x_wconf 87' lang='lat' dir='ltr'>ipsum</span> <span class='ocrx_word' id='word_1_232' title='bbox 538 1661 792 1710; x_wconf 85' lang='lat' dir='ltr'>Capnionem</span> <span class='ocrx_word' id='word_1_233' title='bbox 818 1659 1148 1700; x_wconf 81' lang='lat' dir='ltr'>committeretur</span> <span class='ocrx_word' id='word_1_234' title='bbox 1176 1660 1513 1711; x_wconf 89' lang='lat' dir='ltr'>imprimendum.</span> <span class='ocrx_word' id='word_1_235' title='bbox 1571 1660 1633 1698; x_wconf 89' lang='lat' dir='ltr'>Tu</span> <span class='ocrx_word' id='word_1_236' title='bbox 1662 1659 1770 1710; x_wconf 89' lang='lat' dir='ltr'>quod</span> <span class='ocrx_word' id='word_1_237' title='bbox 1791 1659 1864 1697; x_wconf 82' lang='lat' dir='ltr'>tibi</span> 
     </span>
     <span class='ocr_line' id='line_1_25' title="bbox 276 1724 1867 1776; baseline -0.001 -13"><span class='ocrx_word' id='word_1_238' title='bbox 276 1727 442 1765; x_wconf 86' lang='lat' dir='ltr'>videtur</span> <span class='ocrx_word' id='word_1_239' title='bbox 475 1727 537 1765; x_wconf 89' lang='lat' dir='ltr'>fac</span> <span class='ocrx_word' id='word_1_240' title='bbox 566 1727 612 1764; x_wconf 86' lang='lat' dir='ltr'>vt</span> <span class='ocrx_word' id='word_1_241' title='bbox 640 1726 780 1774; x_wconf 83' lang='lat' dir='ltr'>lubet3</span> <span class='ocrx_word' id='word_1_242' title='bbox 820 1726 861 1763; x_wconf 89' lang='lat' dir='ltr'>te</span> <span class='ocrx_word' id='word_1_243' title='bbox 890 1724 1069 1764; x_wconf 88' lang='lat' dir='ltr'>libenter</span> <span class='ocrx_word' id='word_1_244' title='bbox 1100 1739 1257 1776; x_wconf 88' lang='lat' dir='ltr'>sequar.</span> <span class='ocrx_word' id='word_1_245' title='bbox 1327 1726 1442 1774; x_wconf 77' lang='lat' dir='ltr'>Quod</span> <span class='ocrx_word' id='word_1_246' title='bbox 1480 1727 1686 1775; x_wconf 89' lang='lat' dir='ltr'>praeterea</span> <span class='ocrx_word' id='word_1_247' title='bbox 1723 1724 1867 1762; x_wconf 89' lang='lat' dir='ltr'>scribis</span> 
     </span>
     <span class='ocr_line' id='line_1_26' title="bbox 219 1786 1867 1841; baseline -0.004 -8"><span class='ocrx_word' id='word_1_248' title='bbox 219 1803 259 1833; x_wconf 84' lang='lat'>30</span> <span class='ocrx_word' id='word_1_249' title='bbox 278 1792 444 1831; x_wconf 89' lang='lat' dir='ltr'>Nouum</span> <span class='ocrx_word' id='word_1_250' title='bbox 479 1786 794 1830; x_wconf 85' lang='lat' dir='ltr'>Testamentum</span> <span class='ocrx_word' id='word_1_251' title='bbox 827 1790 919 1828; x_wconf 86' lang='lat' dir='ltr'>istic</span> <span class='ocrx_word' id='word_1_252' title='bbox 952 1791 1111 1841; x_wconf 85' lang='lat' dir='ltr'>placere</span> <span class='ocrx_word' id='word_1_253' title='bbox 1144 1794 1184 1830; x_wconf 88' lang='lat' dir='ltr'>et</span> <span class='ocrx_word' id='word_1_254' title='bbox 1219 1791 1339 1830; x_wconf 91' lang='lat' dir='ltr'>bonis</span> <span class='ocrx_word' id='word_1_255' title='bbox 1369 1793 1410 1829; x_wconf 92' lang='lat' dir='ltr'>et</span> <span class='ocrx_word' id='word_1_256' title='bbox 1438 1790 1581 1839; x_wconf 90' lang='lat' dir='ltr'>doctis,</span> <span class='ocrx_word' id='word_1_257' title='bbox 1610 1803 1696 1828; x_wconf 87' lang='lat' dir='ltr'>esse</span> <span class='ocrx_word' id='word_1_258' title='bbox 1726 1792 1867 1828; x_wconf 91' lang='lat' dir='ltr'>tamen</span> 
     </span>
     <span class='ocr_line' id='line_1_27' title="bbox 278 1855 1870 1907; baseline -0.001 -13"><span class='ocrx_word' id='word_1_259' title='bbox 278 1858 386 1898; x_wconf 80' lang='grc' dir='ltr'>κύνας</span> <span class='ocrx_word' id='word_1_260' title='bbox 418 1857 490 1907; x_wconf 88' lang='lat' dir='ltr'>qui</span> <span class='ocrx_word' id='word_1_261' title='bbox 519 1856 781 1904; x_wconf 72' lang='lat' dir='ltr'>oblatrarent,</span> <span class='ocrx_word' id='word_1_262' title='bbox 806 1855 912 1894; x_wconf 91' lang='lat' dir='ltr'>nihil</span> <span class='ocrx_word' id='word_1_263' title='bbox 944 1857 1112 1906; x_wconf 90' lang='lat' dir='ltr'>mirum,</span> <span class='ocrx_word' id='word_1_264' title='bbox 1142 1857 1306 1907; x_wconf 86' lang='lat' dir='ltr'>quando</span> <span class='ocrx_word' id='word_1_265' title='bbox 1335 1869 1387 1895; x_wconf 89' lang='lat' dir='ltr'>ne</span> <span class='ocrx_word' id='word_1_266' title='bbox 1415 1856 1502 1906; x_wconf 90' lang='lat' dir='ltr'>ipse</span> <span class='ocrx_word' id='word_1_267' title='bbox 1531 1855 1699 1906; x_wconf 89' lang='lat' dir='ltr'>quidem</span> <span class='ocrx_word' id='word_1_268' title='bbox 1728 1857 1870 1893; x_wconf 82' lang='lat' dir='ltr'>auctor</span> 
     </span>
     <span class='ocr_line' id='line_1_28' title="bbox 279 1920 1869 1972; baseline -0.002 -11"><span class='ocrx_word' id='word_1_269' title='bbox 279 1923 388 1961; x_wconf 88' lang='lat' dir='ltr'>Noui</span> <span class='ocrx_word' id='word_1_270' title='bbox 422 1921 679 1961; x_wconf 87' lang='lat' dir='ltr'>Testamenti</span> <span class='ocrx_word' id='word_1_271' title='bbox 709 1921 790 1959; x_wconf 85' lang='lat' dir='ltr'>nisi</span> <span class='ocrx_word' id='word_1_272' title='bbox 816 1921 936 1960; x_wconf 84' lang='lat' dir='ltr'>bonis</span> <span class='ocrx_word' id='word_1_273' title='bbox 969 1921 1125 1972; x_wconf 82' lang='lat' dir='ltr'>placere</span> <span class='ocrx_word' id='word_1_274' title='bbox 1151 1922 1299 1972; x_wconf 87' lang='lat' dir='ltr'>potuit,</span> <span class='ocrx_word' id='word_1_275' title='bbox 1331 1923 1372 1960; x_wconf 88' lang='lat' dir='ltr'>et</span> <span class='ocrx_word' id='word_1_276' title='bbox 1393 1921 1579 1960; x_wconf 86' lang='lat' dir='ltr'>fortassis</span> <span class='ocrx_word' id='word_1_277' title='bbox 1606 1920 1689 1959; x_wconf 88' lang='lat' dir='ltr'>nisi</span> <span class='ocrx_word' id='word_1_278' title='bbox 1716 1920 1769 1959; x_wconf 88' lang='lat' dir='ltr'>iis</span> <span class='ocrx_word' id='word_1_279' title='bbox 1798 1920 1869 1971; x_wconf 88' lang='lat' dir='ltr'>qui</span> 
     </span>
     <span class='ocr_line' id='line_1_29' title="bbox 278 1986 1870 2038; baseline -0.001 -12"><span class='ocrx_word' id='word_1_280' title='bbox 278 1988 405 2037; x_wconf 88' lang='lat' dir='ltr'>probe</span> <span class='ocrx_word' id='word_1_281' title='bbox 433 1987 546 2026; x_wconf 88' lang='lat' dir='ltr'>docti</span> <span class='ocrx_word' id='word_1_282' title='bbox 578 1989 706 2026; x_wconf 91' lang='lat' dir='ltr'>erant.</span> <span class='ocrx_word' id='word_1_283' title='bbox 765 1986 819 2024; x_wconf 85' lang='lat' dir='ltr'>Et</span> <span class='ocrx_word' id='word_1_284' title='bbox 847 1999 898 2024; x_wconf 83' lang='lat' dir='ltr'>ex</span> <span class='ocrx_word' id='word_1_285' title='bbox 926 1987 1082 2025; x_wconf 89' lang='lat' dir='ltr'>nostris</span> <span class='ocrx_word' id='word_1_286' title='bbox 1110 1988 1314 2038; x_wconf 84' lang='lat' dir='ltr'>theologis</span> <span class='ocrx_word' id='word_1_287' title='bbox 1342 1986 1539 2026; x_wconf 87' lang='lat' dir='ltr'>nonnulli</span> <span class='ocrx_word' id='word_1_288' title='bbox 1567 1988 1665 2025; x_wconf 87' lang='lat' dir='ltr'>sunt</span> <span class='ocrx_word' id='word_1_289' title='bbox 1689 1986 1759 2036; x_wconf 90' lang='lat' dir='ltr'>qui</span> <span class='ocrx_word' id='word_1_290' title='bbox 1784 2000 1870 2036; x_wconf 91' lang='lat' dir='ltr'>per-</span> 
     </span>
     <span class='ocr_line' id='line_1_30' title="bbox 280 2051 1872 2103; baseline -0.001 -13"><span class='ocrx_word' id='word_1_291' title='bbox 280 2053 386 2091; x_wconf 85' lang='lat' dir='ltr'>lecto</span> <span class='ocrx_word' id='word_1_292' title='bbox 424 2053 512 2103; x_wconf 88' lang='lat' dir='ltr'>ipso</span> <span class='ocrx_word' id='word_1_293' title='bbox 550 2053 637 2091; x_wconf 91' lang='lat' dir='ltr'>iam</span> <span class='ocrx_word' id='word_1_294' title='bbox 675 2051 864 2089; x_wconf 89' lang='lat' dir='ltr'>animum</span> <span class='ocrx_word' id='word_1_295' title='bbox 903 2053 1122 2090; x_wconf 85' lang='lat' dir='ltr'>mutarunt</span> <span class='ocrx_word' id='word_1_296' title='bbox 1160 2055 1201 2090; x_wconf 90' lang='lat' dir='ltr'>et</span> <span class='ocrx_word' id='word_1_297' title='bbox 1238 2053 1317 2092; x_wconf 91' lang='lat' dir='ltr'>tibi</span> <span class='ocrx_word' id='word_1_298' title='bbox 1353 2053 1448 2103; x_wconf 91' lang='lat' dir='ltr'>plus</span> <span class='ocrx_word' id='word_1_299' title='bbox 1486 2065 1612 2102; x_wconf 90' lang='lat' dir='ltr'>quam</span> <span class='ocrx_word' id='word_1_300' title='bbox 1651 2051 1872 2090; x_wconf 89' lang='lat' dir='ltr'>credideris</span> 
     </span>
     <span class='ocr_line' id='line_1_31' title="bbox 222 2116 1872 2168; baseline -0.001 -12"><span class='ocrx_word' id='word_1_301' title='bbox 222 2130 260 2161; x_wconf 79' lang='lat'>35</span> <span class='ocrx_word' id='word_1_302' title='bbox 279 2119 524 2168; x_wconf 88' lang='lat' dir='ltr'>afficiuntur,</span> <span class='ocrx_word' id='word_1_303' title='bbox 556 2118 699 2167; x_wconf 87' lang='lat' dir='ltr'>vtpote</span> <span class='ocrx_word' id='word_1_304' title='bbox 730 2119 849 2154; x_wconf 86' lang='lat' dir='ltr'>antea</span> <span class='ocrx_word' id='word_1_305' title='bbox 877 2117 1066 2154; x_wconf 90' lang='lat' dir='ltr'>acerrimi</span> <span class='ocrx_word' id='word_1_306' title='bbox 1094 2118 1157 2155; x_wconf 89' lang='lat' dir='ltr'>tui</span> <span class='ocrx_word' id='word_1_307' title='bbox 1187 2118 1372 2156; x_wconf 88' lang='lat' dir='ltr'>nominis</span> <span class='ocrx_word' id='word_1_308' title='bbox 1399 2118 1541 2156; x_wconf 84' lang='lat' dir='ltr'>hostes</span> <span class='ocrx_word' id='word_1_309' title='bbox 1568 2119 1610 2155; x_wconf 90' lang='lat' dir='ltr'>et</span> <span class='ocrx_word' id='word_1_310' title='bbox 1639 2117 1711 2167; x_wconf 88' lang='lat' dir='ltr'>qui</span> <span class='ocrx_word' id='word_1_311' title='bbox 1738 2116 1872 2155; x_wconf 87' lang='lat' dir='ltr'>dicere</span> 
     </span>
     <span class='ocr_line' id='line_1_32' title="bbox 280 2181 1872 2231; baseline 0 -10"><span class='ocrx_word' id='word_1_312' title='bbox 280 2196 528 2222; x_wconf 89' lang='lat' dir='ltr'>consueuere</span> <span class='ocrx_word' id='word_1_313' title='bbox 551 2196 641 2222; x_wconf 89' lang='lat' dir='ltr'>sese</span> <span class='ocrx_word' id='word_1_314' title='bbox 661 2182 734 2220; x_wconf 90' lang='lat' dir='ltr'>abs</span> <span class='ocrx_word' id='word_1_315' title='bbox 753 2184 794 2220; x_wconf 88' lang='lat' dir='ltr'>te</span> <span class='ocrx_word' id='word_1_316' title='bbox 815 2181 1059 2231; x_wconf 86' lang='lat' dir='ltr'>grauissime</span> <span class='ocrx_word' id='word_1_317' title='bbox 1083 2183 1260 2221; x_wconf 87' lang='lat' dir='ltr'>offensos</span> <span class='ocrx_word' id='word_1_318' title='bbox 1283 2196 1380 2222; x_wconf 88' lang='lat' dir='ltr'>esse.</span> <span class='ocrx_word' id='word_1_319' title='bbox 1439 2183 1575 2222; x_wconf 89' lang='lat' dir='ltr'>Iidem</span> <span class='ocrx_word' id='word_1_320' title='bbox 1600 2183 1683 2221; x_wconf 91' lang='lat' dir='ltr'>iam</span> <span class='ocrx_word' id='word_1_321' title='bbox 1703 2182 1872 2221; x_wconf 88' lang='lat' dir='ltr'>demum</span> 
     </span>
     <span class='ocr_line' id='line_1_33' title="bbox 281 2246 1869 2298; baseline -0.001 -12"><span class='ocrx_word' id='word_1_322' title='bbox 281 2249 407 2287; x_wconf 90' lang='lat' dir='ltr'>etiam</span> <span class='ocrx_word' id='word_1_323' title='bbox 428 2262 569 2298; x_wconf 89' lang='lat' dir='ltr'>sapere</span> <span class='ocrx_word' id='word_1_324' title='bbox 588 2247 797 2297; x_wconf 86' lang='lat' dir='ltr'>incipiunt</span> <span class='ocrx_word' id='word_1_325' title='bbox 818 2246 917 2296; x_wconf 86' lang='lat' dir='ltr'>quid</span> <span class='ocrx_word' id='word_1_326' title='bbox 943 2247 1079 2286; x_wconf 89' lang='lat' dir='ltr'>valeat</span> <span class='ocrx_word' id='word_1_327' title='bbox 1097 2248 1312 2298; x_wconf 87' lang='lat' dir='ltr'>vtriusque</span> <span class='ocrx_word' id='word_1_328' title='bbox 1332 2249 1499 2298; x_wconf 87' lang='lat' dir='ltr'>linguae</span> <span class='ocrx_word' id='word_1_329' title='bbox 1521 2249 1631 2286; x_wconf 89' lang='lat' dir='ltr'>recta</span> <span class='ocrx_word' id='word_1_330' title='bbox 1649 2247 1869 2296; x_wconf 80' lang='lat' dir='ltr'>institutio,</span> 
     </span>
     <span class='ocr_line' id='line_1_34' title="bbox 281 2312 1873 2364; baseline -0.001 -12"><span class='ocrx_word' id='word_1_331' title='bbox 281 2327 326 2352; x_wconf 89' lang='lat' dir='ltr'>ac</span> <span class='ocrx_word' id='word_1_332' title='bbox 347 2327 511 2353; x_wconf 91' lang='lat' dir='ltr'>summe</span> <span class='ocrx_word' id='word_1_333' title='bbox 530 2313 698 2364; x_wconf 89' lang='lat' dir='ltr'>perinde</span> <span class='ocrx_word' id='word_1_334' title='bbox 728 2313 869 2351; x_wconf 90' lang='lat' dir='ltr'>dolent</span> <span class='ocrx_word' id='word_1_335' title='bbox 894 2325 937 2351; x_wconf 90' lang='lat' dir='ltr'>se</span> <span class='ocrx_word' id='word_1_336' title='bbox 962 2312 1035 2351; x_wconf 92' lang='lat' dir='ltr'>illa</span> <span class='ocrx_word' id='word_1_337' title='bbox 1065 2326 1221 2362; x_wconf 87' lang='lat' dir='ltr'>carere;</span> <span class='ocrx_word' id='word_1_338' title='bbox 1250 2314 1386 2352; x_wconf 89' lang='lat' dir='ltr'>multo</span> <span class='ocrx_word' id='word_1_339' title='bbox 1411 2327 1508 2353; x_wconf 86' lang='lat' dir='ltr'>vero</span> <span class='ocrx_word' id='word_1_340' title='bbox 1527 2312 1673 2362; x_wconf 86' lang='lat' dir='ltr'>magis,</span> <span class='ocrx_word' id='word_1_341' title='bbox 1696 2313 1803 2362; x_wconf 91' lang='lat' dir='ltr'>quod</span> <span class='ocrx_word' id='word_1_342' title='bbox 1825 2312 1873 2350; x_wconf 91' lang='lat' dir='ltr'>de</span> 
     </span>
     <span class='ocr_line' id='line_1_35' title="bbox 281 2377 1873 2430; baseline -0.001 -13"><span class='ocrx_word' id='word_1_343' title='bbox 281 2392 423 2417; x_wconf 88' lang='lat' dir='ltr'>earum</span> <span class='ocrx_word' id='word_1_344' title='bbox 451 2379 704 2417; x_wconf 86' lang='lat' dir='ltr'>assecutione</span> <span class='ocrx_word' id='word_1_345' title='bbox 732 2377 963 2427; x_wconf 84' lang='lat' dir='ltr'>desperant,</span> <span class='ocrx_word' id='word_1_346' title='bbox 994 2378 1146 2428; x_wconf 89' lang='lat' dir='ltr'>partim</span> <span class='ocrx_word' id='word_1_347' title='bbox 1174 2379 1269 2430; x_wconf 86' lang='lat' dir='ltr'>quia</span> <span class='ocrx_word' id='word_1_348' title='bbox 1300 2379 1454 2429; x_wconf 90' lang='lat' dir='ltr'>pudeat</span> <span class='ocrx_word' id='word_1_349' title='bbox 1480 2378 1634 2417; x_wconf 88' lang='lat' dir='ltr'>discere</span> <span class='ocrx_word' id='word_1_350' title='bbox 1663 2390 1709 2415; x_wconf 88' lang='lat' dir='ltr'>ac</span> <span class='ocrx_word' id='word_1_351' title='bbox 1740 2377 1873 2415; x_wconf 89' lang='lat' dir='ltr'>veluti</span> 
     </span>
    </p>
   </div>
   <div class='ocr_carea' id='block_1_3' title="bbox 281 2507 1873 2713">
    <p class='ocr_par' dir='ltr' id='par_1_3' title="bbox 281 2507 1873 2713">
     <span class='ocr_line' id='line_1_36' title="bbox 330 2507 1873 2544; baseline -0.001 -5"><span class='ocrx_word' id='word_1_352' title='bbox 330 2519 379 2540; x_wconf 84' lang='lat'>12.</span> <span class='ocrx_word' id='word_1_353' title='bbox 406 2509 525 2539; x_wconf 88' lang='lat' dir='ltr'>virum</span> <span class='ocrx_word' id='word_1_354' title='bbox 542 2511 596 2539; x_wconf 89' lang='lat' dir='ltr'>LB</span> <span class='ocrx_word' id='word_1_355' title='bbox 614 2520 621 2539; x_wconf 93' lang='lat'>:</span> <span class='ocrx_word' id='word_1_356' title='bbox 642 2518 754 2538; x_wconf 84' lang='lat' dir='ltr'>vnum</span> <span class='ocrx_word' id='word_1_357' title='bbox 771 2511 840 2539; x_wconf 87' lang='lat' dir='ltr'>MS.</span> <span class='ocrx_word' id='word_1_358' title='bbox 996 2509 1044 2538; x_wconf 87' lang='lat'>16.</span> <span class='ocrx_word' id='word_1_359' title='bbox 1071 2516 1212 2537; x_wconf 87' lang='lat' dir='ltr'>mecum</span> <span class='ocrx_word' id='word_1_360' title='bbox 1229 2510 1283 2537; x_wconf 69' lang='grc' dir='ltr'>ΖΒ</span> <span class='ocrx_word' id='word_1_361' title='bbox 1299 2518 1306 2537; x_wconf 87' lang='lat'>:</span> <span class='ocrx_word' id='word_1_362' title='bbox 1330 2517 1451 2538; x_wconf 88' lang='lat' dir='ltr'>meum</span> <span class='ocrx_word' id='word_1_363' title='bbox 1466 2508 1535 2538; x_wconf 86' lang='lat' dir='ltr'>MS.</span> <span class='ocrx_word' id='word_1_364' title='bbox 1689 2514 1742 2544; x_wconf 84' lang='lat'>35.</span> <span class='ocrx_word' id='word_1_365' title='bbox 1767 2507 1873 2537; x_wconf 83' lang='lat' dir='ltr'>antea</span> 
     </span>
     <span class='ocr_line' id='line_1_37' title="bbox 281 2551 1809 2591; baseline -0.003 -7"><span class='ocrx_word' id='word_1_366' title='bbox 281 2555 407 2591; x_wconf 80' lang='lat' dir='ltr'>scripsi:</span> <span class='ocrx_word' id='word_1_367' title='bbox 434 2555 541 2583; x_wconf 81' lang='lat' dir='ltr'>auten</span> <span class='ocrx_word' id='word_1_368' title='bbox 556 2555 627 2583; x_wconf 88' lang='lat' dir='ltr'>MS.</span> <span class='ocrx_word' id='word_1_369' title='bbox 644 2563 651 2582; x_wconf 80' lang='lat' dir='ltr'>z</span> <span class='ocrx_word' id='word_1_370' title='bbox 673 2554 758 2582; x_wconf 86' lang='lat' dir='ltr'>ante</span> <span class='ocrx_word' id='word_1_371' title='bbox 774 2554 837 2582; x_wconf 91' lang='lat' dir='ltr'>LB.</span> <span class='ocrx_word' id='word_1_372' title='bbox 928 2551 1093 2582; x_wconf 86' lang='lat' dir='ltr'>acerrimi</span> <span class='ocrx_word' id='word_1_373' title='bbox 1108 2553 1181 2582; x_wconf 87' lang='lat' dir='ltr'>LB:</span> <span class='ocrx_word' id='word_1_374' title='bbox 1206 2556 1309 2582; x_wconf 75' lang='lat' dir='ltr'>aceru</span> <span class='ocrx_word' id='word_1_375' title='bbox 1323 2554 1394 2582; x_wconf 83' lang='lat' dir='ltr'>MS.</span> <span class='ocrx_word' id='word_1_376' title='bbox 1483 2551 1521 2581; x_wconf 80' lang='lat' dir='ltr'>et</span> <span class='ocrx_word' id='word_1_377' title='bbox 1534 2551 1662 2586; x_wconf 75' lang='lat' dir='ltr'>scripsi:</span> <span class='ocrx_word' id='word_1_378' title='bbox 1686 2552 1725 2580; x_wconf 88' lang='lat' dir='ltr'>vt</span> <span class='ocrx_word' id='word_1_379' title='bbox 1739 2551 1809 2580; x_wconf 89' lang='lat' dir='ltr'>MS.</span> 
     </span>
     <span class='ocr_line' id='line_1_38' title="bbox 331 2669 1873 2713; baseline -0.001 -10"><span class='ocrx_word' id='word_1_380' title='bbox 331 2683 380 2712; x_wconf 91' lang='lat'>14.</span> <span class='ocrx_word' id='word_1_381' title='bbox 406 2672 682 2713; x_wconf 84' lang='lat' dir='ltr'>praefationem]</span> <span class='ocrx_word' id='word_1_382' title='bbox 707 2672 771 2712; x_wconf 88' lang='lat' dir='ltr'>Ep.</span> <span class='ocrx_word' id='word_1_383' title='bbox 794 2675 870 2711; x_wconf 84' lang='lat'>428.</span> <span class='ocrx_word' id='word_1_384' title='bbox 1111 2670 1150 2702; x_wconf 89' lang='lat' dir='ltr'>of</span> <span class='ocrx_word' id='word_1_385' title='bbox 1162 2671 1261 2702; x_wconf 87' lang='lat' dir='ltr'>them</span> <span class='ocrx_word' id='word_1_386' title='bbox 1275 2680 1422 2710; x_wconf 86' lang='lat' dir='ltr'>appears</span> <span class='ocrx_word' id='word_1_387' title='bbox 1435 2672 1471 2701; x_wconf 90' lang='lat' dir='ltr'>to</span> <span class='ocrx_word' id='word_1_388' title='bbox 1480 2670 1523 2700; x_wconf 90' lang='lat' dir='ltr'>be</span> <span class='ocrx_word' id='word_1_389' title='bbox 1536 2669 1668 2700; x_wconf 84' lang='lat' dir='ltr'>known</span> <span class='ocrx_word' id='word_1_390' title='bbox 1681 2679 1763 2700; x_wconf 85' lang='lat' dir='ltr'>now</span> <span class='ocrx_word' id='word_1_391' title='bbox 1777 2681 1785 2710; x_wconf 88' lang='lat'>;</span> <span class='ocrx_word' id='word_1_392' title='bbox 1801 2671 1873 2702; x_wconf 85' lang='lat' dir='ltr'>and</span> 
     </span>
    </p>
   </div>
   <div class='ocr_carea' id='block_1_4' title="bbox 285 2713 1875 3018">
    <p class='ocr_par' dir='ltr' id='par_1_4' title="bbox 285 2713 1875 3018">
     <span class='ocr_line' id='line_1_39' title="bbox 329 2713 1874 2757; baseline -0.001 -10"><span class='ocrx_word' id='word_1_393' title='bbox 329 2727 380 2755; x_wconf 86' lang='lat'>24.</span> <span class='ocrx_word' id='word_1_394' title='bbox 406 2716 583 2757; x_wconf 83' lang='lat' dir='ltr'>opusculi]</span> <span class='ocrx_word' id='word_1_395' title='bbox 612 2716 770 2755; x_wconf 86' lang='lat' dir='ltr'>Perhaps</span> <span class='ocrx_word' id='word_1_396' title='bbox 797 2726 863 2747; x_wconf 92' lang='lat' dir='ltr'>one</span> <span class='ocrx_word' id='word_1_397' title='bbox 886 2716 926 2747; x_wconf 91' lang='lat' dir='ltr'>of</span> <span class='ocrx_word' id='word_1_398' title='bbox 944 2716 1045 2747; x_wconf 89' lang='lat' dir='ltr'>those</span> <span class='ocrx_word' id='word_1_399' title='bbox 1111 2715 1199 2753; x_wconf 85' lang='lat' dir='ltr'>they</span> <span class='ocrx_word' id='word_1_400' title='bbox 1215 2724 1307 2744; x_wconf 86' lang='lat' dir='ltr'>were</span> <span class='ocrx_word' id='word_1_401' title='bbox 1323 2714 1475 2753; x_wconf 84' lang='lat' dir='ltr'>perhaps</span> <span class='ocrx_word' id='word_1_402' title='bbox 1491 2723 1599 2744; x_wconf 83' lang='lat' dir='ltr'>never</span> <span class='ocrx_word' id='word_1_403' title='bbox 1614 2713 1769 2753; x_wconf 84' lang='lat' dir='ltr'>printed.</span> <span class='ocrx_word' id='word_1_404' title='bbox 1800 2715 1874 2746; x_wconf 87' lang='lat' dir='ltr'>The</span> 
     </span>
     <span class='ocr_line' id='line_1_40' title="bbox 286 2757 1874 2799; baseline -0.001 -9"><span class='ocrx_word' id='word_1_405' title='bbox 286 2760 493 2790; x_wconf 83' lang='lat' dir='ltr'>mentioned</span> <span class='ocrx_word' id='word_1_406' title='bbox 527 2761 575 2799; x_wconf 89' lang='lat' dir='ltr'>by</span> <span class='ocrx_word' id='word_1_407' title='bbox 606 2759 787 2790; x_wconf 86' lang='lat' dir='ltr'>Caesarius</span> <span class='ocrx_word' id='word_1_408' title='bbox 818 2761 857 2790; x_wconf 86' lang='lat' dir='ltr'>in</span> <span class='ocrx_word' id='word_1_409' title='bbox 889 2769 909 2790; x_wconf 87' lang='lat' dir='ltr'>a</span> <span class='ocrx_word' id='word_1_410' title='bbox 938 2760 1046 2791; x_wconf 84' lang='lat' dir='ltr'>letter</span> <span class='ocrx_word' id='word_1_411' title='bbox 1113 2767 1179 2789; x_wconf 89' lang='lat' dir='ltr'>one</span> <span class='ocrx_word' id='word_1_412' title='bbox 1207 2757 1419 2788; x_wconf 79' lang='lat' dir='ltr'>mentioned</span> <span class='ocrx_word' id='word_1_413' title='bbox 1445 2757 1529 2787; x_wconf 87' lang='lat' dir='ltr'>here</span> <span class='ocrx_word' id='word_1_414' title='bbox 1557 2766 1639 2796; x_wconf 86' lang='lat' dir='ltr'>may</span> <span class='ocrx_word' id='word_1_415' title='bbox 1665 2758 1755 2788; x_wconf 90' lang='lat' dir='ltr'>have</span> <span class='ocrx_word' id='word_1_416' title='bbox 1783 2758 1874 2789; x_wconf 89' lang='lat' dir='ltr'>been</span> 
     </span>
     <span class='ocr_line' id='line_1_41' title="bbox 285 2800 1875 2845; baseline -0.001 -12"><span class='ocrx_word' id='word_1_417' title='bbox 285 2805 321 2833; x_wconf 85' lang='lat' dir='ltr'>to</span> <span class='ocrx_word' id='word_1_418' title='bbox 338 2803 525 2843; x_wconf 82' lang='lat' dir='ltr'>Reuohlin,</span> <span class='ocrx_word' id='word_1_419' title='bbox 543 2803 564 2833; x_wconf 83' lang='lat'><em>8</em></span> <span class='ocrx_word' id='word_1_420' title='bbox 582 2803 675 2842; x_wconf 86' lang='lat' dir='ltr'>Sept.</span> <span class='ocrx_word' id='word_1_421' title='bbox 695 2801 821 2845; x_wconf 84' lang='lat'>(1517)</span> <span class='ocrx_word' id='word_1_422' title='bbox 840 2803 925 2841; x_wconf 81' lang='lat' dir='ltr'>(RE.</span> <span class='ocrx_word' id='word_1_423' title='bbox 943 2803 1022 2842; x_wconf 88' lang='lat'><strong>244)</strong></span> <span class='ocrx_word' id='word_1_424' title='bbox 1039 2812 1046 2833; x_wconf 93' lang='lat'><strong>:</strong></span> <span class='ocrx_word' id='word_1_425' title='bbox 1113 2811 1133 2831; x_wconf 85' lang='lat' dir='ltr'>a</span> <span class='ocrx_word' id='word_1_426' title='bbox 1148 2801 1312 2840; x_wconf 90' lang='lat' dir='ltr'>colloquy</span> <span class='ocrx_word' id='word_1_427' title='bbox 1327 2801 1365 2831; x_wconf 84' lang='lat' dir='ltr'>of</span> <span class='ocrx_word' id='word_1_428' title='bbox 1377 2801 1438 2831; x_wconf 85' lang='lat' dir='ltr'>the</span> <span class='ocrx_word' id='word_1_429' title='bbox 1455 2801 1584 2831; x_wconf 79' lang='lat' dir='ltr'>nature</span> <span class='ocrx_word' id='word_1_430' title='bbox 1601 2800 1640 2830; x_wconf 88' lang='lat' dir='ltr'>of</span> <span class='ocrx_word' id='word_1_431' title='bbox 1651 2801 1713 2831; x_wconf 91' lang='lat' dir='ltr'>the</span> <span class='ocrx_word' id='word_1_432' title='bbox 1725 2804 1875 2838; x_wconf 75' lang='lat' dir='ltr'>Apotheo-</span> 
     </span>
     <span class='ocr_line' id='line_1_42' title="bbox 287 2842 1874 2886; baseline -0.001 -10"><span class='ocrx_word' id='word_1_433' title='bbox 287 2849 295 2862; x_wconf 85' lang='lat'><em>⁴</em></span> <span class='ocrx_word' id='word_1_434' title='bbox 309 2846 439 2886; x_wconf 87' lang='lat' dir='ltr'>Accepi</span> <span class='ocrx_word' id='word_1_435' title='bbox 463 2848 505 2877; x_wconf 88' lang='lat' dir='ltr'>ab</span> <span class='ocrx_word' id='word_1_436' title='bbox 530 2847 677 2877; x_wconf 85' lang='lat' dir='ltr'>Erasmo</span> <span class='ocrx_word' id='word_1_437' title='bbox 700 2849 821 2876; x_wconf 83' lang='lat' dir='ltr'>nostro</span> <span class='ocrx_word' id='word_1_438' title='bbox 846 2847 966 2877; x_wconf 86' lang='lat' dir='ltr'>literas</span> <span class='ocrx_word' id='word_1_439' title='bbox 989 2846 1047 2876; x_wconf 85' lang='lat' dir='ltr'>his</span> <span class='ocrx_word' id='word_1_440' title='bbox 1111 2847 1156 2875; x_wconf 85' lang='lat' dir='ltr'>sis</span> <span class='ocrx_word' id='word_1_441' title='bbox 1176 2846 1355 2884; x_wconf 76' lang='lat' dir='ltr'>Capnionis,</span> <span class='ocrx_word' id='word_1_442' title='bbox 1369 2843 1558 2883; x_wconf 87' lang='lat' dir='ltr'>published</span> <span class='ocrx_word' id='word_1_443' title='bbox 1569 2844 1607 2874; x_wconf 89' lang='lat' dir='ltr'>in</span> <span class='ocrx_word' id='word_1_444' title='bbox 1618 2842 1752 2886; x_wconf 83' lang='lat' dir='ltr'>(Aug.)</span> <span class='ocrx_word' id='word_1_445' title='bbox 1769 2854 1874 2883; x_wconf 82' lang='lat'><strong>1522;</strong></span> 
     </span>
     <span class='ocr_line' id='line_1_43' title="bbox 287 2887 1874 2929; baseline -0.001 -10"><span class='ocrx_word' id='word_1_446' title='bbox 287 2889 423 2927; x_wconf 86' lang='lat' dir='ltr'>diebus,</span> <span class='ocrx_word' id='word_1_447' title='bbox 432 2890 468 2919; x_wconf 86' lang='lat' dir='ltr'>in</span> <span class='ocrx_word' id='word_1_448' title='bbox 477 2891 608 2929; x_wconf 87' lang='lat' dir='ltr'>quibus</span> <span class='ocrx_word' id='word_1_449' title='bbox 617 2890 671 2920; x_wconf 90' lang='lat' dir='ltr'>tui</span> <span class='ocrx_word' id='word_1_450' title='bbox 679 2899 816 2928; x_wconf 90' lang='lat' dir='ltr'>quoque</span> <span class='ocrx_word' id='word_1_451' title='bbox 825 2891 1046 2920; x_wconf 84' lang='lat' dir='ltr'>mentionem</span> <span class='ocrx_word' id='word_1_452' title='bbox 1113 2887 1186 2918; x_wconf 83' lang='lat' dir='ltr'>and</span> <span class='ocrx_word' id='word_1_453' title='bbox 1211 2887 1396 2918; x_wconf 85' lang='lat' dir='ltr'>Caesarius</span> <span class='ocrx_word' id='word_1_454' title='bbox 1423 2896 1505 2926; x_wconf 88' lang='lat' dir='ltr'>may</span> <span class='ocrx_word' id='word_1_455' title='bbox 1527 2887 1616 2917; x_wconf 85' lang='lat' dir='ltr'>have</span> <span class='ocrx_word' id='word_1_456' title='bbox 1643 2888 1734 2918; x_wconf 87' lang='lat' dir='ltr'>been</span> <span class='ocrx_word' id='word_1_457' title='bbox 1761 2888 1874 2919; x_wconf 86' lang='lat' dir='ltr'>intro-</span> 
     </span>
     <span class='ocr_line' id='line_1_44' title="bbox 285 2929 1715 2973; baseline -0.001 -10"><span class='ocrx_word' id='word_1_458' title='bbox 285 2933 384 2970; x_wconf 81' lang='lat' dir='ltr'>facit,</span> <span class='ocrx_word' id='word_1_459' title='bbox 401 2934 437 2963; x_wconf 87' lang='lat' dir='ltr'>et</span> <span class='ocrx_word' id='word_1_460' title='bbox 453 2933 496 2963; x_wconf 90' lang='lat' dir='ltr'>de</span> <span class='ocrx_word' id='word_1_461' title='bbox 514 2933 652 2964; x_wconf 89' lang='lat' dir='ltr'>duobus</span> <span class='ocrx_word' id='word_1_462' title='bbox 673 2933 852 2973; x_wconf 85' lang='lat' dir='ltr'>opusculis</span> <span class='ocrx_word' id='word_1_463' title='bbox 873 2943 893 2963; x_wconf 92' lang='lat' dir='ltr'>a</span> <span class='ocrx_word' id='word_1_464' title='bbox 908 2943 944 2963; x_wconf 85' lang='lat' dir='ltr'>se</span> <span class='ocrx_word' id='word_1_465' title='bbox 965 2943 1047 2963; x_wconf 86' lang='lat' dir='ltr'>con·</span> <span class='ocrx_word' id='word_1_466' title='bbox 1114 2931 1228 2962; x_wconf 90' lang='lat' dir='ltr'>duced</span> <span class='ocrx_word' id='word_1_467' title='bbox 1240 2941 1278 2962; x_wconf 84' lang='lat' dir='ltr'>as</span> <span class='ocrx_word' id='word_1_468' title='bbox 1297 2940 1362 2961; x_wconf 89' lang='lat' dir='ltr'>one</span> <span class='ocrx_word' id='word_1_469' title='bbox 1380 2929 1418 2960; x_wconf 90' lang='lat' dir='ltr'>of</span> <span class='ocrx_word' id='word_1_470' title='bbox 1429 2930 1491 2961; x_wconf 88' lang='lat' dir='ltr'>the</span> <span class='ocrx_word' id='word_1_471' title='bbox 1508 2930 1715 2962; x_wconf 84' lang='lat' dir='ltr'>characters.</span> 
     </span>
     <span class='ocr_line' id='line_1_45' title="bbox 288 2973 1836 3018; baseline -0.001 -12"><span class='ocrx_word' id='word_1_472' title='bbox 288 2976 402 3017; x_wconf 82' lang='lat' dir='ltr'>fectis,</span> <span class='ocrx_word' id='word_1_473' title='bbox 415 2977 454 3006; x_wconf 87' lang='lat' dir='ltr'>in</span> <span class='ocrx_word' id='word_1_474' title='bbox 466 2979 574 3017; x_wconf 85' lang='lat' dir='ltr'>tuam,</span> <span class='ocrx_word' id='word_1_475' title='bbox 587 2976 703 3018; x_wconf 81' lang='lat' dir='ltr'>credo,</span> <span class='ocrx_word' id='word_1_476' title='bbox 717 2976 884 3009; x_wconf 87' lang='lat' dir='ltr'>laudem.&#39;</span> <span class='ocrx_word' id='word_1_477' title='bbox 895 2977 927 3008; x_wconf 89' lang='lat' dir='ltr'>N</span> <span class='ocrx_word' id='word_1_478' title='bbox 930 2977 1047 3009; x_wconf 83' lang='lat' dir='ltr'>either</span> <span class='ocrx_word' id='word_1_479' title='bbox 1155 2984 1210 3015; x_wconf 84' lang='lat'>31.</span> <span class='ocrx_word' id='word_1_480' title='bbox 1235 2973 1473 3016; x_wconf 83' lang='lat' dir='ltr'>oblatrarent]</span> <span class='ocrx_word' id='word_1_481' title='bbox 1491 2974 1543 3006; x_wconf 82' lang='lat' dir='ltr'>Cf.</span> <span class='ocrx_word' id='word_1_482' title='bbox 1561 2974 1625 3014; x_wconf 87' lang='lat' dir='ltr'>Ep.</span> <span class='ocrx_word' id='word_1_483' title='bbox 1641 2984 1715 3014; x_wconf 86' lang='lat'>597.</span> <span class='ocrx_word' id='word_1_484' title='bbox 1733 2983 1763 3015; x_wconf 88' lang='lat'>7,</span> <span class='ocrx_word' id='word_1_485' title='bbox 1780 2983 1836 3013; x_wconf 82' lang='lat'>49.</span> 
     </span>
    </p>
   </div>
  </div>
 </body>
</html>
