2034 3433
112 153 207 206 752]
579 155 650 193 ΤΟ
687 155 871 193 PETER
910 153 1230 193 BARBIRIUS
1624 153 1702 192 189

109 269 348 308 progressus
366 270 460 296 sum
478 259 525 296 vt
543 257 684 307 procul
703 260 846 307 portus
866 261 1070 307 appareat.
1130 257 1210 297 Odi
1227 258 1338 296 hunc
1350 270 1490 295 meum
1502 256 1699 303 laborem,

110 323 268 373 quoties
297 322 556 372 quorundam
586 323 839 373 ingratitudo
867 323 983 361 venit
1012 323 1056 361 in
1086 325 1299 370 mentem;
1339 322 1410 361 sed
1443 335 1491 360 ex
1531 321 1703 360 aduerso

110 387 344 426 consolatur
373 400 440 425 me
470 387 674 426 bonorum
703 388 921 437 profectus.
982 388 1077 426 Misi
1096 388 1341 438 Apologiam
1372 400 1451 437 qua
1485 386 1618 424 Fabro
1648 399 1705 424 re-

109 453 302 503 spondeo,
325 452 422 490 misi
441 452 731 503 Pamphi-asin,
755 455 796 491 et
816 454 937 492 audio
957 453 1035 492 tibi
1055 454 1244 492 redditas.
1305 452 1496 491 Demiror
1517 451 1701 490 Fabrum

111 531 195 556 non
215 518 364 556 saltem
384 517 574 567 epistolio
594 518 661 557 vel
680 519 790 556 tueri
812 531 899 557 sese
918 518 985 557 vel
1012 532 1229 569 agnoscere
1248 519 1461 557 victorem.
1519 516 1704 566 Expecto

111 582 196 621 iam
223 583 382 621 dudum
413 582 537 621 istinc
565 583 731 633 aliquod
761 583 893 622 letum
925 584 1151 622 oraculum.
1209 583 1317 632 Quid
1348 585 1440 633 agat
1474 582 1705 620 Theatinus

112 647 341 697 Episcopus
361 647 465 686 scire
483 649 688 698 percupio,
711 650 803 687 tum
824 649 924 699 quid
944 649 1225 699 lepidissimus
1249 649 1384 688 Guido
1410 650 1562 686 noster.
1623 648 1703 686 Sed

113 712 319 762 imprimis
352 726 448 751 cura
478 714 524 752 vt
553 714 697 764 pensio
727 714 833 752 mihi
864 727 988 765 quam
1016 714 1199 764 primum
1232 715 1484 762 numeretur,
1516 727 1568 751 ne
1599 713 1704 752 desit

112 777 334 825 viaticum3
380 791 477 817 nam
511 778 578 817 hic
612 792 705 818 cara
744 780 894 827 omnia,
931 779 1163 830 compendii
1193 793 1244 817 ne
1272 779 1484 817 tantulum
1523 779 1702 828 quidem.

113 841 280 892 Optimo
294 843 520 881 Moecenati
536 857 630 882 meo
645 857 711 883 me
725 845 852 883 etiam
872 847 994 895 atque
1009 845 1135 883 etiam
1151 845 1395 882 commenda
1414 859 1421 891 ;
1452 844 1586 883 scribe
1602 857 1705 882 num

112 920 192 957 qua
211 920 303 956 spes
322 907 377 946 sit
396 910 436 946 te
457 908 537 947 huc
555 909 747 948 reducem
761 909 940 949 videndi.
1001 909 1115 948 Bene
1133 910 1235 958 vale,
1257 909 1498 948 mortalium
1518 909 1706 947 omnium

113 972 354 1011 charissime
384 973 558 1012 Barbiri.
618 974 796 1012 Louanii
844 975 896 1012 In
916 974 982 1012 die
1002 974 1076 1023 Ep.
1101 975 1183 1012 An.
1208 987 1296 1012 M.D.
1324 977 1382 1012 18.

584 1190 679 1230 753.
740 1189 804 1229 To
835 1188 1002 1229 Hmm·
1034 1190 1244 1230 Afmst's.

164 1311 350 1346 Deventer
366 1310 444 1345 MS.
463 1320 518 1355 91,
538 1310 562 1345 f.
584 1311 637 1354 85.
1410 1312 1590 1347 Louvain.

164 1368 235 1403 LB.
253 1368 349 1414 App.
367 1370 445 1414 256.
1335 1371 1356 1406 6
1374 1370 1541 1415 January
1563 1372 1662 1415 1518.

206 1466 295 1508 [The
312 1466 394 1498 date
411 1467 442 1496 is
457 1466 653 1497 confirmed
669 1466 716 1505 by
731 1466 793 1496 the
809 1466 988 1497 reference
1005 1468 1042 1497 to
1058 1466 1119 1497 the
1135 1475 1239 1507 cups;
1264 1465 1306 1497 cf.
1326 1467 1389 1506 Ep.
1407 1467 1482 1505 638.
1503 1467 1540 1496 18
1557 1466 1609 1507 n.]

599 1575 802 1605 ERASMVS
832 1575 989 1605 AFINIO
1021 1575 1102 1605 SVO
1133 1576 1166 1605 S.
1194 1577 1235 1605 D.

173 1675 431 1713 MEDICORVM
465 1673 707 1712 doctissime
738 1675 780 1711 et
809 1673 1037 1711 amicorum
1072 1673 1238 1723 optime,
1272 1673 1396 1711 toties
1426 1673 1510 1712 iam
1542 1673 1714 1711 excessit

118 1739 391 1789 praescriptus
412 1739 509 1786 dies,
533 1739 655 1777 toties
675 1738 795 1776 fallit.
858 1738 1062 1777 Fortassis
1081 1740 1191 1777 astra
1216 1738 1444 1787 superioris
1466 1738 1567 1776 anni
1595 1738 1715 1776 nobis

119 1817 267 1854 parum
299 1804 478 1842 secunda
509 1804 772 1842 obstiterunt.
834 1803 956 1841 Nunc
998 1803 1147 1842 saltem
1190 1803 1290 1842 noui
1332 1803 1433 1842 anni
1474 1802 1716 1841 melioribus

121 1869 313 1919 auspiciis
333 1869 454 1907 mitte
472 1868 595 1907 toties
619 1869 827 1907 adiuratos
853 1868 1030 1918 cyathos,
1054 1882 1105 1906 ne
1131 1869 1202 1919 qui
1227 1882 1339 1907 nunc
1364 1867 1629 1917 suspicantur
1648 1881 1715 1906 me

122 1934 247 1973 nimis
275 1934 400 1972 fuisse
430 1934 655 1982 credulum,
690 1933 837 1972 merito
867 1933 909 1971 id
936 1934 1067 1972 facere
1087 1933 1318 1972 videantur.
1375 1931 1505 1983 (Non)
1531 1946 1606 1982 ego
1635 1933 1716 1971 tale

122 2011 289 2048 possum
319 1999 368 2037 de
396 1999 471 2037 tali
490 1999 578 2037 viro
598 1999 809 2048 suspicari.
870 1998 933 2037 Tu
961 1998 1125 2048 grauior
1153 2011 1195 2036 es
1224 2011 1347 2048 quam
1380 1997 1451 2048 qui
1482 2011 1716 2047 quenquam

123 2063 227 2101 velis
255 2063 452 2112 irridere;
490 2077 563 2113 ego
593 2077 677 2102 non
706 2066 807 2112 puto
837 2077 902 2101 me
931 2063 1010 2101 tibi
1038 2063 1212 2113 dignum
1249 2063 1381 2101 videri
1419 2062 1491 2112 qui
1529 2062 1711 2101 irridear.

124 2128 304 2166 Proinde
331 2128 632 2166 Theodoricum
661 2127 887 2166 Martinum
920 2127 965 2165 in
994 2128 1069 2166 hoc
1099 2128 1205 2175 misi,
1238 2130 1284 2166 vt
1313 2127 1420 2165 mihi
1448 2140 1517 2165 eos
1546 2126 1713 2165 adferat.

124 2194 266 2232 Homo
286 2193 540 2232 certissimus
558 2196 633 2231 est.
691 2193 851 2231 Senties
878 2206 944 2230 me
967 2206 1052 2231 non
1077 2205 1289 2231 cessurum
1310 2192 1483 2230 omnino
1504 2191 1658 2238 officiis,
1681 2192 1716 2229 si

127 2271 273 2308 parum
306 2258 478 2296 antehac
508 2271 602 2296 sum
632 2257 894 2308 promeritus.
953 2257 1067 2295 Bene
1095 2257 1197 2295 vale.
1231 2259 1272 2294 et
1299 2256 1334 2294 si
1363 2256 1469 2294 mihi
1499 2269 1549 2294 ex
1577 2256 1716 2294 animo

126 2323 345 2373 respondes
364 2336 501 2361 amore
522 2327 682 2371 mutuo,
704 2322 767 2361 fao
797 2335 848 2360 ne
877 2322 944 2360 hic
974 2321 1252 2360 Theodoricus
1271 2334 1426 2359 vacuus
1455 2321 1535 2358 huc
1564 2321 1713 2361 redeat.

127 2401 232 2427 neue
251 2388 360 2426 diem
380 2388 545 2438 longius
559 2387 749 2437 proferas,
766 2400 926 2425 memor
937 2399 1132 2436 magnam
1143 2385 1335 2424 beneficii
1349 2387 1509 2435 partem
1526 2385 1717 2423 decedere

133 2454 341 2492 dilatione.
402 2453 584 2491 Rursum
605 2453 706 2490 vale.
767 2451 941 2490 Louanii
998 2451 1050 2489 In
1071 2451 1136 2489 die
1155 2451 1396 2500 epiphaniae
1415 2451 1501 2488 An.
1521 2463 1610 2489 M.D.
1638 2452 1694 2488 18.

174 2580 247 2609 752.
276 2580 324 2609 16.
347 2581 420 2609 LB:
445 2578 581 2617 Optimi
596 2580 666 2608 MS.
802 2586 852 2615 17.
878 2576 975 2606 Bena
993 2578 1060 2606 MS.
1202 2575 1273 2606 753.
1299 2585 1332 2614 5.
1356 2575 1434 2606 Non
1452 2578 1563 2606 addidi
1578 2577 1614 2605 in
1628 2577 1718 2605 initio

127 2633 230 2654 tersus
246 2634 253 2653 :
277 2623 369 2659 ‘most
382 2622 556 2661 suspicari
570 2624 683 2652 maluit
698 2623 761 2651 LB.
854 2630 882 2658 7.
907 2619 1011 2650 vellis
1026 2622 1094 2650 MS.

176 2744 249 2774 752.
274 2753 306 2782 9.
334 2742 562 2783 Apologiam]
581 2741 631 2772 Cf.
653 2742 716 2781 Ep.
735 2742 811 2779 652.
828 2751 858 2780 9.
956 2741 1083 2780 phrase
1106 2749 1177 2769 was
1199 2740 1278 2769 sent
1299 2738 1388 2769 with
1407 2739 1469 2777 Ep.
1486 2740 1573 2777 695;
1596 2738 1717 2768 which

177 2797 226 2818 10.
252 2786 428 2826 redditas]
466 2786 499 2817 A
535 2786 630 2816 loose
673 2785 888 2825 expression.
957 2785 1054 2814 must
1079 2783 1256 2814 therefore
1282 2782 1371 2812 have
1397 2782 1487 2812 been
1514 2780 1601 2811 held
1628 2781 1716 2812 back

131 2831 252 2861 which
276 2840 341 2861 can
364 2829 448 2868 only
466 2829 557 2860 refer
577 2830 614 2859 to
637 2828 700 2858 the
723 2830 887 2865 Apoloqia.
957 2828 1011 2858 for
1034 2836 1128 2857 some
1151 2826 1268 2856 weeks
1291 2824 1382 2855 after
1403 2825 1433 2855 it
1456 2834 1529 2855 was
1555 2825 1714 2863 written,

132 2874 302 2905 Erasmus
327 2883 393 2904 ean
419 2872 551 2911 hardly
574 2872 664 2902 have
688 2873 749 2911 yet
780 2871 891 2902 heard
957 2870 1140 2901 doubtless
1155 2869 1311 2908 through
1329 2868 1408 2899 lack
1419 2868 1487 2899 ofa
1502 2877 1714 2907 messenger.

131 2918 212 2949 that
241 2917 304 2948 the
343 2916 565 2955 Paraphrase
595 2915 676 2955 (Ep.
710 2915 789 2954 710)
819 2914 891 2945 had
1003 2924 1052 2944 12.
1073 2912 1286 2953 Theatinus]
1306 2912 1356 2943 Cf.
1377 2912 1440 2952 Ep.
1456 2913 1530 2944 628.
1548 2921 1589 2951 54
1606 2921 1643 2943 n.

134 2961 283 2992 reached
296 2960 529 2991 Barbiriusin
539 2958 660 2999 Spain.
694 2958 730 2988 It
745 2968 891 2998 appears
1004 2967 1052 2995 13.
1076 2955 1209 2997 Guido]
1234 2956 1411 2987 Morillon.

132 3004 299 3044 probable
318 3003 412 3034 from
429 3002 493 3042 Ep.
513 3011 575 3041 794
596 3001 676 3032 that
700 3001 763 3032 the
787 3001 891 3032 Para·
1004 3002 1054 3032 16.
1081 2998 1291 3039 Moecenati]
1311 2999 1357 3030 Le
1374 2998 1542 3038 Sauvage.

1727 467 1764 490 10

1739 2271 1778 2293 10
