2034 3433
167 155 262 209 661]
458 157 610 196 FROM
647 156 873 196 ALBERT
912 156 982 196 OF
1019 156 1457 197 BRANDENBURG
1699 162 1750 199 85

165 260 369 299 barbariei
400 260 676 310 appellatione
704 260 920 309 vindicas3
951 261 1036 299 imo
1075 274 1155 311 quo
1189 264 1234 301 tu
1264 262 1451 301 diuinam
1485 263 1751 315 theologiam,

163 326 215 365 ab
234 326 306 364 illa
324 326 495 377 antiqua
514 338 560 363 ac
586 338 781 375 germana
800 327 845 364 in
870 339 1022 365 nouam
1051 327 1261 376 quandam
1289 330 1331 366 et
1359 328 1566 378 impuram
1595 329 1751 380 aliquot

164 392 250 430 iam
269 391 418 431 seculis
438 391 721 439 deformatam,
745 404 819 430 suo
839 391 1051 441 splendori
1078 392 1214 431 reddis
1233 405 1279 431 ac
1299 393 1482 443 priscum
1508 394 1553 431 in
1573 395 1749 434 nitorem
1773 416 1809 447 15

164 457 358 496 restituis
418 455 525 505 Quid
551 456 664 494 enim
691 456 924 506 desyderari
947 456 1078 507 magis
1102 459 1208 496 etate
1234 460 1377 497 nostra
1401 459 1537 508 potuit
1563 472 1686 509 quam
1706 463 1750 499 vt

164 522 444 561 emendatiora
473 524 612 560 essent
639 522 802 560 Veteris
826 521 1104 560 Instrumenti
1133 523 1418 573 exemplaria?
1472 525 1532 562 At
1560 527 1601 563 te
1630 525 1753 564 inter·

162 589 276 637 prete
294 599 438 626 omnes
452 587 658 625 abstersae
678 587 874 635 maculae,
891 587 1028 626 omnis
1042 587 1208 626 additus
1228 589 1350 627 nitor.
1400 589 1508 637 Quid
1525 589 1750 629 dolendum

162 653 298 702 magis
327 653 407 691 fuit
435 665 559 702 quam
588 651 711 690 illum
740 652 798 690 sic
826 653 877 690 ab
902 664 945 690 se
971 653 1253 701 immutatum,
1276 654 1334 692 sic
1360 654 1560 693 mutilum
1589 668 1635 694 ac
1663 669 1751 694 con-

160 718 335 756 scissum
374 717 685 767 Hieronymum
718 719 761 754 in
795 717 990 756 manibus
1026 718 1205 757 haberi?
1260 720 1318 757 At
1352 732 1425 769 per
1457 722 1498 758 te
1535 720 1579 758 in
1616 721 1751 759 lucem
1771 743 1811 763 20

161 785 224 822 est
257 783 450 821 reductus
479 784 519 820 et
547 782 665 832 quasi
693 795 716 820 a
744 785 876 820 morte
905 782 949 820 in
977 783 1107 821 vitam
1138 786 1363 823 reuocatus.
1424 785 1557 823 Macte
1584 786 1748 834 virtute,

160 850 284 887 decus
303 847 559 894 Germaniae,
582 847 877 886 amabilissime
897 848 1069 886 Erasme
1087 863 1096 895 ;
1125 849 1181 886 sic
1202 848 1287 887 itur
1306 850 1357 888 ad
1378 852 1498 888 astra.

215 913 295 952 Sed
326 914 372 951 tu
402 926 454 951 ne
483 912 623 951 desine
651 912 709 950 sic
739 912 786 951 de
815 914 856 950 te
887 913 1147 961 sentientem,
1182 915 1240 952 sic
1278 927 1374 964 erga
1407 918 1449 954 te
1479 916 1684 965 affectum,
1716 917 1751 955 si

160 978 323 1030 quando
349 978 425 1016 hac
455 978 534 1016 iter
558 978 690 1025 facies,
712 977 904 1016 inuisere.
963 977 1018 1016 Et
1043 991 1066 1015 o
1092 978 1281 1017 foelicem
1306 979 1431 1018 illum
1450 980 1500 1028 (si
1520 981 1612 1030 quis
1631 981 1749 1020 nobis

160 1043 384 1092 illucescet)
412 1043 533 1091 diem,
560 1056 641 1092 quo
668 1043 712 1080 in
738 1044 855 1080 tuam
884 1042 1034 1080 faeiem
1058 1043 1134 1081 hos
1157 1043 1297 1082 oculos
1326 1044 1565 1094 defigemus,
1591 1059 1670 1095 quo
1696 1046 1749 1085 ad
1770 1068 1808 1099 25

159 1108 455 1148 suauissimum
469 1110 590 1146 tuum
603 1107 815 1157 eloquium
830 1107 906 1145 has
920 1120 1040 1146 aures
1058 1107 1297 1157 arrigemus,
1316 1122 1396 1159 quo
1411 1109 1484 1148 abs
1499 1112 1570 1149 tuo
1584 1111 1752 1160 penitus

161 1188 229 1213 ore
243 1172 539 1223 pendebimus!
596 1172 715 1210 Nihil
735 1172 846 1210 enim
862 1172 972 1210 inter
991 1185 1067 1210 nos
1086 1174 1126 1211 et
1140 1173 1236 1212 illos
1251 1174 1336 1212 Titi
1355 1174 1467 1213 Liuii
1483 1176 1752 1215 admiratores

159 1241 358 1278 interesse
372 1237 640 1277 censebimus.
690 1237 807 1285 Quod
822 1237 925 1276 faxit
941 1237 1133 1276 Christus
1145 1238 1339 1278 Seruator
1358 1242 1404 1278 vt
1424 1253 1546 1290 quem
1561 1241 1752 1280 absentes

159 1318 209 1343 ex
245 1303 364 1342 libris
401 1302 666 1349 admiramur,
703 1301 793 1340 eius
830 1316 967 1342 coram
1005 1303 1184 1353 alloquio
1221 1304 1303 1342 frui
1340 1304 1471 1345 liceat.
1532 1304 1600 1344 Sic
1638 1307 1749 1345 enim

158 1371 349 1408 futurum
383 1380 596 1418 speramus
624 1369 680 1415 vt,
717 1367 825 1416 quod
856 1368 928 1406 diu
963 1369 1048 1406 iam
1084 1369 1332 1418 quaerimus,
1367 1370 1524 1420 aliquot
1558 1371 1748 1410 diuorum
1769 1394 1810 1424 30

158 1435 268 1474 vitae
295 1433 538 1483 elegantiori
565 1434 606 1471 et
635 1432 749 1482 quali
778 1435 824 1471 tu
852 1433 985 1482 polles
1012 1433 1108 1472 stilo
1137 1433 1412 1473 illustrentur.
1470 1435 1583 1484 Vale,
1607 1436 1751 1475 doctis-

157 1501 262 1539 sime
281 1499 463 1547 Erasme,
486 1511 532 1537 ac
551 1500 592 1536 te
612 1497 731 1536 nobis
750 1510 870 1536 serua
889 1501 930 1537 et
950 1499 1131 1538 ostende.

209 1565 373 1604 Iterum
403 1563 498 1603 vale
535 1576 585 1601 ex
624 1563 774 1613 oppido
807 1565 949 1602 nostro
990 1563 1258 1615 Steynheym.
1320 1565 1468 1605 Idibus
1505 1566 1750 1617 septembris

156 1643 283 1670 manu
303 1631 445 1669 nostra
463 1628 636 1679 propria.
695 1629 823 1667 Anno
842 1631 936 1678 post
955 1629 1137 1668 natalem
1156 1630 1322 1670 Christi.
1351 1640 1464 1680 1517.

549 1775 706 1817 631662.
768 1776 897 1817 FROM
930 1775 1098 1817 HENRY
1129 1775 1359 1819 STROMER.

202 1869 391 1904 Deventer
408 1866 484 1902 MS.
504 1876 560 1912 91,
583 1866 607 1901 f.
627 1876 705 1902 212.
1387 1867 1606 1905 Steinheim.

201 1927 273 1962 LB.
289 1925 386 1972 App.
408 1927 484 1961 181.
1300 1937 1340 1971 13
1360 1925 1583 1972 September
1604 1938 1700 1974 1517.

178 2007 244 2049 [As
260 2006 463 2045 elsewhere,
483 2004 592 2036 Hand
610 2005 640 2036 B
658 2004 720 2046 (αι)
739 2004 804 2036 has
826 2006 915 2037 been
934 2006 1114 2038 corrected
1130 2007 1176 2047 by
1192 2017 1213 2038 a
1228 2009 1502 2049 contemporary
1517 2008 1615 2040 hand
1634 2008 1727 2049 (a2).]

872 2105 906 2136 S.
928 2105 966 2135 P.
989 2105 1034 2136 D.

210 2185 421 2225 er‘rERAs
458 2187 562 2233 tuas,
595 2185 935 2236 eloquentissime
971 2185 1353 2236 sapientissimeque
1387 2186 1437 2226 D.
1469 2187 1650 2235 Erasme,
1685 2199 1745 2225 ae-

156 2251 246 2302 cepi
277 2252 319 2290 et
347 2251 564 2299 lectitaui3
603 2264 706 2301 quae
736 2251 843 2289 mihi
872 2264 970 2289 auro
1000 2251 1258 2302 gemmisque
1289 2252 1603 2301 preciosissimis
1631 2252 1747 2291 fuere

155 2316 365 2367 gratiores.
424 2315 582 2364 Quibus
613 2317 767 2354 iterum
793 2319 917 2365 atque
949 2316 1102 2354 iterum
1132 2321 1204 2354 tua
1232 2316 1381 2366 ingens
1409 2316 1646 2355 humanitas
1677 2317 1746 2356 ab·

154 2381 404 2421 solutissime
442 2381 668 2420 eruditioni
705 2380 924 2419 coniuncta
952 2380 1056 2418 mihi
1087 2380 1394 2429 innotescebat3
1431 2381 1636 2432 siquidem
1664 2396 1746 2433 quo

154 2460 198 2486 es
216 2446 374 2485 doctior
400 2445 746 2496 eloquentimque,
769 2458 816 2483 eo
843 2445 1093 2483 submissius
1116 2446 1157 2483 te
1183 2458 1277 2495 erga
1296 2458 1362 2483 me
1381 2445 1600 2486 barbarum
1618 2447 1738 2496 geris.
1764 2462 1782 2493 5

197 2555 273 2587 661.
302 2564 350 2594 13.
376 2556 399 2589 β
412 2565 418 2586 :
442 2555 606 2586 barbarie
622 2566 655 2587 α.
777 2563 846 2593 quo
861 2555 884 2588 β
897 2566 903 2585 :
928 2553 1105 2593 quomodo
1120 2564 1149 2585 α.
1311 2562 1359 2592 17.
1383 2554 1517 2585 veteris
1532 2566 1552 2584 α
1566 2567 1572 2586 :
1597 2557 1744 2586 lacunam

155 2601 245 2630 habet
256 2597 316 2633 62:
338 2598 425 2629 noui
440 2609 475 2638 γ,
628 2608 677 2638 19.
701 2598 744 2628 ab
760 2599 801 2632 B:
826 2598 887 2628 abs
903 2608 934 2629 α.
1043 2598 1086 2631 Β;
1111 2596 1293 2628 mutulam
1309 2608 1342 2629 α.
1487 2608 1539 2637 23.
1565 2597 1689 2630 desine
1705 2610 1744 2630 a:

154 2651 303 2682 grauare
317 2643 352 2677 β,
443 2641 487 2672 de
503 2643 540 2672 te
556 2652 620 2680 α’γε
645 2641 690 2672 de
705 2640 754 2675 B2.
868 2650 920 2680 25.
942 2641 985 2675 B:
1009 2639 1205 2680 defigamus
1219 2651 1250 2671 α.
1354 2641 1405 2672 26.
1431 2642 1474 2675 B:
1500 2643 1698 2681 arrigamus
1712 2653 1742 2673 α.

154 2686 217 2717 abs
232 2686 275 2720 B:
299 2685 342 2715 ab
358 2696 389 2716 α.
478 2686 530 2716 28.
554 2685 739 2716 absentem
754 2686 787 2719 β.
877 2694 931 2723 30.
957 2683 1021 2714 diu
1035 2694 1092 2715 om.
1111 2685 1145 2717 Β.
1234 2693 1288 2723 34.
1316 2693 1397 2723 1517
1413 2695 1434 2714 α
1449 2695 1455 2714 :
1479 2693 1650 2717 M.1>.xv¹11
1665 2687 1700 2719 β.

196 2783 272 2813 661.
299 2792 349 2822 17.
375 2782 532 2824 Veteris]
548 2783 623 2813 The
649 2791 858 2814 occurrence
881 2783 919 2812 of
982 2782 1028 2812 In
1044 2793 1068 2821 γ
1084 2782 1113 2813 it
1130 2782 1161 2813 is
1177 2782 1356 2813 corrected
1372 2783 1411 2812 in
1426 2782 1640 2814 accordance
1651 2783 1744 2815 with

154 2825 230 2857 this
243 2827 284 2856 in
295 2827 359 2857 the
374 2826 520 2857 earliest
534 2827 680 2866 printed
693 2825 830 2856 edition
845 2825 914 2867 (βῑ)
981 2825 1081 2857 facts.

154 2879 192 2901 as
202 2869 286 2900 well
299 2879 337 2900 as
352 2869 393 2900 in
410 2870 473 2899 the
490 2869 562 2900 MS.
579 2869 721 2909 implies
742 2869 918 2908 certainly
1024 2879 1077 2907 27.
1104 2866 1216 2907 Liuii]
1233 2868 1285 2899 Os.
1302 2869 1364 2909 Ep.
1382 2878 1456 2908 401.
1474 2879 1526 2900 22.

154 2913 236 2944 that
244 2913 275 2944 it
284 2913 555 2943 wassowritten
563 2913 610 2952 by
619 2912 917 2952 Albert5who‚in
1026 2922 1079 2951 3ο.
1105 2912 1273 2942 diuorum
1287 2912 1400 2953 vitae]
1418 2912 1469 2944 Cf.
1487 2913 1549 2953 Ep.
1567 2913 1640 2952 614.
1660 2923 1712 2944 21.

155 2956 246 2997 spite
259 2957 296 2987 of
306 2956 449 2987 Hutten
459 2956 551 2996 (HE.
562 2964 602 2994 75
612 2959 627 2994 ξ
636 2957 704 2997 24),
719 2957 815 2987 must
827 2956 918 2986 have
1027 2965 1079 2994 33.
1102 2955 1338 2996 Steynheym]
1356 2955 1411 2987 On
1427 2956 1489 2987 the
1511 2956 1619 2995 Main,
1636 2958 1744 2988 above

155 3000 244 3032 been
256 2999 507 3031 misinformed
518 3009 556 3030 as
567 3001 604 3029 to
614 2998 792 3030 Erasmus'
806 2999 915 3030 work.
985 2998 1178 3030 Offenbaeh
1191 3009 1200 3037 3
1223 2999 1329 3030 about
1344 3009 1388 3038 30
1405 3008 1471 3030 ms.
1490 2999 1582 3031 from
1599 3000 1728 3032 Mainz.
