2034 3433
250 144 329 184 132
713 144 962 184 LETTERS
1002 143 1071 182 or
1108 143 1373 183 ERASMUS
1715 142 1811 198 [151
1826 154 1846 193 7

249 248 496 299 Quanquam
523 249 559 288 si
583 262 657 299 per
683 262 749 287 me
776 247 908 296 malis,
934 248 974 285 et
1001 246 1203 286 efficacius
1228 249 1350 297 putas
1375 261 1399 287 a
1423 249 1640 298 praesente
1666 260 1756 287 rem
1780 249 1846 298 agi

247 326 367 364 posse
396 328 520 364 quam
549 327 623 364 per
650 313 877 363 epistolam,
910 311 1111 350 libentius
1138 312 1181 350 id
1209 312 1359 351 faciam
1388 325 1514 363 quam
1541 312 1733 352 iusseris:
1774 314 1845 352 sed

248 392 332 418 non
363 380 441 418 erit
470 379 710 429 perficiendi
739 378 912 417 facultas
942 379 1029 416 tam
1059 376 1140 416 cito
1169 390 1295 427 quam
1325 390 1399 427 ego
1428 380 1545 416 tuam
1574 390 1664 416 rem
1692 377 1846 417 vellem

247 444 347 482 fieri.
408 444 517 483 Nam
540 445 617 482 hoc
644 443 815 482 solenne
843 444 906 481 est
936 442 1044 492 apud
1073 454 1160 490 nos,
1186 455 1210 480 a
1234 442 1441 492 legatione
1468 442 1714 481 redeuntem
1736 445 1848 482 recta

189 522 228 545 10
247 509 401 559 Regem
420 511 567 558 petere,
591 522 664 547 nec
692 509 824 546 obiter
850 508 900 547 ad
928 520 1167 557 quenquam
1194 507 1408 546 diuertere.
1469 507 1538 546 Ad
1566 507 1654 556 hoc,
1679 508 1845 557 negocia

245 576 388 613 nostra
416 575 501 612 tam
527 573 637 612 lente
665 574 893 622 procedunt
918 574 964 610 vt
990 585 1132 611 verear
1158 585 1211 610 ne
1237 572 1292 611 sit
1318 573 1475 611 diutius
1502 572 1571 611 hic
1597 574 1844 612 morandum

245 651 369 689 quam
389 640 461 677 aut
482 639 642 688 speraui
662 639 735 677 aut
753 652 775 677 e
795 651 837 676 re
858 639 912 677 sit
932 651 1046 676 mea:
1078 637 1161 676 nisi
1179 637 1286 676 forte
1312 637 1420 676 nihil
1438 637 1651 676 videbitur
1670 637 1738 676 hic
1758 638 1846 689 spei

245 717 370 753 quare
389 704 444 741 sit
463 704 730 742 manendum.
789 703 968 741 Interim
988 705 1128 742 tamen
1155 702 1190 741 si
1215 705 1261 741 tu
1288 702 1412 751 voles,
1435 716 1503 742 res
1528 703 1594 753 agi
1620 704 1755 753 potest
1773 717 1845 754 per

242 769 403 807 literas:
439 782 513 807 nec
543 769 687 807 dubito
714 768 816 819 quin
838 768 963 807 voles.
1023 767 1091 807 Sic
1119 780 1238 818 agam
1267 780 1361 817 ergo
1387 770 1434 806 vt
1463 768 1692 818 deponatur
1719 768 1845 808 huius

189 848 224 880 15
243 834 344 873 anni
372 834 516 883 pensio
544 835 653 884 apud
682 834 907 873 Maruffum
937 836 977 872 et
1006 833 1240 883 syngrapha
1268 833 1462 872 mittatur
1491 833 1542 872 ad
1572 836 1628 873 te.
1687 833 1765 873 Sed
1795 835 1847 874 de

243 900 483 938 redimenda
512 900 711 950 pensione
741 900 848 938 mihi
877 901 986 938 certe
1016 912 1102 938 non
1131 898 1296 938 videtur
1323 899 1560 948 agendum:
1604 912 1701 938 cum
1734 900 1844 949 quod

244 978 364 1003 nemo
390 968 453 1003 est
480 966 550 1015 qui
577 965 721 1004 debeat
746 965 957 1013 redimere,
982 965 1062 1003 nisi
1088 964 1124 1003 is
1152 964 1233 1014 qui,
1256 966 1304 1003 vt
1330 977 1405 1014 ego
1434 964 1566 1012 audio,
1589 964 1697 1003 nihil
1721 964 1844 1003 habet

242 1030 351 1069 vnde
378 1031 535 1079 possit;
574 1033 666 1069 turn
696 1031 804 1081 quod
834 1043 978 1069 vereor
1005 1043 1058 1068 ne
1087 1029 1435 1080 Archiepiscopus
1462 1029 1521 1068 510
1549 1030 1846 1080 interpretetur

242 1097 443 1145 tanquam
477 1109 501 1134 a
538 1096 658 1134 nobis
694 1096 885 1135 animum
924 1108 1093 1145 prorsus
1132 1094 1342 1134 abieceris.
1411 1095 1544 1144 Quam
1578 1095 1629 1133 ob
1667 1108 1756 1134 rem
1795 1095 1844 1135 de

185 1176 224 1198 20
242 1161 525 1210 redemptione
554 1175 697 1200 rursus
726 1161 881 1211 cogita:
915 1160 951 1199 si
977 1160 1220 1208 decreueris,
1251 1173 1326 1209 ego
1355 1173 1441 1199 non
1472 1160 1603 1199 deero.
1663 1160 1843 1200 Interim

242 1227 331 1275 ipse
361 1227 411 1264 de
441 1226 644 1265 solutione
675 1226 870 1275 tractabo,
902 1239 978 1265 nec
1010 1225 1117 1263 mihi
1148 1225 1300 1265 videris
1335 1225 1520 1265 facturus
1549 1226 1657 1265 male
1687 1227 1722 1265 51
1751 1227 1844 1266 tuas

240 1291 368 1330 etiam
388 1291 528 1331 literas
547 1292 777 1341 addideris;
808 1293 849 1331 id
872 1292 980 1342 quod
1000 1291 1190 1331 fortassis
1210 1293 1411 1341 expectat.

297 1358 466 1396 Gaudeo
508 1358 806 1408 Paraphrasim
849 1357 926 1396 sub
969 1356 1109 1407 praelo
1157 1369 1256 1395 esse.
1335 1356 1511 1396 Inuideo
1554 1357 1842 1396 mediusfidius

241 1422 436 1472 Louanio,
473 1424 538 1462 cui
573 1425 738 1463 tantum
772 1423 949 1473 contigit
982 1422 1232 1461 beneficium
1267 1424 1485 1473 quantum,
1524 1424 1570 1461 vt
1605 1422 1735 1471 video,
1770 1423 1841 1461 vix

184 1501 221 1532 25
239 1488 432 1538 agnoscit.
493 1489 572 1527 Sed
600 1490 636 1528 is
662 1490 712 1528 de
741 1503 822 1539 quo
845 1488 1001 1535 scribis,
1023 1490 1096 1526 aut
1121 1500 1195 1537 ego
1221 1487 1343 1526 fallor
1369 1490 1442 1526 aut
1465 1501 1681 1538 nunquam
1710 1489 1842 1526 muta-

240 1553 364 1592 bitur.
424 1554 668 1593 Tunstallus
687 1555 808 1605 plane
836 1554 964 1592 sentit
990 1556 1031 1592 te
1060 1553 1238 1592 nimium
1264 1552 1422 1592 bonum
1441 1566 1541 1601 esse,
1564 1554 1635 1603 qui
1661 1554 1698 1592 ei
1717 1554 1844 1592 toties

240 1618 433 1668 deceptus
449 1633 594 1670 pergas
614 1621 784 1658 credere.
832 1619 989 1658 Paceus
1008 1618 1142 1657 adhuc
1157 1631 1242 1656 non
1263 1619 1379 1666 redit,
1398 1632 1532 1669 neque
1551 1618 1654 1658 scire
1668 1632 1839 1669 possum

239 1685 402 1734 quando
422 1684 477 1723 sit
493 1685 725 1724 rediturus:
755 1685 827 1724 sed
842 1698 977 1735 neque
993 1683 1253 1723 comminisci
1270 1697 1373 1734 queo
1389 1684 1488 1734 quid
1503 1684 1652 1723 habeat
1667 1684 1840 1735 negocii.

240 1749 359 1788 Certe
376 1752 580 1799 quantum
597 1751 845 1801 inquirendo
866 1750 1090 1800 comperire
1104 1762 1284 1799 possum,
1304 1750 1388 1789 iam
1404 1750 1475 1788 diu
1495 1750 1604 1788 nihil
1625 1752 1688 1789 est
1707 1763 1841 1800 neque

181 1825 221 1857 30
239 1827 334 1852 cum
368 1814 621 1864 Imperatore
654 1829 787 1866 neque
821 1829 917 1854 cum
952 1814 1154 1853 Eluetiis:
1197 1828 1271 1853 nec
1305 1817 1447 1854 tamen
1485 1815 1582 1854 licet
1618 1816 1840 1866 remigrare

240 1879 422 1928 domum,
446 1894 577 1930 quum
597 1881 704 1931 plus,
729 1881 884 1930 opinor,
907 1893 1032 1930 quam
1051 1893 1210 1918 annum
1230 1879 1314 1918 iam
1335 1880 1601 1919 Oonstantiae
1622 1881 1835 1920 desederit.

240 1944 368 1983 Miror
391 1945 442 1984 ab
465 1945 539 1984 illo
563 1959 647 1985 non
673 1947 884 1985 redditum
908 1946 987 1985 tibi
1012 1945 1180 1984 librum.
1237 1945 1423 1984 Scribam
1443 1946 1494 1984 ad
1515 1960 1610 1985 eum
1630 1945 1680 1984 de
1699 1946 1776 1984 hac
1796 1960 1840 1985 re

239 2010 586 2060 diligentissime3
631 2025 763 2062 neque
794 2012 907 2050 enim
938 2010 1159 2061 quicquam
1194 2013 1255 2049 est
1287 2011 1397 2060 quod
1430 2011 1575 2050 malim
1604 2011 1744 2061 perfici
1771 2013 1838 2050 vel

280 2123 311 2154 6.
338 2133 399 2163 per
414 2126 492 2154 add.
511 2126 553 2154 H.
1366 2125 1417 2155 28.
1446 2124 1575 2155 habeat
1592 2128 1626 2155 H
1640 2136 1646 2155 ε
1672 2125 1780 2156 habet
1796 2127 1834 2155 D.

238 2176 290 2205 32.
319 2167 384 2197 hac
401 2167 444 2197 de
462 2177 499 2197 re
515 2170 551 2198 F.

752 2135 798 2162 14.
826 2124 922 2156 voles
939 2127 967 2155 D
984 2135 991 2154 ε
1015 2123 1105 2155 velis
1121 2126 1162 2154 H.

284 2267 332 2296 16.
358 2267 545 2307 pensione]
562 2266 655 2297 from
672 2267 882 2305 Aldington.

284 2320 334 2349 17.
359 2311 389 2340 is
419 2310 500 2351 qui]
536 2310 733 2350 Evidently
764 2311 827 2341 the
858 2312 1003 2350 present

238 2356 363 2392 rector,
391 2353 548 2384 Richard
574 2355 729 2393 Master;
765 2364 821 2385 500
848 2354 911 2393 Ep.
939 2363 1002 2393 255

237 2397 373 2428 introd.

285 2450 334 2479 19.
359 2451 379 2471 a
397 2441 517 2481 nobis]
545 2441 595 2472 Cf.
628 2442 689 2472 the
720 2441 847 2472 second
878 2450 1001 2472 reason

238 2484 358 2515 Which
385 2485 512 2516 moved
538 2485 709 2515 Warham
737 2487 774 2515 to
805 2484 909 2515 allow
940 2484 1001 2514 the

238 2529 389 2567 pension
405 2540 413 2567 3
437 2529 569 2567 quoted
586 2530 625 2559 in
643 2529 706 2568 Ep.
724 2538 787 2568 255
805 2528 935 2558 introd.

281 2582 333 2602 20.
359 2582 481 2602 rursus
498 2572 627 2612 cogita]
649 2573 819 2603 Erasmus
836 2572 1000 2611 accepted

238 2615 313 2646 this
328 2615 451 2646 advice
466 2626 475 2654 ;
499 2625 555 2646 see
573 2616 637 2655 Ep.
658 2617 729 2654 726.
748 2626 797 2646 10.

281 2668 333 2696 23.
360 2659 631 2700 Paraphrasim]
648 2660 711 2690 See
728 2660 789 2699 Ep.
810 2668 880 2697 710.

281 2712 332 2741 25.
360 2703 391 2733 is
408 2703 450 2733 de
470 2703 557 2743 quo]
583 2703 758 2742 Probably
778 2703 884 2742 Dorp.
933 2702 999 2732 For

238 2747 401 2776 renevved
423 2747 623 2777 dissension
650 2748 810 2777 between
833 2746 911 2776 him
927 2746 999 2776 and

238 2788 408 2819 Erasmus
432 2800 487 2820 500
504 2790 591 2830 Epp.
609 2792 674 2829 669
690 2790 762 2821 and
780 2799 852 2829 713.
872 2799 910 2828 13
928 2799 998 2828 seq.

282 2842 333 2870 27.
360 2833 506 2873 Paceus]
532 2834 582 2864 Cf.
610 2834 674 2873 Ep.
701 2835 775 2873 388.
799 2845 841 2873 94
859 2843 896 2864 n.
942 2833 998 2863 He

238 2875 310 2905 had
334 2877 506 2906 returned
529 2878 577 2915 by
597 2876 691 2914 Dec„
708 2877 780 2907 and
804 2877 900 2908 More
925 2877 999 2907 met

236 2919 315 2949 him
325 2925 362 2949 at
371 2920 504 2959 Bruges
513 2920 618 2961 (Epp.
633 2931 758 2959 740-1;
776 2920 819 2951 cf.
835 2921 898 2960 Ep.
911 2920 998 2959 742).

236 2962 364 2992 Either
387 2963 503 2993 before
526 2973 565 2993 or
587 2963 680 2994 after
703 2965 777 2994 this
799 2964 845 2995 he
869 2973 942 2994 was
964 2965 1001 2993 at

235 3007 412 3046 Antwerp
439 3007 517 3047 (Ep.
544 3008 634 3047 736),
655 3007 726 3038 and
750 3008 904 3047 perhaps
927 3007 1000 3037 also

1072 2268 1108 2296 at
1124 2266 1309 2307 Tournay;
1333 2267 1397 2298 but
1420 2267 1481 2298 the
1505 2267 1657 2307 possible
1678 2266 1836 2298 identifi-

1073 2310 1192 2341 cation
1220 2310 1258 2340 of
1286 2311 1348 2341 the
1374 2310 1564 2351 physician
1590 2310 1729 2341 Adrian
1755 2311 1832 2351 (Ep.

1074 2363 1147 2392 755.
1167 2355 1223 2394 27)
1243 2356 1402 2394 suggests
1413 2355 1493 2385 that
1507 2354 1737 2385 Molendinus
1753 2363 1837 2392 may

1073 2398 1162 2428 have
1195 2407 1278 2428 seen
1307 2398 1385 2428 him
1415 2400 1451 2428 at
1481 2398 1664 2437 Antwerp.
1712 2398 1768 2436 By
1797 2398 1836 2427 16

1070 2441 1150 2472 Jan.
1179 2441 1225 2472 he
1255 2451 1327 2472 was
1358 2442 1397 2471 in
1430 2441 1580 2472 London
1610 2441 1770 2481 (Brewer
1794 2441 1832 2471 ii.

1070 2485 1184 2524 3885).
1233 2485 1404 2516 Erasmus
1420 2484 1482 2515 did
1504 2486 1567 2515 not
1584 2486 1678 2515 meet
1693 2484 1772 2515 him
1788 2494 1833 2514 on

1070 2528 1146 2559 this
1163 2529 1323 2559 occasion
1341 2528 1421 2569 (Ep.
1441 2528 1513 2567 855.
1533 2528 1645 2567 20—2).

1112 2582 1166 2610 32.
1191 2571 1342 2612 librum]
1370 2571 1568 2611 Evidently
1591 2571 1655 2602 the
1685 2574 1835 2603 Antibar-

1069 2617 1158 2653 barz‘3
1192 2625 1249 2646 see
1275 2616 1339 2654 Ep.
1367 2624 1421 2653 30.
1451 2617 1489 2645 16
1513 2625 1548 2646 n.
1574 2615 1645 2645 and
1673 2615 1717 2646 cf.
1744 2615 1831 2655 Epp.

1068 2659 1144 2698 684,
1176 2668 1250 2697 732.
1304 2659 1340 2688 It
1371 2668 1520 2698 appears
1551 2659 1631 2689 that
1663 2659 1834 2689 Erasmus

1068 2702 1141 2732 had
1168 2702 1256 2732 been
1285 2701 1488 2742 discussing
1511 2703 1573 2733 the
1604 2702 1773 2741 question
1800 2702 1837 2732 of

1068 2745 1255 2784 rewriting
1276 2745 1316 2785 it,
1335 2746 1407 2776 and
1428 2746 1500 2776 had
1522 2746 1695 2786 proposed
1717 2747 1753 2777 to
1776 2745 1831 2775 in-

1069 2789 1215 2819 troduce
1232 2789 1329 2819 More
1345 2799 1383 2819 as
1400 2799 1466 2820 one
1484 2790 1523 2821 of
1540 2790 1602 2820 the
1620 2790 1829 2820 charactere.

1068 2832 1141 2862 The
1157 2832 1329 2863 omission
1346 2833 1383 2864 of
1396 2833 1470 2864 this
1486 2833 1582 2872 large
1598 2842 1741 2873 passage
1752 2833 1792 2863 in
1805 2832 1832 2862 F

1068 2885 1142 2906 was
1166 2876 1336 2915 probably
1358 2876 1427 2907 due
1448 2878 1486 2907 to
1508 2877 1570 2908 the
1593 2878 1664 2908 fact
1688 2876 1768 2907 that
1792 2876 1831 2905 in

1067 2920 1130 2950 the
1147 2920 1301 2950 interval
1319 2920 1363 2950 he
1386 2920 1458 2951 had
1482 2920 1667 2952 recovered
1687 2919 1782 2950 Book
1805 2920 1827 2957 i,

1067 2962 1140 2993 and
1162 2963 1234 2994 had
1256 2963 1449 3003 published
1470 2965 1500 2995 it
1521 2964 1676 2995 without
1694 2963 1830 2994 rewrit-

1068 3016 1140 3047 ing.
