2034 3433
225 363 263 385 10

230 1441 268 1462 10

233 2091 246 2111 2
288 2072 418 2110 alium
446 2072 632 2111 titulum.

282 122 361 161 262
747 119 997 159 LETTERS
1036 117 1105 156 OF
1143 117 1410 156 ERASMUS
1749 114 1874 168 [1518

280 226 523 267 charissime
549 226 664 273 mihi,
693 225 823 263 aetate
853 222 926 270 fili,
950 220 1208 271 presbyterio
1228 220 1366 267 frater,
1390 232 1550 270 nosque
1572 219 1763 269 precibus
1788 220 1873 258 tuis

281 292 446 332 Christo
465 289 718 329 commenda.
779 286 924 339 [Amo
944 282 1146 337 M.D.X1x.]

1577 337 1778 377 Erasmus
1795 340 1871 376 etc.

336 400 384 438 D.
408 398 588 437 Martino
610 395 885 435 Bruxellensi.

734 530 830 568 808.
893 527 956 567 To
988 526 1114 567 JOHN
1147 524 1419 568 CAESARIOE.

1605 616 1783 652 Louvain.

1568 683 1584 718 5
1603 674 1710 720 April
1731 676 1832 720 1518.

329 621 520 656 Deventer
537 619 615 654 Ms.
632 628 688 663 91,
708 618 734 653 f.
754 627 770 662 5
791 621 840 651 v0.

329 678 401 713 LB.
421 678 515 723 App.
535 686 614 721 277.

732 755 938 785 ERASMYS
969 754 1189 785 CAESARIO
1221 754 1304 784 SVO
1336 755 1367 785 S.
1390 754 1432 784 D.

336 841 496 877 AD1Ec1
515 837 745 877 secundum
765 836 972 875 Theodori
991 835 1147 874 librum
1166 837 1239 873 tuo
1259 835 1443 874 dicatum
1463 835 1650 883 nomini;
1680 836 1826 885 opinor
1840 835 1881 873 id

283 903 368 942 iam
386 903 465 942 tibi
484 903 709 953 cognitum.
769 902 910 940 Audio
937 900 1169 939 Buschium
1192 901 1299 938 istuc
1320 900 1485 949 redisse,
1510 903 1551 939 et
1577 914 1676 939 sane
1695 901 1853 951 gaudeo
1874 915 1883 947 ;

285 982 383 1008 nam
408 969 450 1008 id
479 968 625 1007 malim
650 980 777 1018 quam
806 967 910 1005 illud
938 966 1155 1016 ingenium
1176 965 1220 1004 in
1241 965 1426 1004 tenebris
1453 965 1605 1004 alicubi
1632 966 1878 1005 delitescere.

285 1034 470 1072 Pelletur
499 1033 627 1081 breui,
651 1033 695 1071 ni
723 1032 859 1080 fallor,
879 1033 922 1070 et
947 1031 1117 1070 Colonia
1144 1030 1281 1069 omnis
1305 1031 1522 1079 barbaries,
1546 1031 1704 1070 virtute
1731 1032 1883 1070 ducum

285 1111 329 1137 ac
353 1098 549 1137 militum.
609 1097 750 1136 Audio
775 1096 1052 1135 clarissimum
1078 1095 1285 1135 Comitem
1310 1095 1527 1134 Neaetium
1554 1096 1753 1135 aduersus
1781 1096 1884 1134 istos

284 1164 471 1203 indoctae
491 1163 702 1202 doctrinae
723 1162 1012 1212 superciliosos
1030 1161 1280 1211 professores
1300 1174 1466 1211 prorsus
1497 1161 1724 1200 Herculem
1750 1174 1880 1211 agere,

284 1229 354 1268 sed
393 1229 568 1279 optan'm
605 1228 669 1267 illi
705 1228 829 1278 paulo
876 1227 1175 1277 splendidiores
1217 1227 1512 1277 antagonistas.
1573 1226 1679 1265 Mihi
1715 1227 1887 1266 videtur

285 1295 491 1332 extremae
512 1293 769 1332 infelicitatis
789 1306 884 1331 cum
904 1292 1109 1330 eiusmodi
1128 1291 1331 1341 portentis
1351 1292 1564 1330 colluctari
1589 1292 1700 1331 vnde
1724 1294 1886 1342 praeter

284 1359 399 1397 virus
418 1361 459 1397 et
479 1358 658 1397 scabiem
678 1358 787 1396 nihil
808 1370 931 1407 queas
951 1357 1120 1396 auferre.
1182 1357 1247 1395 Me
1269 1357 1440 1395 miseret
1465 1357 1591 1395 etiam
1619 1357 1788 1405 ordinis,
1813 1357 1884 1407 qui

286 1424 441 1462 multos
480 1423 604 1462 habet
642 1423 791 1473 probos
819 1423 943 1470 viros,
976 1422 1126 1472 quibus
1166 1422 1342 1461 istorum
1385 1422 1600 1460 temeritas
1640 1422 1883 1472 neutiquam

285 1490 491 1539 probatur,
518 1488 766 1538 negantibus
790 1487 870 1526 sibi
892 1487 999 1526 tanti
1024 1500 1111 1525 esse
1141 1487 1266 1525 vnius
1296 1488 1367 1525 aut
1393 1487 1571 1525 duorum
1597 1486 1879 1534 ambitionem,

286 1556 332 1593 vt
352 1567 399 1592 ea
418 1554 549 1603 gratia
568 1553 739 1592 veniant
757 1553 802 1590 in
823 1553 965 1591 odium
986 1552 1144 1590 mundi.

341 1619 527 1657 Pessime
547 1618 755 1657 consuluit
776 1618 898 1656 rebus
918 1617 1117 1656 humanis
1137 1617 1209 1667 qui
1232 1616 1406 1655 titulum
1430 1616 1583 1655 indidit
1606 1616 1886 1656 Obscurorum

286 1684 491 1723 Virorum.
555 1683 672 1732 Quod
712 1683 755 1721 ni
792 1683 944 1720 titulus
991 1681 1237 1732 prodidisset
1283 1680 1435 1720 lusum.
1477 1684 1519 1720 et
1561 1682 1685 1720 hodie
1730 1682 1886 1732 passim

286 1749 521 1799 legerentur
576 1748 671 1787 illae
727 1748 937 1798 Epistolae
984 1749 1185 1797 tanquam
1232 1747 1276 1784 in
1323 1747 1500 1796 gratiam
1548 1747 1886 1786 Praedicatorum

285 1814 474 1863 scriptae.
518 1804 666 1852 ¹Adest
694 1813 762 1851 hic
796 1812 973 1851 Louanii
1005 1812 1202 1862 magister
1240 1815 1391 1859 noster,
1422 1812 1585 1862 pridem
1619 1812 1741 1851 Prior
1776 1812 1885 1862 apud

288 1877 515 1926 Bruxellas,
547 1878 618 1927 qui
642 1878 794 1928 viginti
819 1877 981 1916 libellos
1005 1879 1212 1915 coemerat
1243 1876 1549 1926 gratificaturus
1580 1877 1736 1926 amicis,
1763 1877 1888 1927 paulo

272 1945 382 1983 -ante
399 1956 524 1992 quam
541 1943 655 1981 bulla
669 1943 744 1982 illa
759 1943 942 1993 prodiret
958 1956 1061 1992 quae
1073 1942 1307 1981 effulminat
1321 1955 1418 1980 eum
1434 1942 1638 1981 libellum.
1693 1942 1885 1981 Primum

289 2007 480 2056 optabam
501 2021 586 2045 non
602 2007 762 2046 editum
778 2021 875 2046 eum
895 2007 1083 2046 libellum
1102 2022 1110 2054 3
1131 2020 1278 2046 verum
1292 2007 1363 2045 vbi
1377 2007 1514 2046 fuerat
1529 2008 1677 2056 editus,
1693 2007 1886 2058 optabam

693 2072 800 2111 Sunt
829 2072 894 2110 illi
929 2073 1098 2122 quidem
1135 2071 1252 2123 digni
1294 2072 1520 2111 maioribus
1548 2072 1747 2111 conuiciis
1765 2087 1774 2120 3
1815 2072 1886 2110 sed

289 2137 526 2187 exemplum
540 2139 602 2176 est
615 2137 803 2176 odiosum
818 2140 868 2185 et,
885 2138 994 2187 quod
1009 2137 1054 2175 in
1069 2138 1180 2176 furto
1195 2137 1541 2176 molestissimum
1556 2151 1645 2177 esse
1660 2137 1885 2180 consueuit,

289 2202 468 2252 suspicio
497 2201 653 2241 incerto
683 2204 826 2241 autore
854 2215 926 2252 per
955 2215 1099 2241 omnes
1122 2203 1306 2252 vagatur.
1329 2205 1375 2241 vt
1396 2203 1541 2254 cuique
1561 2216 1635 2242 sua
1654 2202 1887 2242 coniectura

332 2297 406 2328 807.
431 2298 461 2328 8.
489 2300 566 2327 aF:
590 2298 800 2338 presbytero
816 2301 849 2333 β.

289 2342 355 2372 etc.
372 2351 430 2371 om.
449 2344 485 2372 F.

290 2384 448 2415 odiosius
465 2387 518 2415 LB
533 2396 538 2414 :
564 2384 702 2416 odiosifi
718 2388 786 2416 MS.

333 2483 409 2514 807.
443 2485 473 2514 8.
510 2486 629 2515 aetate
661 2483 731 2524 fili]
772 2484 824 2516 Of.
859 2484 959 2515 Hier.
994 2486 1052 2521 Ep.

295 2535 363 2564 105.
383 2537 413 2566 5.

333 2570 407 2601 808.
438 2580 463 2601 1.
490 2570 635 2611 Adieci]
652 2570 703 2602 Cf.
723 2570 787 2610 Ep.
806 2579 878 2610 771.

335 2623 365 2645 2.
392 2612 604 2653 Buschium]
623 2614 686 2645 See
701 2624 735 2653 p.
753 2615 828 2653 296.

334 2657 365 2688 6.
390 2657 601 2698 Herculem]
650 2657 696 2688 In
742 2657 928 2697 attacking
993 2657 1054 2688 the

292 2703 455 2740 Apoloqia,
473 2701 640 2741 Cologne,
661 2700 825 2740 Quentel,
851 2700 932 2732 Feb.
961 2702 1051 2740 1518,

292 2744 383 2774 with
425 2744 546 2775 which
583 2744 779 2775 Hochstrat
813 2743 885 2775 had
919 2744 1055 2784 replied

292 2788 327 2816 to
344 2787 539 2827 Benignus'
555 2790 694 2826 Defensio
709 2790 874 2818 Reuchlim'
887 2788 964 2828 (Ep.
978 2789 1053 2819 680.

293 2830 336 2860 26
349 2832 403 2869 n.)
420 2841 427 2868 3
445 2831 489 2862 cf.
506 2832 544 2863 P.
562 2842 596 2871 p.
608 2841 673 2870 240
688 2831 761 2862 and
777 2831 846 2862 RE.
863 2840 928 2870 253
940 2830 1001 2863 fin.

336 2882 369 2912 9.
397 2873 551 2914 ordinis]
567 2875 640 2906 The
657 2875 901 2906 Dominicans.

341 2926 388 2955 13.
416 2917 581 2958 titulum]
600 2918 684 2949 Eov.
701 2929 707 2956 ;
723 2919 767 2949 cf.
781 2919 869 2958 Epp.
885 2919 961 2958 363,
978 2919 1053 2956 622,

293 2959 365 2989 and
380 2960 489 2991 Lond.
504 2962 590 2991 xxii.
610 2971 662 3001 31,
682 2962 753 2992 LB.
765 2971 831 3001 979
845 2963 946 3003 (1110
956 2963 1024 3001 Bc).

1012 2309 1041 2338 9.
1066 2299 1169 2330 Arno
1185 2309 1321 2331 M.D.X1x
1336 2302 1411 2331 add.
1429 2302 1471 2331 H.

645 2352 692 2374 11.
720 2342 762 2374 D.
781 2367 787 2373 .
806 2366 813 2373 .
832 2367 839 2373 .
858 2342 1085 2373 Bruxellensi
1103 2353 1161 2374 om.
1178 2347 1200 2379 β
1214 2346 1246 2374 F'.

1641 2310 1688 2330 10.
1717 2300 1887 2330 Erasmus

1396 2343 1470 2374 808.
1496 2353 1548 2374 21.
1573 2344 1736 2374 odiosum
1751 2345 1886 2379 scripsi:

1170 2485 1218 2514 16.
1241 2484 1554 2525 magisternoster]
1563 2483 1885 2523 IacobusRemigii‚

1122 2538 1141 2558 a
1170 2527 1385 2558 Dominican
1422 2528 1460 2558 of
1483 2528 1658 2567 Brussels,
1689 2527 1811 2559 where
1841 2527 1887 2557 he

1123 2580 1200 2601 rose
1231 2572 1266 2601 to
1297 2571 1339 2600 be
1372 2571 1483 2602 Prior.
1544 2571 1601 2602 He
1629 2581 1703 2602 was
1733 2570 1821 2602 D.D.
1849 2572 1887 2601 at

1122 2614 1292 2654 Louvain‚
1323 2623 1337 2643 1
1366 2614 1460 2654 Sept.
1493 2623 1587 2654 1517,
1610 2616 1683 2646 and
1707 2624 1780 2646 was
1805 2614 1886 2645 sub-

1123 2657 1315 2697 sequently
1333 2660 1340 2674 ‘
1354 2657 1490 2697 Regent
1503 2660 1510 2667 '
1530 2659 1569 2689 of
1580 2659 1744 2690 Louvain
1760 2657 1831 2689 and
1848 2658 1888 2687 in

1125 2709 1209 2739 1520
1249 2700 1463 2732 ‘diffinitor'
1504 2702 1543 2732 of
1583 2702 1647 2733 the
1685 2700 1886 2742 provincial

1123 2744 1278 2784 Chapter
1315 2744 1353 2775 of
1389 2745 1447 2775 his
1491 2746 1605 2777 order.
1667 2746 1732 2777 See
1769 2745 1810 2776 B.
1844 2744 1888 2774 de

1121 2787 1143 2817 J
1147 2787 1272 2828 onghe⁷
1315 2791 1455 2826 Belyium
1494 2792 1746 2828 Dominicanum,
1790 2796 1884 2827 1719,

1123 2841 1155 2871 p.
1170 2840 1252 2870 3443
1270 2831 1345 2863 Val.
1358 2832 1631 2872 Andreas‚Fast.
1648 2836 1750 2864 Acad.
1766 2834 1886 2871 Louqn.

1124 2885 1156 2914 p.
1186 2883 1269 2913 1o4;
1301 2875 1344 2906 de
1369 2876 1489 2916 Jongh
1514 2886 1569 2916 pp.
1593 2886 1711 2916 17o‚1;
1743 2874 1817 2907 and
1840 2874 1884 2905 ef.

1124 2918 1236 2949 Lond.
1259 2919 1343 2950 xxii.
1362 2928 1414 2958 31,
1431 2920 1501 2951 LB.
1517 2929 1583 2959 979
1599 2922 1702 2961 <1110
1711 2919 1758 2960 c).

1170 2962 1219 2991 18.
1246 2961 1362 3003 bulla]
1380 2963 1443 2994 See
1460 2963 1524 3002 Ep.
1540 2964 1615 2994 611.
1635 2973 1676 3003 75
1688 2973 1723 2994 n.
