2034 3433
339 155 391 193 78
800 152 1050 192 LETTERS
1087 150 1157 190 or
1195 151 1461 190 ERASMUS
1801 147 1926 202 [1517

336 258 524 298 fortassis
552 258 663 297 aliud
694 258 911 296 mirabitur
939 268 982 293 ac
1008 253 1203 294 laudibus
1225 254 1360 294 vehet.
1419 253 1526 292 Mihi
1551 253 1659 292 nihil
1684 266 1770 292 non
1796 253 1928 303 suspi-

299 340 317 371 5
337 324 460 364 cienti
478 324 581 363 illud
601 323 795 374 inprimis
813 321 1021 372 probatur,
1043 319 1152 370 quod
1171 332 1266 358 oum
1286 319 1375 370 ipse
1394 333 1467 370 pro
1488 332 1577 358 rara
1601 318 1779 369 quadam
1797 318 1930 357 animi

335 390 585 441 perspicacia
613 389 746 439 sapias
775 387 1022 437 plurimum,
1049 387 1191 424 tamen
1221 385 1475 434 prudentum
1509 387 1550 424 et
1583 384 1852 431 eruditorum,
1884 396 1931 423 ac

335 454 601 504 potissimum
621 465 763 491 eorum
788 451 859 501 qui
885 450 1072 488 nesciant
1097 449 1148 488 ad
1173 449 1349 499 gratiam
1367 449 1491 500 loqui,
1515 448 1791 488 familiaribus
1811 447 1934 487 collo-

338 518 446 568 quiis
473 518 660 567 gaudeas,
688 515 857 566 perinde
887 513 1003 564 quasi
1032 513 1312 564 Sophocleum
1339 514 1445 553 illud
1471 513 1624 553 alicubi
1653 512 1932 564 legeris—nec

336 583 479 622 dubito
498 582 598 632 quin
617 580 818 631 legeris—

283 683 320 705 10
737 668 857 717 Σοφοὶ
884 668 1054 717 τύραννοι
1080 669 1153 705 τῶν
1180 669 1313 715 σοφῶν
1341 666 1534 717 συνουσίᾳ,

337 758 379 796 id
401 759 462 796 est
482 758 613 806 Reges
632 757 838 805 sapientes
858 755 1089 794 redduntur
1108 753 1345 805 sapientum
1364 754 1585 793 hominum
1609 753 1906 793 consuetudine
1923 767 1932 792 ε

339 837 433 863 cum
452 822 601 874 primis
619 824 772 870 autem,
797 822 906 871 quod
934 820 1043 859 inter
1067 820 1131 858 tot
1156 819 1285 870 regni,
1307 819 1392 858 imo
1418 819 1579 868 mundi,
1603 819 1772 869 negocia
1791 819 1934 858 nullus

339 889 415 927 tibi
443 901 545 938 pene
575 887 662 925 dies
692 886 809 925 abeat
840 886 885 925 in
908 899 989 936 quo
1016 898 1101 924 non
1127 884 1308 935 aliquam
1335 884 1538 934 temporis
1562 883 1796 935 portionem
1815 884 1935 923 libris

339 952 581 993 euoluendis
595 952 821 1002 impartias,
840 964 1015 1002 cumque
1029 950 1178 1001 priscis
1193 950 1280 989 illis
1295 950 1548 1000 sapientibus
1564 949 1745 1000 colloqui
1758 950 1935 999 gaudeas

284 1029 321 1060 15
340 1018 412 1069 qui
440 1017 614 1056 minime
649 1017 840 1056 omnium
871 1018 1144 1065 assententur‚
1175 1017 1300 1066 atque
1331 1016 1399 1054 his
1429 1016 1645 1066 praecipue
1675 1014 1796 1054 libris
1827 1015 1936 1054 vnde

339 1083 551 1131 cordatior,
588 1083 734 1122 melior
768 1096 976 1133 regnoque
1009 1081 1152 1121 vtilior
1186 1081 1396 1129 discedas;
1436 1081 1558 1132 longe
1596 1080 1846 1120 dissentiens
1884 1081 1937 1120 ab

339 1150 515 1188 istorum
536 1148 729 1199 opinione
754 1149 826 1199 qui
852 1148 1095 1187 existimant
1116 1147 1300 1198 egregios
1324 1147 1532 1197 principes
1555 1160 1578 1185 a
1605 1146 1721 1185 nulla
1740 1160 1785 1184 re
1803 1147 1937 1196 magis

339 1215 479 1254 abesse
509 1215 695 1264 oportere
725 1227 851 1264 quam
877 1227 900 1252 a
927 1213 1044 1252 libris
1072 1212 1293 1262 studioque
1321 1212 1632 1262 philosophiae3
1673 1214 1745 1251 aut
1774 1213 1810 1251 si
1838 1212 1937 1262 quid

340 1280 466 1319 etiam
485 1279 776 1329 attingendum
793 1280 848 1318 sit
863 1279 1078 1327 librorum,
1096 1278 1206 1317 nihil
1225 1277 1308 1316 nisi
1327 1278 1524 1316 ridiculas
1543 1280 1584 1317 et
1598 1277 1671 1317 vix
1690 1277 1938 1317 mulieribus

283 1357 322 1378 20
340 1345 487 1395 dignas
530 1345 691 1383 fabulas
732 1358 924 1395 meraque
967 1343 1173 1382 stulticiae
1217 1356 1262 1382 ac
1305 1342 1511 1382 viciorum
1555 1342 1817 1382 irritamenta
1855 1343 1938 1394 legi

340 1412 546 1461 oportere:
586 1411 759 1460 perinde
793 1411 911 1461 quasi
944 1410 1043 1449 haec
1080 1410 1159 1448 duo
1193 1422 1244 1448 ex
1277 1408 1478 1447 diametro
1516 1407 1627 1446 inter
1660 1421 1704 1446 se
1734 1410 1933 1458 pugnent,

342 1489 483 1525 sapere
502 1478 543 1514 et
561 1476 791 1526 principem
811 1489 942 1527 agere,
967 1488 1063 1513 cum
1088 1475 1148 1514 ita
1172 1474 1282 1512 inter
1309 1487 1351 1513 se
1377 1474 1599 1512 cohereant
1625 1476 1681 1522 vt,
1705 1473 1739 1512 si
1758 1473 1936 1512 alterum

340 1541 458 1579 alteri
478 1541 646 1589 adimas,
670 1542 778 1579 nihil
797 1542 880 1580 iam
907 1541 1119 1591 relinquas
1143 1541 1304 1590 praeter
1327 1539 1496 1578 inanem
1519 1538 1718 1589 principis
1736 1538 1936 1588 titulum3

341 1606 680 1655 cenotaphiorum
692 1606 825 1645 instar
837 1619 940 1657 quae
953 1605 1124 1645 nomina
1135 1606 1303 1643 tantum
1315 1606 1356 1642 et
1366 1605 1587 1643 stemmata
1598 1604 1698 1643 foris
1711 1606 1934 1652 ostentant,

282 1682 320 1714 25
342 1684 437 1709 cum
457 1671 571 1710 intus
590 1685 717 1710 vacua
736 1672 832 1711 sint.
890 1671 1032 1721 Porro,
1056 1669 1408 1721 quemadmodum
1428 1669 1618 1708 cordatus
1637 1682 1683 1708 ac
1707 1669 1802 1719 pius
1824 1669 1937 1719 prin·

341 1749 435 1787 ceps
455 1736 649 1775 omnibus
670 1737 789 1787 sapit,
815 1737 1011 1776 omnibus
1029 1736 1188 1787 vigilat,
1206 1735 1400 1774 omnibus
1419 1735 1617 1786 prospicit
1635 1734 1683 1772 in
1702 1748 1933 1785 commune,

340 1804 386 1841 vt
415 1802 485 1853 qui
512 1802 727 1852 'publicum
757 1803 976 1853 negocium
1003 1804 1130 1851 gerat,
1161 1813 1247 1839 non
1276 1813 1424 1848 suum;
1457 1800 1516 1839 ita
1543 1813 1617 1850 par
1645 1802 1708 1839 est
1736 1802 1782 1839 vt
1810 1800 1938 1839 huius

341 1880 458 1906 curas
482 1880 527 1906 ac
553 1868 857 1906 sollicitudines
876 1881 949 1918 pro
976 1880 1049 1906 sua
1074 1867 1249 1917 quisque
1274 1866 1461 1916 portione
1486 1865 1601 1904 virili
1627 1867 1798 1904 conetur
1824 1865 1937 1905 adiu-

340 1946 448 1971 uare.
508 1933 564 1971 Et
584 1946 665 1982 quo
689 1933 813 1972 latius
840 1933 1026 1982 imperat,
1049 1932 1127 1971 hoc
1153 1932 1286 1982 magis
1311 1933 1402 1981 eget
1426 1930 1503 1969 hoc
1527 1930 1756 1969 officiorum
1775 1944 1933 1981 genere.

284 2009 324 2039 30
341 1998 510 2038 Eximia
533 1998 711 2048 quedam
736 1999 846 2037 inter
871 1998 1066 2036 mortales
1092 2011 1156 2036 res
1183 1999 1244 2036 est
1271 1996 1495 2035 monarcha
1523 2009 1568 2035 ac
1596 1996 1720 2047 plane
1749 1997 1939 2036 numinis

341 2065 481 2112 instar,
505 2064 576 2102 sed
596 2063 721 2103 homo
739 2067 895 2103 tamen.

395 2129 482 2179 Ego
508 2142 620 2177 vero,
645 2131 809 2180 quando
835 2131 934 2170 solis
959 2128 1158 2167 litterulis
1183 2130 1287 2167 meis
1311 2128 1389 2166 hoc
1414 2128 1536 2166 officii
1561 2141 1740 2178 pensum
1766 2141 1938 2178 possum

341 2194 507 2244 regibus
526 2195 772 2245 persoluere,
795 2195 956 2245 pridem
975 2193 1169 2233 libellum
1189 2192 1407 2232 Plutarchi
1429 2193 1491 2232 De
1517 2193 1677 2232 ratione
1698 2193 1939 2232 dinoscendi

341 2260 598 2299 adulatorem
618 2261 669 2299 ab
689 2261 831 2309 amico,
854 2274 876 2299 e
896 2261 1025 2299 Greco
1049 2259 1250 2298 Latinum
1269 2258 1358 2308 feci,
1382 2260 1559 2309 tuaeque
1578 2259 1784 2297 maiestati
1804 2258 1939 2298 dicaui

285 2335 323 2368 35
341 2339 412 2375 per
431 2325 828 2365 reuerendissimum
844 2326 892 2365 D.
910 2325 1181 2373 Cardinalem‚
1201 2324 1273 2374 qui
1294 2323 1373 2362 tibi
1387 2324 1433 2362 in
1447 2324 1565 2375 regni
1579 2324 1938 2364 administratione

342 2391 385 2429 id
418 2392 479 2429 est
513 2391 622 2441 quod
658 2391 759 2430 olim
792 2391 974 2431 Theseus
1007 2389 1183 2430 Herculi
1216 2391 1288 2428 aut
1320 2389 1502 2428 Achates
1534 2390 1709 2428 Aeneae.
1778 2389 1937 2429 Verum

343 2456 541 2506 quoniam
567 2457 610 2495 id
637 2457 835 2508 temporis
863 2457 908 2495 in
938 2456 1096 2495 medias
1121 2455 1327 2495 bellorum
1352 2454 1550 2505 procellas
1576 2454 1742 2504 publica
1762 2456 1939 2504 quedam

342 2535 385 2560 ac
417 2522 554 2560 fatalis
588 2522 700 2561 orbis
731 2522 958 2562 Christiani
990 2523 1216 2571 tempestas
1250 2520 1388 2560 subito
1421 2522 1462 2559 te
1495 2519 1686 2570 abripuit,
1721 2533 1805 2559 non
1839 2522 1938 2561 satis

341 2587 521 2635 vacabat,
545 2587 700 2636 opinor,
724 2587 879 2627 litteris
897 2586 1123 2635 attendere,
1146 2599 1242 2624 cum
1261 2598 1324 2624 res
1343 2585 1450 2624 ferro
1469 2587 1576 2623 esset
1596 2585 1762 2635 agenda.
1815 2586 1936 2626 Nunc

284 2661 325 2691 40
342 2651 470 2702 igitur
489 2652 680 2701 eundem,
702 2652 799 2691 licet
818 2652 902 2691 iam
929 2651 1018 2691 orbi
1042 2650 1301 2701 publicatum
1327 2663 1372 2689 ac
1392 2650 1567 2688 tercium
1587 2650 1701 2700 typis
1723 2663 1931 2701 excusum,
1967 2697 1971 2700 .

389 2779 437 2799 11.
463 2771 682 2810 sapientium
699 2774 738 2802 N.
919 2781 966 2811 15.
1001 2771 1231 2802 assentantur
1247 2772 1290 2801 H.
1472 2770 1520 2800 16.
1554 2773 1604 2800 D:
1631 2769 1852 2802 discentiens
1867 2774 1935 2805 MS.

342 2822 393 2844 21.
419 2816 447 2842 D
463 2824 470 2843 z
493 2814 675 2845 deametro
690 2818 758 2847 MS.
876 2825 928 2854 25.
953 2824 992 2845 ac
1007 2817 1076 2845 MS.
1093 2824 1101 2844 ε
1122 2815 1158 2844 et
1174 2816 1211 2843 D.
1310 2822 1362 2851 27.
1387 2813 1479 2852 gerit
1495 2814 1536 2845 Η.
1649 2823 1701 2853 33.
1727 2814 1936 2846 dinoscendi

341 2858 386 2885 D:
419 2857 651 2895 cognoscendi
675 2861 756 2895 MS„
784 2868 901 2889 necnon
923 2861 951 2889 D
973 2861 1007 2888 ίη
1029 2867 1126 2896 mary.
1316 2866 1369 2895 35.
1403 2856 1748 2889 reuerendissimum
1773 2858 1815 2889 D.
1841 2861 1933 2890 MS.:

343 2906 445 2929 tuum
461 2902 501 2930 H.
635 2903 689 2939 36.
718 2902 756 2932 id
773 2905 826 2932 est
843 2904 871 2932 D
887 2913 894 2932 :
918 2901 956 2932 id
972 2901 1041 2932 tibi
1059 2903 1110 2932 est
1126 2903 1193 2931 MS.

758 3011 807 3032 10.
833 3000 948 3042 Σοφοὶ]
965 3001 1069 3041 Soph.
1088 3003 1141 3031 Fr.
1160 3010 1199 3031 12
1218 3011 1225 3039 3
1249 2999 1291 3031 cf.
1312 3002 1419 3039 Δάας.
1439 3010 1534 3040 2497.
