2034 3433
270 127 349 165 140
734 128 985 168 LETTERS
1024 128 1093 167 oF
1130 129 1398 170 ERASMUS
1739 131 1863 186 [1517

206 243 250 275 90
266 231 306 268 et
335 230 570 281 frequentia
599 232 649 270 ad
680 233 871 272 ecclesias
904 235 944 272 et
976 233 1027 272 ad
1061 237 1296 284 martyrum
1329 235 1547 285 sepulchra
1575 238 1866 278 concurritur?

265 295 349 334 Vbi
377 296 435 335 sic
465 298 515 336 ad
545 297 866 336 similitudinem
896 299 1083 338 coelestis
1110 300 1285 339 tonitrui
1317 314 1439 340 amen
1473 301 1627 350 reboat,
1664 304 1706 341 et
1737 316 1866 343 vacua

264 360 472 400 idolorum
502 362 660 411 templa
692 363 972 412 quatiuntur?
1027 363 1124 403 Non
1157 366 1266 415 quod
1303 366 1430 405 aliam
1466 366 1648 406 habeant
1686 368 1866 407 Romani

264 426 401 474 fidem,
426 427 507 464 nisi
531 427 638 465 hanc
667 441 793 477 quam
813 442 959 467 omnes
979 429 1134 468 Christi
1162 431 1367 478 ecclesiae,
1396 432 1469 470 sed
1493 433 1602 482 quod
1630 432 1796 472 deuotio
1821 434 1864 472 in

264 491 323 529 eis
342 491 476 529 maior
495 494 537 530 et
557 492 802 542 simplicitas
822 493 873 532 ad
896 494 1177 535 credendum)
1232 496 1502 547 Magnificum
1523 498 1693 547 quidem
1722 498 1865 538 Hiero·

205 567 244 599 95
264 556 383 605 nymi
399 557 685 596 testimonium
704 560 713 597 !
769 559 828 598 At
849 558 960 598 idem
981 560 1081 609 quid
1102 560 1289 600 dicturus
1304 562 1358 600 sit
1372 562 1407 600 si
1423 575 1535 601 nune
1550 562 1710 601 videret
1722 563 1865 602 eadem

263 620 307 658 in
333 621 433 658 vrbe
459 624 520 660 tot
545 623 748 671 ecclesias,
770 625 833 662 tot
861 625 1098 673 cardinales,
1125 628 1188 665 tot
1211 627 1459 677 episcopos?
1487 627 1523 666 si
1542 628 1795 677 conspiceret
1814 629 1864 668 ab

262 698 343 723 vno
373 686 448 725 hoc
478 688 711 727 certissimo
741 689 898 729 Christi
926 691 1088 730 oraculo
1117 692 1168 730 ab
1200 692 1405 732 vniuersis
1433 693 1583 732 mundi
1610 693 1866 744 principibus

261 764 456 800 responsa
475 753 562 801 peti
577 755 585 792 1
616 754 698 793 huc
717 755 930 806 religionis
948 770 1071 795 causa
1090 771 1140 796 ex
1158 758 1321 797 vltimis
1335 772 1466 808 vsque
1481 761 1687 798 terrarum
1699 759 1864 809 angulis

260 817 508 866 agminatim
538 820 747 859 concurri:
782 834 931 870 parum
961 822 1247 862 Christianum
1276 824 1355 862 sibi
1383 837 1575 874 quenque
1602 824 1744 872 videri,
1780 824 1864 863 nisi

185 894 244 915 100
263 882 448 930 Romam,
486 883 569 922 nisi
600 885 842 925 Romanum
875 888 1124 927 Pontificem
1158 889 1324 937 viderit,
1356 902 1429 928 ceu
1458 902 1616 928 numen
1655 889 1864 940 quoddam

261 949 465 997 terrestre,
500 952 546 988 vt
579 963 602 988 a
634 951 751 990 cuius
780 954 889 991 nutu
919 966 964 992 ac
994 957 1147 994 renutu
1173 968 1238 994 res
1267 955 1484 994 vniuersae
1506 955 1751 994 mortalium
1768 968 1864 1005 pen-

261 1013 415 1052 deant:
454 1015 633 1065 denique
663 1017 699 1055 si
727 1021 912 1057 cerneret
941 1020 1019 1059 sub
1048 1021 1184 1059 Leone
1211 1021 1372 1060 decimo
1391 1021 1630 1071 compositis
1657 1020 1864 1059 bellorum

259 1079 448 1127 procellis
462 1081 694 1121 Romanam
707 1085 852 1124 vrbem
865 1099 949 1124 non
962 1086 1103 1125 minus
1113 1087 1247 1126 literis
1261 1101 1386 1137 quam
1399 1087 1597 1138 religione
1609 1087 1831 1125 florentem
1843 1087 1864 1124 ‘?

259 1146 305 1182 vt
326 1158 429 1194 quae
448 1159 532 1186 vna
559 1149 647 1187 tam
676 1150 834 1190 multos
855 1151 1006 1190 habeat
1024 1152 1298 1192 ecclesiastica
1319 1152 1522 1203 dignitate
1542 1151 1859 1203 praeminentes,

181 1219 240 1250 105
258 1210 320 1248 tot
340 1211 451 1250 viros
471 1213 587 1251 omni
606 1213 817 1255 doctrinae
830 1229 979 1266 genere
994 1217 1192 1268 insignes,
1209 1220 1271 1257 tot
1286 1219 1436 1257 mundi
1450 1218 1611 1257 lumina
1624 1218 1860 1267 decoraque,

257 1276 304 1313 vt
333 1277 477 1315 orbem
508 1279 648 1317 verius
678 1294 804 1330 quam
831 1283 977 1322 vrbem
1007 1284 1172 1322 dixeris.
1246 1284 1363 1323 Nihil
1389 1284 1620 1334 optandum
1648 1297 1671 1322 a
1699 1283 1863 1333 superis

258 1340 340 1380 nisi
360 1343 407 1380 vt
425 1346 625 1393 perpetuo
645 1346 732 1384 suis
751 1346 945 1387 laudibus
965 1350 1220 1399 respondeat,
1244 1351 1443 1400 perpetuo
1470 1349 1714 1388 felicitatem
1743 1360 1863 1387 suam

260 1405 412 1455 pietate
442 1412 617 1458 superet,
654 1412 913 1452 maiestatem
943 1417 1108 1454 anteeat
1140 1415 1337 1454 bonitate.
1397 1415 1447 1454 Id
1481 1415 1565 1463 fiet,
1600 1415 1636 1453 si
1669 1414 1787 1453 Petri
1816 1426 1862 1452 ac

259 1470 393 1520 Pauli,
428 1487 603 1523 quorum
637 1478 832 1527 auspiciis
862 1480 1145 1531 praesidioque
1178 1484 1336 1531 regnat,
1371 1483 1516 1531 pectus
1544 1480 1757 1529 vitamque
1787 1492 1860 1529 pro

180 1548 192 1569 1
202 1548 241 1570 10
256 1537 416 1577 viribus
436 1540 600 1579 studeat
615 1544 860 1591 exprimere.
921 1546 1055 1595 Atqui
1070 1547 1222 1585 horum
1238 1546 1462 1597 imaginem
1479 1558 1685 1596 nusquam
1699 1557 1860 1594 expres-

258 1602 409 1641 siorem
430 1606 644 1656 magisque
664 1608 805 1648 viuam
826 1610 947 1649 liceat
966 1612 1142 1661 reperire
1161 1625 1286 1662 quam
1304 1612 1351 1650 in
1370 1612 1558 1662 ipsorum
1577 1610 1722 1649 literis.

312 1667 476 1708 Interea
514 1671 637 1710 Pauli
673 1673 955 1724 fragmentum
992 1677 1193 1716 libentius
1239 1677 1556 1727 amplectentur,
1603 1675 1860 1726 amplissime

256 1732 390 1783 Pater,
413 1735 449 1772 si
469 1737 551 1793 tuis
576 1738 668 1776 istis
688 1740 883 1779 manibus
902 1742 1144 1792 porrigetur,
1168 1743 1239 1793 qui
1259 1743 1495 1781 studiorum
1521 1742 1726 1789 omnium,
1749 1753 1859 1790 prae-

256 1799 404 1838 sertim
426 1814 571 1840 eorum
598 1817 700 1852 quae
731 1819 827 1844 cum
859 1806 1098 1857 linguarum
1129 1808 1281 1858 peritia
1308 1808 1530 1847 coniuncta
1559 1809 1670 1855 sunt,
1701 1806 1859 1844 mirum

178 1875 236 1907 115
259 1866 465 1913 quendam
485 1866 768 1908 Moecenatem
788 1885 885 1921 agas
904 1887 912 1919 ;
943 1873 1002 1911 sic
1023 1874 1301 1912 nihilominus
1320 1873 1561 1924 integritate
1580 1885 1749 1911 morum
1769 1885 1859 1910 con-

257 1930 433 1979 spicuus,
456 1935 502 1970 vt
532 1933 641 1972 inter
666 1938 727 1974 tot
752 1937 979 1976 clarissima
998 1938 1163 1977 lumina
1181 1941 1323 1978 tamen
1343 1939 1501 1978 eluceas
1520 1940 1643 1988 atque
1663 1938 1857 1984 emineas,

255 2008 341 2033 non
361 1997 418 2035 ita
438 1999 607 2048 quidem
627 2006 672 2038 vt
693 2002 785 2040 aliis
808 2003 998 2043 offundas
1024 2005 1226 2052 tenebras,
1250 2005 1322 2043 sed
1340 2007 1386 2043 vt
1406 2018 1479 2054 per
1498 2017 1541 2043 se
1562 2003 1799 2042 illustribus
1818 2004 1860 2041 et

258 2062 412 2100 ornatis
445 2063 676 2112 plurimum
698 2068 826 2106 addas
846 2069 952 2108 lucis
972 2083 1017 2108 ac
1037 2069 1205 2108 decoris.
1265 2070 1379 2108 Bene
1398 2070 1535 2108 valeat
1554 2070 1600 2108 E.
1619 2069 1663 2107 T.
1681 2069 1730 2107 R.
1750 2068 1800 2107 D.

312 2127 501 2168 Louanii.
562 2132 688 2170 Anno
710 2146 909 2173 M.D.xvn.
971 2135 1033 2174 Id.
1058 2135 1260 2174 Nouemb.

632 2253 724 2293 711.
787 2253 920 2296 FROM
954 2255 1141 2299 GEORGE
1173 2257 1476 2299 SPALATINUS.

300 2322 465 2367 Farrago
483 2335 519 2368 p.
538 2333 617 2368 374.
1496 2329 1721 2375 Altenburg.

302 2379 340 2415 F.
359 2392 394 2425 p.
412 2382 503 2424 462:
530 2381 620 2417 HN:
647 2384 764 2421 Lond.
785 2386 832 2423 xi.
852 2398 919 2432 23:
946 2387 1019 2423 LB.
1039 2390 1119 2433 278.
1419 2399 1458 2434 13
1475 2387 1686 2424 November
1707 2396 1806 2432 1517-

300 2455 384 2495 [For
406 2456 469 2486 the
493 2458 769 2491 circumstances
793 2462 832 2492 of
851 2462 926 2493 this
950 2463 1057 2494 letter
1079 2474 1136 2494 see
1161 2465 1225 2504 Ep.
1243 2473 1305 2503 501
1332 2463 1465 2495 introd.
1511 2463 1548 2494 It
1571 2462 1635 2493 did
1658 2463 1723 2493 not
1746 2462 1853 2493 reach

255 2498 424 2530 Erasmus
439 2500 493 2531 for
509 2502 635 2541 nearly
651 2505 723 2535 two
739 2514 843 2544 years
857 2518 864 2536 :
888 2506 948 2536 his
963 2507 1074 2548 reply,
1097 2518 1113 2546 7
1130 2508 1223 2548 Aug.
1242 2517 1335 2547 1519,
1354 2506 1523 2538 confirms
1538 2507 1613 2538 this
1631 2505 1742 2547 date]

406 2587 449 2618 D.
474 2588 698 2619 GEORGIVS
729 2590 1006 2623 SPALATINVS
1037 2592 1218 2624 ERASMO
1249 2593 1558 2624 ROTERODAMO
1591 2594 1624 2624 S.
1652 2594 1695 2624 D.

307 2661 492 2701 Li'rERAs
512 2665 616 2712 tuas,
640 2665 810 2705 Erasme
830 2668 1001 2706 vnicum
1022 2669 1152 2708 totius
1171 2669 1416 2708 Germaniae
1442 2670 1678 2709 communis
1697 2670 1852 2720 patriae

252 2726 386 2774 decus,
409 2728 655 2778 iampridem
675 2734 844 2781 expecto
862 2746 870 2771 :
901 2733 936 2771 si
955 2733 1287 2773 eniminmanus
1306 2737 1401 2773 tuas
1420 2748 1535 2773 meae
1555 2737 1847 2785 peruenerunt,

298 2816 370 2847 710.
401 2827 471 2848 112.
496 2821 720 2859 amplissime
747 2822 853 2854 Pater
877 2827 950 2855 aclcl.
981 2825 1008 2855 δ.
1190 2825 1262 2855 118.
1289 2825 1327 2855 E.
1343 2825 1378 2856 Τ.
1393 2825 1433 2856 Β.
1447 2826 1490 2857 D.
1514 2837 1557 2857 a:
1588 2827 1652 2856 tua
1680 2826 1797 2866 pietas
1820 2827 1846 2858 δ.

256 2867 326 2896 119.
352 2869 507 2892 M.1).xvn
531 2874 597 2903 αγτ
620 2874 792 2897 M.1).xvn1
808 2868 852 2901 B:
878 2877 1056 2898 M.D.Xxv11
1072 2871 1101 2899 θ.
1227 2868 1300 2899 711.
1334 2878 1397 2901 ΤῐΤ.
1414 2879 1446 2901 D.
1472 2880 1531 2900 om.
1556 2872 1598 2901 H.

250 2916 367 2969 -ῙΠΟ,
399 2949 469 2970 101.
496 2941 607 2982 nutu]
623 2942 675 2973 Cf.
696 2943 789 2974 Plin.
807 2946 866 2981 Ep.
891 2955 918 2976 1.
939 2955 967 2983 7.
988 2954 1017 2975 2.
1119 2945 1189 2976 116.
1213 2944 1370 2987 Iumina]
1390 2946 1441 2978 Cf.
1461 2947 1563 2987 Verg.
1585 2950 1620 2979 G.
1643 2958 1670 2978 1.
1690 2949 1757 2987 5,6.

825 2988 901 3019 711.
923 2998 952 3018 2.
980 2987 1095 3028 meae]
1113 2988 1175 3028 Ep.
1194 2998 1269 3028 501.
