2034 3433
77 181 173 236 603]
477 184 548 224 TO
584 183 789 223 PHILIP
827 185 896 224 OF
934 185 1256 226 BURGUNDY
1612 190 1661 227 15

75 303 282 340 quamque
300 291 466 340 grauate
486 289 633 341 optimi
646 290 900 340 maximique
915 290 1122 340 Principis
1143 290 1278 330 Caroli
1296 291 1517 331 autoritate
1536 293 1663 332 fueris

74 355 241 394 adactus
260 370 269 404 ;
299 355 415 394 cuius
435 354 588 405 alioqui
607 355 800 394 charitati
819 355 925 394 nihil
945 369 1028 394 non
1048 368 1136 395 eras
1163 356 1347 396 daturus.
1406 357 1544 408 Atque
1563 358 1661 396 haec

74 420 164 470 ipsa
182 433 248 459 res
267 433 384 471 spem
411 420 532 458 nobis
552 420 826 460 certissimam
845 421 944 460 facit
963 421 1047 460 fore
1070 424 1118 460 vt
1144 435 1238 460 cum
1265 422 1384 461 laude
1402 423 1662 473 perfungaris

73 487 275 535 suscepto,
306 484 641 536 quandoquidem
671 485 805 535 Plato,
834 486 902 526 vir
933 486 1250 537 exquisitissimi
1287 487 1489 537 planeque
1528 488 1662 527 diuini

73 550 228 598 iudicii,
252 563 337 589 non
355 550 457 589 alios
481 550 690 589 existimat
709 551 759 590 ad
780 551 1076 601 rempublicam
1099 553 1323 602 gerendam
1341 553 1510 592 idoneos
1534 566 1660 603 quam

72 627 143 653 eos
171 615 243 665 qui
270 615 350 654 hue
383 615 574 654 nolentes
606 615 909 666 pertrahuntur.
977 617 1118 667 Auget
1145 619 1284 656 autem
1318 619 1504 656 nostram
1537 617 1588 656 de
1619 619 1661 656 te

72 680 275 727 fidutiam,
302 681 462 731 quoties
487 681 530 719 in
560 683 743 719 mentem
765 681 879 720 venit
907 683 949 720 et
977 682 1045 720 cui
1074 684 1121 721 tu
1150 683 1340 721 succedas
1368 683 1488 721 fratri
1512 684 1554 721 et
1579 696 1661 733 quo

71 746 188 795 patre
213 745 304 785 sitis
333 745 455 784 ambo
484 746 664 796 profecti.
723 746 830 784 Nam
859 746 994 785 Dauid
1020 760 1241 797 germanus
1261 749 1368 795 tuus,
1389 747 1457 786 vir
1475 748 1661 786 eruditus

71 810 187 849 iuxta
218 824 262 849 ac
291 811 483 861 prudens,
516 811 734 861 permultis
762 811 884 850 annis
913 812 972 850 sic
1000 812 1136 852 locum
1171 812 1300 851 istum
1328 813 1472 861 tenuit,
1503 816 1549 852 vt
1577 808 1662 852 suis

72 876 328 914 ornamentis
353 875 584 926 plurimum
609 876 838 926 splendoris
857 889 902 914 ac
922 877 1139 926 dignitatis
1162 878 1366 917 addiderit
1385 877 1466 928 ipsi
1485 879 1659 925 muneri,

73 954 145 990 per
171 954 213 979 se
240 941 334 980 licet
357 941 624 991 amplissimo,
650 941 794 980 multis
812 941 883 979 ille
903 942 1071 991 quidem
1099 943 1235 981 modis
1260 956 1435 993 magnus
1461 957 1506 982 ac
1533 943 1660 993 suspi-

74 1007 253 1054 ciendus,
269 1008 338 1046 sed
358 1008 403 1046 in
422 1008 499 1046 hoc
513 1008 728 1057 praecipue
744 1007 939 1046 salutaris
959 1007 1216 1058 reipublicae,
1236 1009 1342 1058 quod
1361 1009 1467 1047 nihil
1487 1009 1661 1047 ducebat

73 1074 283 1123 antiquius
309 1073 386 1111 sibi
411 1086 508 1123 pace
535 1072 698 1122 publiea
717 1085 726 1111 ε
756 1073 833 1111 hac
853 1086 1015 1123 quoque
1033 1073 1077 1111 in
1097 1075 1213 1122 parte
1231 1076 1392 1123 patrem
1414 1073 1660 1124 Philippum

74 1138 342 1188 Burgundiae
378 1138 523 1176 ducem
561 1138 750 1187 referens,
789 1138 930 1177 virum
962 1139 1081 1176 nulla
1118 1152 1204 1177 non
1241 1152 1285 1177 re
1322 1139 1552 1178 maximum
1590 1139 1661 1178 sed

72 1205 214 1242 tamen
243 1204 353 1254 pacis
390 1203 547 1242 artibus
580 1217 675 1242 cum
711 1203 859 1254 primis
896 1204 1105 1254 insignem
1142 1207 1182 1242 et
1215 1206 1405 1242 aeternae
1440 1204 1660 1242 hominum

73 1269 293 1308 memoriae
321 1269 680 1317 commendatum;
710 1269 781 1319 qui
803 1269 882 1307 tibi
910 1269 986 1308 hoc
1014 1269 1138 1308 etiam
1167 1269 1396 1319 impensius
1423 1269 1502 1308 erit
1531 1270 1661 1319 expri-

73 1335 259 1382 mendus
296 1347 382 1373 non
419 1335 586 1373 tantum
623 1336 670 1374 vt
706 1334 819 1372 filius
856 1336 976 1385 patri,
1012 1335 1084 1374 sed
1121 1337 1167 1374 vt
1203 1334 1426 1385 Philippus
1464 1334 1659 1384 Philippo

72 1400 328 1450 respondeas.
386 1399 594 1450 Intelligit
613 1400 697 1439 iam
713 1400 871 1439 dudum
891 1403 961 1440 tua
979 1401 1200 1451 prudentia
1216 1401 1315 1451 quid
1335 1402 1406 1440 abs
1424 1402 1466 1439 te
1484 1401 1660 1451 populus

71 1465 288 1505 vniuersus
306 1467 501 1516 expectet.
561 1465 728 1516 Triplex
743 1480 849 1505 onus
868 1466 1053 1505 humeris
1068 1467 1262 1516 sustines,
1279 1466 1408 1516 patris
1422 1466 1659 1516 exemplum

69 1543 116 1569 ac
149 1530 298 1578 fratris,
330 1532 422 1569 tum
458 1529 608 1568 horum
644 1532 879 1581 temporum
915 1532 999 1569 fata
1036 1531 1150 1581 (quid
1188 1532 1301 1570 enim
1331 1531 1444 1570 aliud
1477 1531 1610 1569 dicam
1625 1532 1658 1579 5³)

70 1596 207 1635 nescio
239 1595 443 1646 quomodo
481 1595 532 1634 ad
566 1595 725 1634 bellum
755 1596 1045 1647 pertrahentia.
1105 1597 1300 1636 Vidimus
1327 1596 1408 1647 ipsi
1445 1609 1578 1646 nuper
1613 1598 1658 1634 vt

72 1661 251 1714 quidam,
267 1662 412 1700 amicis
431 1675 554 1712 quam
573 1662 765 1700 hostibus
779 1662 995 1712 grauiores,
1015 1662 1123 1701 nihil
1141 1662 1396 1701 intentatum
1415 1662 1658 1712 reliquerint

71 1740 123 1766 ne
143 1727 344 1765 bellorum
366 1726 586 1777 aliquando
606 1727 703 1765 finis
721 1729 849 1766 esset:
878 1741 1020 1766 rursus
1039 1730 1085 1766 vt
1104 1728 1176 1766 vix
1196 1727 1470 1777 expresserint
1496 1726 1566 1764 alii
1587 1727 1658 1777 qui

70 1791 318 1841 reipublicae
332 1791 598 1842 PrIncipique
618 1805 667 1829 ex
686 1792 826 1830 animo
846 1792 950 1830 bene
969 1792 1130 1838 volunt,
1145 1794 1192 1830 vt
1210 1805 1353 1842 pacem
1373 1805 1467 1830 oum
1489 1792 1658 1829 Francis

70 1869 232 1907 semper
247 1856 479 1906 optandam,
495 1857 606 1895 hisce
620 1869 715 1895 vero
731 1857 987 1907 temporibus
1001 1857 1127 1896 etiam
1142 1857 1424 1905 necessariam,
1443 1857 1658 1905 amplecte—

70 1934 220 1960 remur.
290 1921 417 1960 Cuius
445 1934 541 1960 sane
569 1921 629 1959 rei
656 1921 881 1970 indignitas
909 1922 1043 1960 mouit
1075 1921 1265 1960 animum
1296 1934 1449 1970 meum,
1483 1923 1530 1959 vt
1566 1922 1657 1959 tum

71 1986 191 2024 Pacis
219 1987 401 2036 vndique
439 1986 678 2036 profligatae
717 1987 1031 2035 Querimoniam
1068 1986 1301 2035 scriberem,
1338 2000 1419 2036 quo
1455 1985 1656 2024 nimirum

70 2050 146 2089 hac
164 2052 320 2089 ratione
334 2050 612 2089 iustissimum
627 2050 755 2089 animi
775 2052 858 2089 mei
873 2052 1055 2090 dolorem
1070 2051 1137 2089 vel
1153 2051 1368 2089 vlciscerer
1386 2051 1452 2089 vel
1467 2050 1652 2088 lenirem.

70 2114 280 2153 Libellum
309 2115 359 2154 ad
388 2117 430 2153 te
457 2128 528 2153 ceu
557 2116 806 2164 primitiolas
838 2129 945 2154 nouo
979 2116 1184 2166 Episcopo
1217 2116 1377 2154 debitas
1410 2115 1542 2162 mitto,
1577 2129 1656 2164 quo

71 2179 310 2229 diligentius
339 2181 500 2218 tueatur
536 2182 608 2218 tua
645 2180 845 2218 celsitudo
877 2194 1018 2230 pacem
1048 2183 1258 2230 vtcunque
1290 2182 1460 2231 partam,
1494 2180 1530 2217 si
1568 2193 1654 2218 non

69 2246 201 2295 patiar
220 2258 310 2282 eam
329 2245 516 2283 obliuisci
536 2247 689 2294 quanto
709 2245 877 2294 negocio
897 2245 1017 2284 nobis
1036 2246 1280 2284 constiterit.
1340 2246 1454 2283 Bene
1473 2245 1574 2283 vale.

117 2369 165 2390 11.
191 2367 383 2398 germanus
399 2360 482 2389 tuus
498 2361 571 2389 add.
592 2359 617 2389 δ.
755 2367 803 2397 14.
830 2358 891 2389 ille
908 2358 1053 2398 quidem
1069 2360 1144 2390 add.
1162 2359 1189 2389 δ.
1328 2359 1377 2389 16.
1403 2358 1470 2388 sibi
1486 2368 1545 2389 om.
1562 2359 1588 2389 δ.

115 2489 144 2518 7.
169 2478 284 2518 Plato]
303 2481 377 2516 Rep.
398 2488 505 2518 1.347‚
525 2487 631 2517 7.52o.

115 2532 164 2554 11.
190 2522 321 2563 Dauid]
336 2524 416 2562 (†23
429 2522 532 2561 April
549 2522 645 2561 1496)
664 2531 709 2552 an
728 2522 827 2553 elder

69 2565 215 2596 natural
242 2576 305 2596 son
330 2566 367 2595 of
386 2566 507 2605 Philip
531 2566 592 2596 the
617 2566 723 2597 Good.
771 2567 827 2597 He

69 2618 142 2639 was
165 2610 229 2648 Bp.
258 2609 295 2639 of
320 2609 526 2640 Terouenne
552 2618 686 2648 1451-7‚
720 2610 827 2640 when

69 2651 127 2682 his
163 2653 282 2683 father
314 2652 432 2682 forced
468 2653 545 2683 him
577 2662 613 2683 as
645 2653 827 2692 coadjutor

68 2704 165 2734 upon
186 2696 248 2726 the
269 2705 348 2726 new
369 2696 434 2735 Bp.
454 2696 491 2726 of
505 2696 666 2735 Utrecht‚
685 2697 826 2727 Gisbert

70 2738 266 2769 Brederode
306 2739 470 2779 (†1475);
502 2740 582 2769 who
619 2740 827 2779 practically

69 2781 212 2817 retired,
237 2781 378 2822 leaving
410 2782 525 2813 David
556 2783 595 2812 in
628 2784 825 2822 possession

70 2824 109 2854 of
134 2825 196 2854 the
226 2834 293 2862 see,
325 2826 444 2855 which
474 2826 519 2856 he
549 2826 634 2856 thus
660 2826 746 2856 held
773 2828 827 2857 for

69 2878 111 2906 39
126 2877 239 2907 years.
286 2868 352 2898 For
367 2878 462 2899 some
483 2869 520 2899 of
534 2869 596 2899 the
618 2870 776 2900 troubles
791 2871 829 2901 of

69 2912 126 2941 his
142 2911 229 2941 time
247 2920 304 2941 see
320 2912 382 2951 Ep.
395 2922 447 2942 20.
463 2922 524 2951 109
536 2922 570 2943 n.
606 2913 640 2942 It
653 2923 724 2943 was
734 2913 825 2944 from

69 2954 146 2985 him
164 2955 245 2985 that
261 2954 429 2985 Erasmus
445 2956 604 2986 received
620 2957 824 2987 ordination

898 2479 968 2513 (see
984 2478 1052 2510 vol.
1069 2479 1092 2515 i,
1114 2489 1146 2519 p.
1166 2479 1253 2517 5883
1277 2479 1321 2510 cf.
1338 2479 1400 2519 Ep.
1420 2479 1496 2518 645.
1523 2489 1564 2518 23
1589 2479 1654 2517 n).

895 2522 1030 2553 Wessel
1054 2524 1091 2553 of
1119 2524 1325 2561 Groningen
1353 2532 1425 2554 was
1449 2525 1502 2554 sor
1525 2533 1545 2554 a
1568 2524 1654 2553 time

894 2566 952 2596 his
988 2566 1175 2606 physic-ian
1207 2566 1387 2604 (Wessel's
1414 2569 1520 2605 Opera,
1558 2568 1652 2605 1617,

894 2610 934 2641 1⁰.
951 2620 967 2639 *
981 2609 1040 2649 22⁷).
1086 2610 1149 2639 See
1170 2618 1191 2639 a
1213 2609 1337 2640 sketeh
1355 2609 1393 2640 of
1413 2610 1490 2640 him
1507 2610 1653 2640 written

893 2653 940 2692 by
956 2654 1042 2684 Arn.
1064 2653 1278 2691 Heymricus
1297 2653 1334 2683 of
1355 2653 1489 2687 Cleves.
1512 2663 1547 2683 11
1566 2653 1653 2692 July

896 2697 978 2735 1476
1011 2696 1204 2735 (Deventer
1233 2697 1304 2727 MS.
1337 2698 1403 2735 983
1432 2697 1577 2736 printed
1607 2697 1654 2736 by

893 2740 934 2770 G.
953 2740 1122 2772 Dumbar.
1148 2742 1307 2778 Analecta,
1328 2750 1418 2779 1719,
1439 2741 1460 2770 i.
1481 2749 1544 2778 393
1561 2746 1651 2779 seq.)

893 2783 963 2813 and
1000 2792 1068 2812 van
1107 2783 1280 2814 Heussen.
1328 2784 1494 2813 Erasmus
1531 2783 1653 2813 writes

892 2826 1040 2865 warmly
1064 2826 1102 2856 of
1122 2827 1208 2856 both
1230 2827 1393 2857 brothers
1415 2827 1451 2856 in
1474 2826 1535 2857 the
1552 2829 1650 2863 Epist.

892 2873 997 2900 contra
1010 2872 1308 2908 Pseudeuanyelicoe,
1326 2879 1416 2907 1529,
1432 2869 1500 2900 LB.
1518 2879 1550 2899 x.
1570 2879 1652 2908 1573

892 2922 937 2943 AB
949 2924 956 2951 ς
967 2913 1009 2943 cf.
1024 2922 1045 2942 1.
1055 2923 1087 2952 p.
1102 2923 1150 2951 43.
1159 2923 1276 2952 29-34.
1301 2913 1374 2943 The
1384 2913 1450 2951 gift
1461 2914 1499 2943 of
1507 2913 1652 2943 David’s

893 2957 955 2987 liat
973 2957 1140 2986 Erasmus
1155 2956 1218 2987 did
1234 2959 1295 2987 not
1312 2956 1448 2995 greatly
1465 2957 1577 2987 value.

1683 369 1700 400 5

1684 695 1722 717 10

1683 1023 1720 1054 15

1682 1348 1720 1369 20

1679 2002 1718 2032 30
