2034 3433
282 126 357 163 184
739 120 991 161 LETTERS
1031 120 1099 158 OF
1137 117 1403 157 ERASMUS
1745 113 1868 168 [1518

223 247 262 268 10
277 229 430 268 frustra
449 243 515 268 me
534 229 691 279 penitet
710 226 852 265 libello
872 225 966 273 plus
988 222 1205 261 duodecies
1221 233 1380 259 excuso.
1441 219 1556 258 Illud
1585 220 1775 268 demiror,
1798 233 1869 258 eur

278 295 467 333 omnium
494 294 573 332 soli
602 290 796 330 monachi
821 292 862 327 et
887 287 1071 336 theologi
1094 285 1371 324 offendantur.
1430 285 1499 323 An
1527 297 1673 322 omnes
1699 297 1743 322 se
1765 285 1870 323 tales

277 362 504 409 agnoscunt
524 358 664 407 quales
684 356 770 394 illic
792 353 975 392 describo
988 353 1008 389 ⁸?
1065 351 1265 390 Summus
1284 349 1480 388 Pontifex
1498 349 1676 399 perlegit
1695 349 1872 388 Moriam

277 427 318 462 et
347 424 450 462 risit.
507 424 688 461 Tantum
717 420 795 457 hoc
823 418 998 456 adiecit:
1031 416 1224 455 ‘Gaudeo
1242 416 1250 431 ³
1280 415 1429 465 inquit,
1465 415 1679 452 ‘nostrum
1709 427 1872 464 quoque

278 489 498 526 Erasmum
529 499 617 524 esse
650 487 695 523 111
729 483 909 529 Moria’3
938 484 981 520 et
1013 484 1154 520 tamen
1189 480 1330 518 nullos
1363 479 1551 518 acerbius
1581 481 1713 518 tracto
1747 492 1873 528 quani

224 566 259 598 15
277 552 500 601 pontifices.
560 550 685 589 Absit
723 562 745 587 a
783 561 850 586 me
889 547 1078 586 studium
1115 546 1413 585 maledicentie.
1475 545 1593 593 Quod
1632 545 1669 584 si
1706 544 1875 583 libuerit

277 617 501 655 describere
535 615 744 663 theologos
784 626 829 651 ac
872 612 1109 659 monachos,
1146 610 1377 649 cuiusmodi
1415 610 1600 661 plerique
1638 612 1748 658 sunt,
1782 612 1875 648 tum

276 683 446 719 demum
467 680 724 730 apparuisset
743 692 869 729 quam
889 678 1067 716 ciuiliter
1087 678 1136 715 de
1157 678 1224 715 his
1243 677 1381 715 locuta
1399 677 1456 715 sit
1474 676 1614 715 Moria.

331 747 447 795 Quod
477 749 619 785 autem
658 747 703 784 in
743 744 896 783 scholis
939 742 1144 794 legatum),
1181 743 1354 781 antehac
1394 756 1609 792 nunquam
1649 743 1755 781 mihi
1794 743 1875 781 fuit

276 812 476 851 auditum.
538 812 592 850 Et
629 813 771 849 tamen
810 810 900 848 caui
939 823 991 847 ne
1029 810 1127 859 quid
1165 809 1252 847 illic
1285 810 1393 847 esset
1423 809 1534 858 quod
1567 821 1659 846 eam
1689 808 1876 847 inficeret

223 893 261 914 20
274 879 463 915 aetatem.
520 877 691 915 Etenim
724 876 834 925 quod
864 878 911 914 tu
943 875 1066 913 times
1097 888 1148 912 ne
1180 888 1227 913 ea
1259 874 1365 912 lecta
1402 873 1637 912 alienentur
1672 875 1724 913 ab
1759 874 1876 912 omni

275 941 485 992 religione,
509 955 594 980 non
614 942 715 980 satis
733 941 926 990 intelligo
945 940 1044 990 quid
1064 940 1144 978 sibi
1163 939 1298 978 velit?
1353 939 1425 976 An
1437 938 1629 988 protinus
1644 939 1875 988 periculum

275 1010 336 1045 est
348 1021 400 1046 ne
414 1010 499 1046 tota
511 1007 653 1057 religio
666 1007 889 1057 displiceat,
905 1007 942 1044 si
958 1005 1056 1056 quid
1074 1005 1234 1043 dicatur
1248 1005 1294 1042 in
1306 1003 1623 1055 supersti<ti>ose
1635 1004 1876 1054 religiosos?

274 1074 414 1122 Atque
441 1073 606 1111 vtinam
649 1085 792 1111 omnes
832 1071 903 1122 qui
938 1084 1049 1109 nunc
1087 1070 1269 1119 religiosi
1304 1072 1514 1118 vocantur,
1558 1083 1604 1107 eo
1639 1070 1758 1120 digni
1791 1071 1875 1109 sint

276 1138 518 1187 cognomine
535 1139 543 1176 !
593 1137 685 1175 Imo
706 1137 841 1175 dicam
861 1136 1045 1184 liberius,
1071 1136 1234 1173 vtinam
1255 1134 1335 1185 ipsi
1353 1135 1585 1173 sacerdotes
1604 1135 1810 1185 prophani
1829 1149 1875 1174 ac

220 1217 258 1249 ²5
274 1203 557 1251 promiscuum
582 1202 736 1252 vulgus
766 1201 825 1240 ita
856 1214 1000 1240 veram
1031 1201 1188 1240 Christi
1222 1200 1468 1249 religionem
1500 1202 1689 1249 sectetur,
1725 1203 1772 1239 vt
1805 1202 1875 1251 qui

275 1280 386 1306 1111110
406 1268 485 1306 5011
504 1267 687 1317 religiosi
707 1267 914 1312 dicuntur,
931 1279 1015 1304 non
1036 1265 1259 1305 videantur
1279 1265 1480 1315 religiosi!
1538 1265 1719 1305 Mundus
1737 1280 1876 1306 mona-

276 1332 412 1370 steriis
432 1333 585 1382 vbique
605 1332 765 1382 plenus.
808 1331 892 1369 Nec
911 1334 1053 1370 tamen
1075 1331 1211 1369 vllum
1230 1330 1419 1369 instituti
1443 1343 1575 1380 genus
1596 1331 1749 1371 damno
1766 1347 1775 1371 :
1804 1333 1873 1371 sed

273 1397 362 1446 ipse
382 1397 600 1436 subducite
629 1411 754 1447 quam
784 1397 904 1446 pauci
932 1397 977 1435 in
1006 1397 1072 1435 his
1101 1396 1173 1446 qui
1202 1398 1337 1446 preter
1365 1396 1528 1435 cultum
1557 1398 1597 1435 et
1622 1399 1875 1437 ceremonias

275 1463 495 1512 quicquam
523 1463 702 1501 habeant
730 1476 825 1501 vere
855 1462 1091 1511 religionis;
1119 1460 1339 1513 (plerique)
1364 1462 1587 1512 plusquam
1610 1464 1872 1502 mundanum

219 1543 259 1574 30
274 1527 489 1566 hominem
508 1529 668 1578 gerunt.
728 1527 816 1576 Ego
836 1527 996 1566 nullius
1014 1527 1148 1565 adhuc
1169 1527 1355 1565 hominis
1374 1527 1529 1565 famam
1547 1529 1682 1566 atram
1701 1529 1871 1567 reddidi.

276 1592 329 1630 In
349 1593 585 1630 communia
604 1594 644 1630 et
664 1593 859 1630 omnibus
879 1592 1096 1631 notissima
1115 1592 1359 1631 mortalium
1379 1592 1484 1630 vicia
1503 1592 1597 1631 lusi.

328 1657 382 1695 Et
402 1658 543 1695 tamen
572 1658 617 1695 in
647 1657 791 1695 ceteris
818 1658 990 1706 posthac
1009 1670 1128 1707 agam
1150 1657 1414 1695 moderatius.
1476 1657 1592 1705 Quod
1612 1657 1649 1696 si
1667 1658 1758 1696 fieri
1787 1672 1872 1698 non

273 1724 408 1771 potest
428 1724 475 1760 vt
494 1722 586 1760 istis
606 1722 854 1772 quibusdam
874 1723 1134 1768 satisfaciam,
1157 1723 1347 1771 exemplo
1367 1722 1490 1760 Pauli
1519 1736 1586 1761 me
1617 1724 1869 1773 consolabor.

276 1786 348 1835 qui
366 1800 440 1836 per
459 1786 673 1826 infamiam
699 1789 740 1825 et
764 1787 915 1826 bonam
935 1788 1091 1826 famam
1120 1788 1162 1826 id
1192 1788 1299 1837 quod
1326 1789 1486 1825 rectum
1504 1789 1592 1826 erat
1610 1791 1778 1828 secutus
1796 1793 1869 1829 est.

219 1868 257 1899 35
277 1851 394 1890 Certe
422 1851 464 1889 id
494 1864 697 1901 assequor,
726 1854 782 1899 vt,
812 1854 847 1890 si
875 1865 960 1891 non
992 1852 1141 1901 probor
1173 1853 1224 1890 ab
1256 1853 1460 1901 omnibus,
1495 1854 1602 1891 certe
1640 1854 1791 1904 prober
1822 1855 1872 1894 ab

276 1917 446 1966 optimis
470 1930 516 1955 ac
543 1917 750 1956 maximis.
808 1917 864 1956 Et
883 1918 1056 1956 fortasse
1079 1918 1307 1956 laudabunt
1333 1920 1548 1956 mortuum
1576 1932 1699 1969 quem
1719 1920 1872 1959 rodunt

275 1982 430 2022 viuum.
491 1983 603 2022 Bene
642 1983 742 2030 vale,
788 1987 902 2034 pater
941 1984 1108 2034 optime,
1151 1996 1308 2033 nosque
1350 1984 1436 2022 tuis
1475 1985 1664 2034 precibus
1708 1986 1874 2025 Christo

276 2048 527 2087 commenda.
587 2049 764 2087 Louanii
785 2050 995 2098 postridie.
1020 2049 1103 2087 Gal.
1127 2049 1272 2087 Ianua.
1332 2049 1459 2088 Anno
1479 2063 1568 2089 Μ.1).
1595 2054 1652 2088 18.

737 2194 831 2233 750.
894 2192 957 2233 ΤΟ
990 2193 1175 2234 MARTIN
1207 2194 1411 2235 LYPsffls,

324 2294 490 2328 Brussels
509 2293 585 2330 MS.
605 2296 649 2337 48
655 2303 757 2339 50-7,
776 2294 801 2328 f.
824 2305 890 2338 140
909 2295 971 2340 (a).
1536 2296 1759 2344 <Louvain.>

323 2351 509 2387 Deventer
527 2352 602 2387 MS.
623 2362 678 2396 91,
698 2351 722 2387 f.
743 2363 789 2397 49
806 2356 844 2386 v⁰
867 2352 932 2397 (β).
1465 2354 1657 2401 (January
1677 2357 1765 2400 1518
1779 2356 1821 2402 5³>

324 2410 366 2444 D.
388 2423 423 2455 p.
445 2411 529 2446 180:
556 2410 595 2445 F.
613 2423 649 2455 p.
670 2420 757 2456 157:
784 2410 876 2446 HN:
904 2411 1021 2447 Lond.
1039 2411 1094 2448 iii.
1113 2422 1177 2448 22:
1209 2412 1280 2447 LB.
1296 2413 1395 2457 App.
1411 2423 1490 2457 239.

322 2501 423 2542 [This
437 2501 546 2532 letter
561 2502 591 2532 is
609 2502 733 2541 copied
749 2502 795 2541 by
811 2502 914 2541 Lypsi
922 2512 961 2533 us
976 2503 1017 2533 in
1032 2503 1095 2533 the
1112 2503 1274 2535 Brussels
1290 2504 1362 2535 MS.
1377 2505 1453 2544 (Ep.
1467 2506 1532 2543 296
1546 2505 1696 2545 introd.)
1710 2506 1783 2537 and
1798 2506 1872 2538 also

278 2545 324 2583 by
346 2545 455 2576 Hand
479 2545 504 2576 C
525 2545 671 2585 (Nepos)
692 2546 731 2575 in
754 2546 814 2576 the
839 2545 1019 2576 Deventer
1043 2546 1264 2577 letter-book.
1313 2547 1387 2578 The
1411 2551 1482 2578 two
1506 2550 1749 2588 manuscripts
1771 2559 1871 2590 agree

276 2588 407 2628 closely
423 2589 593 2629 together,
613 2588 686 2619 and
701 2589 806 2619 differ
821 2589 948 2620 almost
967 2590 1222 2630 unanimously
1236 2590 1327 2621 from
1343 2590 1404 2621 the
1418 2592 1564 2630 printed
1577 2592 1758 2632 volumes3
1775 2594 1872 2625 their

322 2683 371 2713 18.
398 2682 537 2722 legatur
552 2685 616 2713 LB.
791 2693 842 2713 20.
868 2685 942 2713 LB:
967 2683 1174 2713 alienantur
1190 2686 1257 2714 MS.
1437 2695 1490 2724 23.
1516 2686 1589 2716 sint
1606 2689 1677 2718 LB:
1703 2691 1787 2719 sunt
1801 2691 1868 2719 MS.

276 2735 325 2762 27.
351 2728 471 2757 tamen
486 2729 557 2758 LB:
583 2729 622 2757 tn
638 2729 707 2758 MS.
843 2727 896 2758 28.
921 2726 1106 2757 subducite
1124 2729 1176 2757 LB
1194 2739 1201 2757 :
1232 2727 1410 2759 sublucito
1427 2732 1496 2761 MS.
1629 2741 1682 2770 30.
1707 2731 1779 2771 Ego
1796 2735 1870 2763 LB:

278 2769 366 2808 Ergo
383 2772 451 2801 MS.
582 2779 635 2809 35.
660 2770 786 2810 prober
802 2772 874 2801 LB:
900 2771 1030 2810 probor
1046 2773 1113 2801 MS.

322 2887 369 2907 10.
395 2878 1037 2919 plusduodecies]Roughlyaccurate:
1154 2890 1204 2919 14.
1229 2881 1436 2923 Erasmum]
1454 2884 1505 2914 Cf.
1523 2884 1586 2923 Ep.
1606 2894 1677 2923 739.
1698 2895 1719 2924 9
1736 2895 1770 2916 n.

276 2930 332 2951 500
350 2920 453 2951 BEr2.
1150 2934 1204 2961 24.
1227 2925 1420 2966 prophani]
1437 2937 1475 2958 sc.
1495 2927 1682 2959 seculares.

322 2974 369 2995 12.
396 2964 577 3005 Pontifex]
596 2965 646 2996 Cf.
665 2966 727 3005 Ep.
749 2976 821 3006 739.
845 2976 918 3005 11‚2
934 2977 968 2998 n.
1150 2977 1202 3006 33.
1229 2968 1349 3009 Pauli]
1367 2979 1386 2998 2
1404 2970 1479 3001 Cor.
1497 2971 1528 3000 6.
1545 2971 1574 3000 8.
