<?xml version="1.0" encoding="UTF-8"?>
<!DOCTYPE html PUBLIC "-//W3C//DTD XHTML 1.0 Transitional//EN"
    "http://www.w3.org/TR/xhtml1/DTD/xhtml1-transitional.dtd">
<html xmlns="http://www.w3.org/1999/xhtml" xml:lang="en" lang="en">
 <head>
  <title>
</title>
<meta http-equiv="Content-Type" content="text/html;charset=utf-8" />
  <meta name='ocr-system' content='tesseract 3.04.00' />
  <meta name='ocr-capabilities' content='ocr_page ocr_carea ocr_par ocr_line ocrx_word'/>
</head>
<body>
  <div class='ocr_page' id='page_1' title='image "./opusepistolarumd03erasuoft_0046.png"; bbox 0 0 2034 3433; ppageno 0'>
   <div class='ocr_carea' id='block_1_1' title="bbox 328 135 1906 192">
    <p class='ocr_par' dir='ltr' id='par_1_1' title="bbox 328 135 1906 192">
     <span class='ocr_line' id='line_1_1' title="bbox 328 135 1906 192; baseline 0.001 -18"><span class='ocrx_word' id='word_1_1' title='bbox 328 136 378 175; x_wconf 88' lang='lat'>10</span> <span class='ocrx_word' id='word_1_2' title='bbox 789 137 1036 176; x_wconf 85' lang='lat' dir='ltr'>LETTERS</span> <span class='ocrx_word' id='word_1_3' title='bbox 1074 136 1144 174; x_wconf 87' lang='lat' dir='ltr'>OF</span> <span class='ocrx_word' id='word_1_4' title='bbox 1181 135 1445 177; x_wconf 85' lang='lat' dir='ltr'>ERASMUS</span> <span class='ocrx_word' id='word_1_5' title='bbox 1783 136 1822 192; x_wconf 91' lang='lat'>[1</span> <span class='ocrx_word' id='word_1_6' title='bbox 1832 150 1853 187; x_wconf 89' lang='lat'>5</span> <span class='ocrx_word' id='word_1_7' title='bbox 1863 152 1876 176; x_wconf 91' lang='lat'>1</span> <span class='ocrx_word' id='word_1_8' title='bbox 1886 149 1906 189; x_wconf 91' lang='lat'>7</span> 
     </span>
    </p>
   </div>
   <div class='ocr_carea' id='block_1_2' title="bbox 263 239 1912 1139">
    <p class='ocr_par' dir='ltr' id='par_1_2' title="bbox 325 239 1910 356">
     <span class='ocr_line' id='line_1_2' title="bbox 325 239 1910 296; baseline 0.002 -18"><span class='ocrx_word' id='word_1_9' title='bbox 325 241 455 296; x_wconf 74' lang='lat' dir='ltr'>pfficia</span> <span class='ocrx_word' id='word_1_10' title='bbox 484 254 608 291; x_wconf 88' lang='lat' dir='ltr'>quam</span> <span class='ocrx_word' id='word_1_11' title='bbox 639 240 862 279; x_wconf 87' lang='lat' dir='ltr'>authorum</span> <span class='ocrx_word' id='word_1_12' title='bbox 891 240 1102 289; x_wconf 70' lang='lat' dir='ltr'>veriusque</span> <span class='ocrx_word' id='word_1_13' title='bbox 1136 239 1304 289; x_wconf 85' lang='lat' dir='ltr'>linguae</span> <span class='ocrx_word' id='word_1_14' title='bbox 1333 241 1478 280; x_wconf 87' lang='lat' dir='ltr'>studia.</span> <span class='ocrx_word' id='word_1_15' title='bbox 1537 241 1739 291; x_wconf 81' lang='lat' dir='ltr'>Quicquid</span> <span class='ocrx_word' id='word_1_16' title='bbox 1769 245 1910 282; x_wconf 85' lang='lat' dir='ltr'>autem</span> 
     </span>
     <span class='ocr_line' id='line_1_3' title="bbox 326 304 1910 356; baseline 0 -11"><span class='ocrx_word' id='word_1_17' title='bbox 326 319 447 356; x_wconf 89' lang='lat' dir='ltr'>opere</span> <span class='ocrx_word' id='word_1_18' title='bbox 473 306 695 345; x_wconf 88' lang='lat' dir='ltr'>succisiuae</span> <span class='ocrx_word' id='word_1_19' title='bbox 719 306 914 353; x_wconf 82' lang='lat' dir='ltr'>extiterit,</span> <span class='ocrx_word' id='word_1_20' title='bbox 938 305 1114 343; x_wconf 91' lang='lat' dir='ltr'>Hebreis</span> <span class='ocrx_word' id='word_1_21' title='bbox 1140 304 1317 344; x_wconf 86' lang='lat' dir='ltr'>simulac</span> <span class='ocrx_word' id='word_1_22' title='bbox 1337 305 1612 345; x_wconf 83' lang='lat' dir='ltr'>chaldeorum</span> <span class='ocrx_word' id='word_1_23' title='bbox 1639 307 1910 346; x_wconf 82' lang='lat' dir='ltr'>monimentis</span> 
     </span>
    </p>

    <p class='ocr_par' dir='ltr' id='par_1_3' title="bbox 267 370 1906 475">
     <span class='ocr_line' id='line_1_4' title="bbox 267 370 1906 422; baseline 0.001 -13"><span class='ocrx_word' id='word_1_24' title='bbox 267 389 307 419; x_wconf 76' lang='lat'>30</span> <span class='ocrx_word' id='word_1_25' title='bbox 325 371 492 419; x_wconf 87' lang='lat' dir='ltr'>locabo;</span> <span class='ocrx_word' id='word_1_26' title='bbox 531 372 582 410; x_wconf 88' lang='lat' dir='ltr'>iis</span> <span class='ocrx_word' id='word_1_27' title='bbox 615 371 659 410; x_wconf 89' lang='lat' dir='ltr'>in</span> <span class='ocrx_word' id='word_1_28' title='bbox 693 371 883 418; x_wconf 88' lang='lat' dir='ltr'>transitu,</span> <span class='ocrx_word' id='word_1_29' title='bbox 918 373 1116 420; x_wconf 81' lang='lat' dir='ltr'>tanquam</span> <span class='ocrx_word' id='word_1_30' title='bbox 1149 370 1261 409; x_wconf 86' lang='lat' dir='ltr'>canis</span> <span class='ocrx_word' id='word_1_31' title='bbox 1293 384 1315 409; x_wconf 87' lang='lat' dir='ltr'>e</span> <span class='ocrx_word' id='word_1_32' title='bbox 1348 370 1446 410; x_wconf 87' lang='lat' dir='ltr'>Nilo</span> <span class='ocrx_word' id='word_1_33' title='bbox 1475 372 1622 411; x_wconf 90' lang='lat' dir='ltr'>bibens</span> <span class='ocrx_word' id='word_1_34' title='bbox 1652 372 1906 422; x_wconf 83' lang='lat' dir='ltr'>fugiensque,</span> 
     </span>
     <span class='ocr_line' id='line_1_5' title="bbox 323 436 536 475; baseline 0 -1"><span class='ocrx_word' id='word_1_35' title='bbox 323 436 536 475; x_wconf 83' lang='lat' dir='ltr'>fruiturus.</span> 
     </span>
    </p>

    <p class='ocr_par' dir='ltr' id='par_1_4' title="bbox 325 499 1911 683">
     <span class='ocr_line' id='line_1_6' title="bbox 379 499 1910 551; baseline 0.001 -11"><span class='ocrx_word' id='word_1_36' title='bbox 379 502 440 540; x_wconf 91' lang='lat' dir='ltr'>De</span> <span class='ocrx_word' id='word_1_37' title='bbox 459 501 634 551; x_wconf 88' lang='lat' dir='ltr'>epistola</span> <span class='ocrx_word' id='word_1_38' title='bbox 652 501 830 551; x_wconf 79' lang='lat' dir='ltr'>gratiam</span> <span class='ocrx_word' id='word_1_39' title='bbox 849 501 991 539; x_wconf 86' lang='lat' dir='ltr'>habeo.</span> <span class='ocrx_word' id='word_1_40' title='bbox 1050 499 1128 538; x_wconf 89' lang='lat' dir='ltr'>Est</span> <span class='ocrx_word' id='word_1_41' title='bbox 1147 499 1312 550; x_wconf 81' lang='lat' dir='ltr'>elegans</span> <span class='ocrx_word' id='word_1_42' title='bbox 1337 501 1542 551; x_wconf 86' lang='lat' dir='ltr'>imprimis</span> <span class='ocrx_word' id='word_1_43' title='bbox 1561 504 1610 550; x_wconf 90' lang='lat' dir='ltr'>et,</span> <span class='ocrx_word' id='word_1_44' title='bbox 1632 505 1677 541; x_wconf 88' lang='lat' dir='ltr'>vt</span> <span class='ocrx_word' id='word_1_45' title='bbox 1697 503 1910 541; x_wconf 84' lang='lat' dir='ltr'>vniuersas</span> 
     </span>
     <span class='ocr_line' id='line_1_7' title="bbox 326 564 1911 614; baseline 0.001 -10"><span class='ocrx_word' id='word_1_46' title='bbox 326 566 414 604; x_wconf 88' lang='lat' dir='ltr'>eius</span> <span class='ocrx_word' id='word_1_47' title='bbox 435 567 550 604; x_wconf 89' lang='lat' dir='ltr'>dotes</span> <span class='ocrx_word' id='word_1_48' title='bbox 568 579 650 604; x_wconf 87' lang='lat' dir='ltr'>vno</span> <span class='ocrx_word' id='word_1_49' title='bbox 670 566 794 604; x_wconf 88' lang='lat' dir='ltr'>verbo</span> <span class='ocrx_word' id='word_1_50' title='bbox 813 565 1054 614; x_wconf 88' lang='lat' dir='ltr'>significem,</span> <span class='ocrx_word' id='word_1_51' title='bbox 1076 564 1338 603; x_wconf 89' lang='lat' dir='ltr'>Erasmicum</span> <span class='ocrx_word' id='word_1_52' title='bbox 1363 567 1562 606; x_wconf 85' lang='grc' dir='ltr'>αὐτότατον</span> <span class='ocrx_word' id='word_1_53' title='bbox 1587 567 1755 606; x_wconf 78' lang='lat' dir='ltr'>redolet.</span> <span class='ocrx_word' id='word_1_54' title='bbox 1816 567 1911 606; x_wconf 89' lang='lat' dir='ltr'>Non</span> 
     </span>
     <span class='ocr_line' id='line_1_8' title="bbox 325 629 1911 683; baseline 0.001 -14"><span class='ocrx_word' id='word_1_55' title='bbox 325 634 411 669; x_wconf 93' lang='lat' dir='ltr'>tam</span> <span class='ocrx_word' id='word_1_56' title='bbox 448 631 599 680; x_wconf 88' lang='lat' dir='ltr'>laudas,</span> <span class='ocrx_word' id='word_1_57' title='bbox 644 632 816 670; x_wconf 86' lang='lat' dir='ltr'>Erasme</span> <span class='ocrx_word' id='word_1_58' title='bbox 854 631 926 679; x_wconf 90' lang='lat' dir='ltr'>mi,</span> <span class='ocrx_word' id='word_1_59' title='bbox 967 629 1200 669; x_wconf 83' lang='lat' dir='ltr'>Fabricium</span> <span class='ocrx_word' id='word_1_60' title='bbox 1241 632 1362 669; x_wconf 90' lang='lat' dir='ltr'>tuum</span> <span class='ocrx_word' id='word_1_61' title='bbox 1405 644 1530 681; x_wconf 88' lang='lat' dir='ltr'>quam</span> <span class='ocrx_word' id='word_1_62' title='bbox 1568 633 1619 671; x_wconf 90' lang='lat' dir='ltr'>ad</span> <span class='ocrx_word' id='word_1_63' title='bbox 1658 632 1911 683; x_wconf 83' lang='lat' dir='ltr'>propositam</span> 
     </span>
    </p>

    <p class='ocr_par' dir='ltr' id='par_1_5' title="bbox 268 695 1912 1007">
     <span class='ocr_line' id='line_1_9' title="bbox 268 695 1910 748; baseline 0.001 -15"><span class='ocrx_word' id='word_1_64' title='bbox 268 716 306 746; x_wconf 82' lang='lat'>35</span> <span class='ocrx_word' id='word_1_65' title='bbox 326 696 562 748; x_wconf 85' lang='lat' dir='ltr'>imaginem,</span> <span class='ocrx_word' id='word_1_66' title='bbox 584 698 630 735; x_wconf 88' lang='lat' dir='ltr'>vt</span> <span class='ocrx_word' id='word_1_67' title='bbox 649 696 787 735; x_wconf 89' lang='lat' dir='ltr'>studia</span> <span class='ocrx_word' id='word_1_68' title='bbox 807 709 880 734; x_wconf 90' lang='lat' dir='ltr'>sua</span> <span class='ocrx_word' id='word_1_69' title='bbox 898 696 1115 746; x_wconf 86' lang='lat' dir='ltr'>confingat,</span> <span class='ocrx_word' id='word_1_70' title='bbox 1137 695 1288 734; x_wconf 82' lang='lat' dir='ltr'>excitas</span> <span class='ocrx_word' id='word_1_71' title='bbox 1308 695 1491 746; x_wconf 86' lang='lat' dir='ltr'>mireque</span> <span class='ocrx_word' id='word_1_72' title='bbox 1511 698 1743 737; x_wconf 80' lang='lat' dir='ltr'>extimulas.</span> <span class='ocrx_word' id='word_1_73' title='bbox 1793 697 1910 737; x_wconf 88' lang='lat' dir='ltr'>Soles</span> 
     </span>
     <span class='ocr_line' id='line_1_10' title="bbox 325 760 1910 812; baseline 0 -12"><span class='ocrx_word' id='word_1_74' title='bbox 325 762 447 810; x_wconf 83' lang='lat' dir='ltr'>enim,</span> <span class='ocrx_word' id='word_1_75' title='bbox 471 762 588 812; x_wconf 85' lang='lat' dir='ltr'>quasi</span> <span class='ocrx_word' id='word_1_76' title='bbox 616 775 739 812; x_wconf 90' lang='lat' dir='ltr'>quem</span> <span class='ocrx_word' id='word_1_77' title='bbox 768 774 882 800; x_wconf 86' lang='lat' dir='ltr'>amas</span> <span class='ocrx_word' id='word_1_78' title='bbox 910 761 1199 809; x_wconf 83' lang='lat' dir='ltr'>celebraturus,</span> <span class='ocrx_word' id='word_1_79' title='bbox 1223 760 1442 799; x_wconf 85' lang='lat' dir='ltr'>salubriter</span> <span class='ocrx_word' id='word_1_80' title='bbox 1466 762 1618 811; x_wconf 87' lang='lat' dir='ltr'>pariter</span> <span class='ocrx_word' id='word_1_81' title='bbox 1643 765 1684 801; x_wconf 90' lang='lat' dir='ltr'>et</span> <span class='ocrx_word' id='word_1_82' title='bbox 1713 762 1910 801; x_wconf 83' lang='lat' dir='ltr'>obtectius</span> 
     </span>
     <span class='ocr_line' id='line_1_11' title="bbox 323 826 1912 876; baseline 0 -12"><span class='ocrx_word' id='word_1_83' title='bbox 323 827 552 866; x_wconf 86' lang='lat' dir='ltr'>admonere.</span> <span class='ocrx_word' id='word_1_84' title='bbox 612 827 969 875; x_wconf 82' lang='lat' dir='ltr'>Quemadmodum</span> <span class='ocrx_word' id='word_1_85' title='bbox 997 839 1108 864; x_wconf 88' lang='lat' dir='ltr'>nunc</span> <span class='ocrx_word' id='word_1_86' title='bbox 1137 839 1297 876; x_wconf 92' lang='lat' dir='ltr'>quoque</span> <span class='ocrx_word' id='word_1_87' title='bbox 1325 839 1421 864; x_wconf 90' lang='lat' dir='ltr'>eum</span> <span class='ocrx_word' id='word_1_88' title='bbox 1449 826 1634 876; x_wconf 86' lang='lat' dir='ltr'>pinxisti,</span> <span class='ocrx_word' id='word_1_89' title='bbox 1665 840 1749 865; x_wconf 91' lang='lat' dir='ltr'>non</span> <span class='ocrx_word' id='word_1_90' title='bbox 1777 827 1912 876; x_wconf 88' lang='lat' dir='ltr'>qualis</span> 
     </span>
     <span class='ocr_line' id='line_1_12' title="bbox 324 892 1911 942; baseline 0.001 -12"><span class='ocrx_word' id='word_1_91' title='bbox 324 892 409 941; x_wconf 88' lang='lat' dir='ltr'>ipse</span> <span class='ocrx_word' id='word_1_92' title='bbox 447 906 540 930; x_wconf 91' lang='lat' dir='ltr'>sum</span> <span class='ocrx_word' id='word_1_93' title='bbox 576 893 646 930; x_wconf 91' lang='lat' dir='ltr'>sed</span> <span class='ocrx_word' id='word_1_94' title='bbox 684 892 847 942; x_wconf 87' lang='lat' dir='ltr'>qualem</span> <span class='ocrx_word' id='word_1_95' title='bbox 885 905 952 930; x_wconf 90' lang='lat' dir='ltr'>me</span> <span class='ocrx_word' id='word_1_96' title='bbox 990 892 1181 930; x_wconf 87' lang='lat' dir='ltr'>futurum</span> <span class='ocrx_word' id='word_1_97' title='bbox 1217 893 1395 941; x_wconf 83' lang='lat' dir='ltr'>exoptas.</span> <span class='ocrx_word' id='word_1_98' title='bbox 1471 892 1713 931; x_wconf 83' lang='lat' dir='ltr'>Cuiusmodi</span> <span class='ocrx_word' id='word_1_99' title='bbox 1749 892 1911 931; x_wconf 88' lang='lat' dir='ltr'>decreta</span> 
     </span>
     <span class='ocr_line' id='line_1_13' title="bbox 323 956 1912 1007; baseline -0.001 -11"><span class='ocrx_word' id='word_1_100' title='bbox 323 957 581 996; x_wconf 85' lang='lat' dir='ltr'>sanctissime</span> <span class='ocrx_word' id='word_1_101' title='bbox 613 957 822 996; x_wconf 89' lang='lat' dir='ltr'>recondita</span> <span class='ocrx_word' id='word_1_102' title='bbox 854 971 1017 996; x_wconf 89' lang='lat' dir='ltr'>mecum</span> <span class='ocrx_word' id='word_1_103' title='bbox 1054 958 1263 1007; x_wconf 83' lang='lat' dir='ltr'>exemplar</span> <span class='ocrx_word' id='word_1_104' title='bbox 1298 959 1422 995; x_wconf 88' lang='lat' dir='ltr'>erunt</span> <span class='ocrx_word' id='word_1_105' title='bbox 1460 959 1682 996; x_wconf 88' lang='lat' dir='ltr'>euenturae</span> <span class='ocrx_word' id='word_1_106' title='bbox 1718 956 1838 1005; x_wconf 86' lang='lat' dir='ltr'>vitae,</span> <span class='ocrx_word' id='word_1_107' title='bbox 1876 958 1912 995; x_wconf 89' lang='lat' dir='ltr'>si</span> 
     </span>
    </p>

    <p class='ocr_par' dir='ltr' id='par_1_6' title="bbox 263 1022 1912 1139">
     <span class='ocr_line' id='line_1_14' title="bbox 263 1022 1912 1072; baseline 0.001 -12"><span class='ocrx_word' id='word_1_108' title='bbox 263 1040 305 1070; x_wconf 83' lang='lat'>40</span> <span class='ocrx_word' id='word_1_109' title='bbox 323 1035 445 1072; x_wconf 88' lang='lat' dir='ltr'>quam</span> <span class='ocrx_word' id='word_1_110' title='bbox 475 1024 719 1062; x_wconf 90' lang='lat' dir='ltr'>euenturam</span> <span class='ocrx_word' id='word_1_111' title='bbox 753 1023 945 1062; x_wconf 91' lang='lat' dir='ltr'>diuinum</span> <span class='ocrx_word' id='word_1_112' title='bbox 977 1036 1134 1061; x_wconf 91' lang='lat' dir='ltr'>numen</span> <span class='ocrx_word' id='word_1_113' title='bbox 1171 1023 1397 1062; x_wconf 88' lang='lat' dir='ltr'>donauerit.</span> <span class='ocrx_word' id='word_1_114' title='bbox 1458 1023 1572 1061; x_wconf 91' lang='lat' dir='ltr'>Bene</span> <span class='ocrx_word' id='word_1_115' title='bbox 1609 1022 1715 1071; x_wconf 85' lang='lat' dir='ltr'>vale,</span> <span class='ocrx_word' id='word_1_116' title='bbox 1748 1035 1912 1072; x_wconf 87' lang='lat' dir='ltr'>gemma</span> 
     </span>
     <span class='ocr_line' id='line_1_15' title="bbox 322 1088 1281 1139; baseline 0.002 -13"><span class='ocrx_word' id='word_1_117' title='bbox 322 1090 642 1139; x_wconf 87' lang='lat' dir='ltr'>praeceptorum.</span> <span class='ocrx_word' id='word_1_118' title='bbox 701 1088 885 1128; x_wconf 88' lang='lat' dir='ltr'>Basileae</span> <span class='ocrx_word' id='word_1_119' title='bbox 912 1088 1006 1127; x_wconf 91' lang='lat' dir='ltr'>idus</span> <span class='ocrx_word' id='word_1_120' title='bbox 1034 1089 1134 1127; x_wconf 82' lang='lat' dir='ltr'>Iulii</span> <span class='ocrx_word' id='word_1_121' title='bbox 1167 1098 1281 1137; x_wconf 88' lang='lat'>1517.</span> 
     </span>
    </p>
   </div>
   <div class='ocr_carea' id='block_1_3' title="bbox 709 1229 1526 1274">
    <p class='ocr_par' dir='ltr' id='par_1_7' title="bbox 709 1229 1526 1274">
     <span class='ocr_line' id='line_1_16' title="bbox 709 1229 1526 1274; baseline 0.006 -5"><span class='ocrx_word' id='word_1_122' title='bbox 709 1229 931 1273; x_wconf 60' lang='grc' dir='ltr'>584»59“Ῑ601.</span> <span class='ocrx_word' id='word_1_123' title='bbox 993 1230 1124 1272; x_wconf 75' lang='lat' dir='ltr'>FROM</span> <span class='ocrx_word' id='word_1_124' title='bbox 1155 1230 1349 1272; x_wconf 81' lang='lat' dir='ltr'>THOMAS</span> <span class='ocrx_word' id='word_1_125' title='bbox 1380 1231 1526 1274; x_wconf 80' lang='lat' dir='ltr'>MORE.</span> 
     </span>
    </p>
   </div>
   <div class='ocr_carea' id='block_1_4' title="bbox 371 1330 1860 1438">
    <p class='ocr_par' dir='ltr' id='par_1_8' title="bbox 371 1330 1860 1438">
     <span class='ocr_line' id='line_1_17' title="bbox 371 1330 1778 1379; baseline 0.001 -12"><span class='ocrx_word' id='word_1_126' title='bbox 371 1331 557 1368; x_wconf 86' lang='lat' dir='ltr'>Deventer</span> <span class='ocrx_word' id='word_1_127' title='bbox 573 1331 648 1368; x_wconf 83' lang='lat' dir='ltr'>MS.</span> <span class='ocrx_word' id='word_1_128' title='bbox 668 1342 724 1377; x_wconf 90' lang='lat'>91,</span> <span class='ocrx_word' id='word_1_129' title='bbox 743 1331 781 1367; x_wconf 87' lang='lat' dir='ltr'>ff.</span> <span class='ocrx_word' id='word_1_130' title='bbox 801 1342 845 1378; x_wconf 89' lang='lat'>94</span> <span class='ocrx_word' id='word_1_131' title='bbox 864 1331 914 1379; x_wconf 83' lang='lat' dir='ltr'>(a)</span> <span class='ocrx_word' id='word_1_132' title='bbox 931 1332 1004 1367; x_wconf 84' lang='lat' dir='ltr'>and</span> <span class='ocrx_word' id='word_1_133' title='bbox 1022 1333 1090 1368; x_wconf 87' lang='lat'>218</span> <span class='ocrx_word' id='word_1_134' title='bbox 1109 1335 1148 1366; x_wconf 88' lang='lat' dir='ltr'>v⁰</span> <span class='ocrx_word' id='word_1_135' title='bbox 1164 1330 1230 1379; x_wconf 81' lang='grc' dir='ltr'>(β).</span> <span class='ocrx_word' id='word_1_136' title='bbox 1614 1332 1778 1369; x_wconf 87' lang='lat' dir='ltr'>London.</span> 
     </span>
     <span class='ocr_line' id='line_1_18' title="bbox 371 1390 1860 1438; baseline 0.001 -13"><span class='ocrx_word' id='word_1_137' title='bbox 371 1390 443 1425; x_wconf 92' lang='lat' dir='ltr'>LB.</span> <span class='ocrx_word' id='word_1_138' title='bbox 460 1390 557 1436; x_wconf 88' lang='lat' dir='ltr'>App.</span> <span class='ocrx_word' id='word_1_139' title='bbox 578 1392 656 1434; x_wconf 87' lang='lat'><strong>148.</strong></span> <span class='ocrx_word' id='word_1_140' title='bbox 1540 1393 1582 1427; x_wconf 89' lang='lat'>16</span> <span class='ocrx_word' id='word_1_141' title='bbox 1599 1391 1688 1436; x_wconf 84' lang='lat' dir='ltr'>July</span> <span class='ocrx_word' id='word_1_142' title='bbox 1708 1390 1860 1438; x_wconf 79' lang='lat'>(1517).</span> 
     </span>
    </p>
   </div>
   <div class='ocr_carea' id='block_1_5' title="bbox 323 1482 1909 1610">
    <p class='ocr_par' dir='ltr' id='par_1_9' title="bbox 323 1482 1909 1610">
     <span class='ocr_line' id='line_1_19' title="bbox 368 1482 1909 1523; baseline 0.001 -10"><span class='ocrx_word' id='word_1_143' title='bbox 368 1482 454 1523; x_wconf 88' lang='lat' dir='ltr'>[For</span> <span class='ocrx_word' id='word_1_144' title='bbox 475 1483 538 1513; x_wconf 88' lang='lat' dir='ltr'>the</span> <span class='ocrx_word' id='word_1_145' title='bbox 564 1485 641 1513; x_wconf 85' lang='lat' dir='ltr'>text</span> <span class='ocrx_word' id='word_1_146' title='bbox 668 1482 710 1513; x_wconf 91' lang='lat' dir='ltr'>cf.</span> <span class='ocrx_word' id='word_1_147' title='bbox 739 1483 800 1513; x_wconf 88' lang='lat' dir='ltr'>the</span> <span class='ocrx_word' id='word_1_148' title='bbox 824 1482 1090 1514; x_wconf 83' lang='lat' dir='ltr'>introductions</span> <span class='ocrx_word' id='word_1_149' title='bbox 1117 1485 1152 1514; x_wconf 88' lang='lat' dir='ltr'>to</span> <span class='ocrx_word' id='word_1_150' title='bbox 1180 1484 1267 1523; x_wconf 90' lang='lat' dir='ltr'>Epp.</span> <span class='ocrx_word' id='word_1_151' title='bbox 1295 1492 1359 1523; x_wconf 88' lang='lat'>559</span> <span class='ocrx_word' id='word_1_152' title='bbox 1386 1483 1458 1514; x_wconf 85' lang='lat' dir='ltr'>and</span> <span class='ocrx_word' id='word_1_153' title='bbox 1485 1493 1558 1522; x_wconf 85' lang='lat'>574,</span> <span class='ocrx_word' id='word_1_154' title='bbox 1573 1483 1694 1514; x_wconf 84' lang='lat' dir='ltr'>which</span> <span class='ocrx_word' id='word_1_155' title='bbox 1709 1493 1803 1514; x_wconf 85' lang='lat' dir='ltr'>were</span> <span class='ocrx_word' id='word_1_156' title='bbox 1827 1484 1909 1513; x_wconf 83' lang='lat' dir='ltr'>sent</span> 
     </span>
     <span class='ocr_line' id='line_1_20' title="bbox 323 1526 1908 1567; baseline 0.001 -11"><span class='ocrx_word' id='word_1_157' title='bbox 323 1526 413 1557; x_wconf 84' lang='lat' dir='ltr'>with</span> <span class='ocrx_word' id='word_1_158' title='bbox 437 1526 510 1557; x_wconf 80' lang='lat' dir='ltr'>this</span> <span class='ocrx_word' id='word_1_159' title='bbox 531 1527 644 1558; x_wconf 86' lang='lat' dir='ltr'>letter.</span> <span class='ocrx_word' id='word_1_160' title='bbox 693 1526 730 1560; x_wconf 70' lang='lat'>8²</span> <span class='ocrx_word' id='word_1_161' title='bbox 746 1527 776 1557; x_wconf 88' lang='lat' dir='ltr'>is</span> <span class='ocrx_word' id='word_1_162' title='bbox 796 1527 950 1567; x_wconf 85' lang='lat' dir='ltr'>perhaps</span> <span class='ocrx_word' id='word_1_163' title='bbox 973 1527 1059 1567; x_wconf 90' lang='lat' dir='ltr'>only</span> <span class='ocrx_word' id='word_1_164' title='bbox 1077 1527 1188 1558; x_wconf 79' lang='lat' dir='ltr'>Hand</span> <span class='ocrx_word' id='word_1_165' title='bbox 1210 1528 1239 1558; x_wconf 90' lang='lat' dir='ltr'>B</span> <span class='ocrx_word' id='word_1_166' title='bbox 1255 1529 1453 1567; x_wconf 87' lang='lat' dir='ltr'>correcting</span> <span class='ocrx_word' id='word_1_167' title='bbox 1476 1527 1582 1558; x_wconf 79' lang='lat' dir='ltr'>itself.</span> <span class='ocrx_word' id='word_1_168' title='bbox 1627 1527 1702 1558; x_wconf 87' lang='lat' dir='ltr'>The</span> <span class='ocrx_word' id='word_1_169' title='bbox 1726 1527 1908 1567; x_wconf 82' lang='lat' dir='ltr'>year-date</span> 
     </span>
     <span class='ocr_line' id='line_1_21' title="bbox 324 1569 830 1610; baseline 0.004 -10"><span class='ocrx_word' id='word_1_170' title='bbox 324 1569 354 1599; x_wconf 86' lang='lat' dir='ltr'>is</span> <span class='ocrx_word' id='word_1_171' title='bbox 370 1569 533 1610; x_wconf 82' lang='lat' dir='ltr'>supplied</span> <span class='ocrx_word' id='word_1_172' title='bbox 549 1570 640 1601; x_wconf 87' lang='lat' dir='ltr'>from</span> <span class='ocrx_word' id='word_1_173' title='bbox 657 1569 720 1610; x_wconf 88' lang='lat' dir='ltr'>Ep.</span> <span class='ocrx_word' id='word_1_174' title='bbox 738 1569 830 1610; x_wconf 86' lang='lat'>597.]</span> 
     </span>
    </p>
   </div>
   <div class='ocr_carea' id='block_1_6' title="bbox 562 1670 1670 1702">
    <p class='ocr_par' dir='ltr' id='par_1_10' title="bbox 562 1670 1670 1702">
     <span class='ocr_line' id='line_1_22' title="bbox 562 1670 1670 1702; baseline 0 -1"><span class='ocrx_word' id='word_1_175' title='bbox 562 1671 748 1701; x_wconf 84' lang='lat' dir='ltr'><strong>THOMAS</strong></span> <span class='ocrx_word' id='word_1_176' title='bbox 778 1671 930 1701; x_wconf 77' lang='lat' dir='ltr'><strong>MORVS</strong></span> <span class='ocrx_word' id='word_1_177' title='bbox 961 1671 1003 1702; x_wconf 90' lang='lat' dir='ltr'>D.</span> <span class='ocrx_word' id='word_1_178' title='bbox 1029 1670 1209 1701; x_wconf 87' lang='lat' dir='ltr'>ERASMO</span> <span class='ocrx_word' id='word_1_179' title='bbox 1237 1670 1542 1701; x_wconf 76' lang='lat' dir='ltr'><strong>ROTERODAMO</strong></span> <span class='ocrx_word' id='word_1_180' title='bbox 1574 1670 1608 1702; x_wconf 90' lang='lat' dir='ltr'>S.</span> <span class='ocrx_word' id='word_1_181' title='bbox 1632 1670 1670 1701; x_wconf 88' lang='lat' dir='ltr'>P.</span> 
     </span>
    </p>
   </div>
   <div class='ocr_carea' id='block_1_7' title="bbox 264 1750 1909 2650">
    <p class='ocr_par' dir='ltr' id='par_1_11' title="bbox 323 1750 1908 1998">
     <span class='ocr_line' id='line_1_23' title="bbox 376 1750 1903 1802; baseline -0.001 -12"><span class='ocrx_word' id='word_1_182' title='bbox 376 1751 428 1790; x_wconf 77' lang='lat' dir='ltr'>IN</span> <span class='ocrx_word' id='word_1_183' title='bbox 468 1765 662 1802; x_wconf 87' lang='lat' dir='ltr'>magnam</span> <span class='ocrx_word' id='word_1_184' title='bbox 703 1765 770 1791; x_wconf 91' lang='lat' dir='ltr'>me</span> <span class='ocrx_word' id='word_1_185' title='bbox 811 1751 1137 1791; x_wconf 85' lang='lat' dir='ltr'>sollicitudinem</span> <span class='ocrx_word' id='word_1_186' title='bbox 1178 1751 1396 1799; x_wconf 83' lang='lat' dir='ltr'>coniecisti,</span> <span class='ocrx_word' id='word_1_187' title='bbox 1438 1751 1610 1790; x_wconf 88' lang='lat' dir='ltr'>Erasme</span> <span class='ocrx_word' id='word_1_188' title='bbox 1651 1750 1903 1799; x_wconf 86' lang='lat' dir='ltr'>charissime,</span> 
     </span>
     <span class='ocr_line' id='line_1_24' title="bbox 324 1816 1908 1868; baseline -0.001 -13"><span class='ocrx_word' id='word_1_189' title='bbox 324 1817 523 1867; x_wconf 75' lang='lat' dir='ltr'>proximis</span> <span class='ocrx_word' id='word_1_190' title='bbox 553 1817 703 1856; x_wconf 87' lang='lat' dir='ltr'>litteris</span> <span class='ocrx_word' id='word_1_191' title='bbox 733 1818 817 1857; x_wconf 88' lang='lat' dir='ltr'>tuis</span> <span class='ocrx_word' id='word_1_192' title='bbox 849 1818 960 1868; x_wconf 91' lang='lat' dir='ltr'>(nam</span> <span class='ocrx_word' id='word_1_193' title='bbox 989 1818 1110 1856; x_wconf 88' lang='lat' dir='ltr'>binas</span> <span class='ocrx_word' id='word_1_194' title='bbox 1139 1817 1299 1867; x_wconf 85' lang='lat' dir='ltr'>accepi),</span> <span class='ocrx_word' id='word_1_195' title='bbox 1334 1817 1483 1867; x_wconf 89' lang='lat' dir='ltr'>quibus</span> <span class='ocrx_word' id='word_1_196' title='bbox 1516 1817 1704 1866; x_wconf 84' lang='lat' dir='ltr'>intelligo</span> <span class='ocrx_word' id='word_1_197' title='bbox 1735 1816 1908 1855; x_wconf 91' lang='lat' dir='ltr'>Petrum</span> 
     </span>
     <span class='ocr_line' id='line_1_25' title="bbox 323 1881 1907 1933; baseline -0.001 -13"><span class='ocrx_word' id='word_1_198' title='bbox 323 1884 511 1921; x_wconf 86' lang='lat' dir='ltr'>nostrum</span> <span class='ocrx_word' id='word_1_199' title='bbox 532 1895 663 1933; x_wconf 89' lang='lat' dir='ltr'>neque</span> <span class='ocrx_word' id='word_1_200' title='bbox 689 1884 788 1922; x_wconf 90' lang='lat' dir='ltr'>satis</span> <span class='ocrx_word' id='word_1_201' title='bbox 813 1884 948 1922; x_wconf 86' lang='lat' dir='ltr'>adhuc</span> <span class='ocrx_word' id='word_1_202' title='bbox 968 1897 1055 1922; x_wconf 86' lang='lat' dir='ltr'>esse</span> <span class='ocrx_word' id='word_1_203' title='bbox 1081 1884 1296 1921; x_wconf 87' lang='lat' dir='ltr'>commoda</span> <span class='ocrx_word' id='word_1_204' title='bbox 1313 1882 1562 1930; x_wconf 87' lang='lat' dir='ltr'>valetudine,</span> <span class='ocrx_word' id='word_1_205' title='bbox 1586 1884 1627 1920; x_wconf 89' lang='lat' dir='ltr'>et</span> <span class='ocrx_word' id='word_1_206' title='bbox 1653 1881 1789 1920; x_wconf 89' lang='lat' dir='ltr'>nescio</span> <span class='ocrx_word' id='word_1_207' title='bbox 1808 1881 1907 1931; x_wconf 91' lang='lat' dir='ltr'>quid</span> 
     </span>
     <span class='ocr_line' id='line_1_26' title="bbox 323 1947 1907 1998; baseline -0.001 -12"><span class='ocrx_word' id='word_1_208' title='bbox 323 1950 509 1997; x_wconf 88' lang='lat' dir='ltr'>preterea</span> <span class='ocrx_word' id='word_1_209' title='bbox 527 1949 824 1998; x_wconf 79' lang='lat' dir='ltr'>pertimescere.</span> <span class='ocrx_word' id='word_1_210' title='bbox 868 1949 985 1997; x_wconf 77' lang='lat' dir='ltr'>Quod</span> <span class='ocrx_word' id='word_1_211' title='bbox 1006 1948 1125 1998; x_wconf 87' lang='lat' dir='ltr'>quale</span> <span class='ocrx_word' id='word_1_212' title='bbox 1143 1948 1198 1986; x_wconf 86' lang='lat' dir='ltr'>sit</span> <span class='ocrx_word' id='word_1_213' title='bbox 1216 1950 1263 1986; x_wconf 83' lang='lat' dir='ltr'>vt</span> <span class='ocrx_word' id='word_1_214' title='bbox 1279 1950 1325 1986; x_wconf 89' lang='lat' dir='ltr'>tu</span> <span class='ocrx_word' id='word_1_215' title='bbox 1342 1947 1505 1986; x_wconf 90' lang='lat' dir='ltr'>diuinas</span> <span class='ocrx_word' id='word_1_216' title='bbox 1520 1947 1653 1997; x_wconf 87' lang='lat' dir='ltr'>magis</span> <span class='ocrx_word' id='word_1_217' title='bbox 1673 1961 1796 1997; x_wconf 89' lang='lat' dir='ltr'>quam</span> <span class='ocrx_word' id='word_1_218' title='bbox 1816 1947 1907 1995; x_wconf 90' lang='lat' dir='ltr'>scis,</span> 
     </span>
    </p>

    <p class='ocr_par' dir='ltr' id='par_1_12' title="bbox 285 2012 1909 2324">
     <span class='ocr_line' id='line_1_27' title="bbox 285 2012 1907 2064; baseline -0.001 -13"><span class='ocrx_word' id='word_1_219' title='bbox 285 2030 302 2061; x_wconf 74' lang='lat'>5</span> <span class='ocrx_word' id='word_1_220' title='bbox 322 2012 379 2052; x_wconf 89' lang='lat' dir='ltr'>sic</span> <span class='ocrx_word' id='word_1_221' title='bbox 397 2013 559 2052; x_wconf 88' lang='lat' dir='ltr'>vtinam</span> <span class='ocrx_word' id='word_1_222' title='bbox 579 2014 774 2064; x_wconf 88' lang='lat' dir='ltr'>quicquid</span> <span class='ocrx_word' id='word_1_223' title='bbox 795 2013 883 2063; x_wconf 88' lang='lat' dir='ltr'>ipse</span> <span class='ocrx_word' id='word_1_224' title='bbox 904 2014 1078 2062; x_wconf 86' lang='lat' dir='ltr'>diuinas,</span> <span class='ocrx_word' id='word_1_225' title='bbox 1102 2013 1143 2052; x_wconf 91' lang='lat' dir='ltr'>id</span> <span class='ocrx_word' id='word_1_226' title='bbox 1163 2013 1269 2051; x_wconf 84' lang='lat' dir='ltr'>mih-i</span> <span class='ocrx_word' id='word_1_227' title='bbox 1289 2026 1448 2063; x_wconf 86' lang='lat' dir='ltr'>quoque</span> <span class='ocrx_word' id='word_1_228' title='bbox 1468 2012 1615 2051; x_wconf 85' lang='lat' dir='ltr'>fuisses</span> <span class='ocrx_word' id='word_1_229' title='bbox 1633 2012 1907 2051; x_wconf 85' lang='lat' dir='ltr'>vaticinatus:</span> 
     </span>
     <span class='ocr_line' id='line_1_28' title="bbox 321 2076 1909 2129; baseline 0 -13"><span class='ocrx_word' id='word_1_230' title='bbox 321 2078 393 2128; x_wconf 92' lang='lat' dir='ltr'>qui</span> <span class='ocrx_word' id='word_1_231' title='bbox 415 2091 528 2116; x_wconf 90' lang='lat' dir='ltr'>nunc</span> <span class='ocrx_word' id='word_1_232' title='bbox 547 2092 676 2129; x_wconf 90' lang='lat' dir='ltr'>quum</span> <span class='ocrx_word' id='word_1_233' title='bbox 696 2092 747 2117; x_wconf 90' lang='lat' dir='ltr'>ne</span> <span class='ocrx_word' id='word_1_234' title='bbox 775 2079 962 2118; x_wconf 90' lang='lat' dir='ltr'>diuinare</span> <span class='ocrx_word' id='word_1_235' title='bbox 989 2079 1156 2129; x_wconf 90' lang='lat' dir='ltr'>quidem</span> <span class='ocrx_word' id='word_1_236' title='bbox 1179 2078 1397 2129; x_wconf 89' lang='lat' dir='ltr'>quicquam</span> <span class='ocrx_word' id='word_1_237' title='bbox 1423 2091 1580 2128; x_wconf 89' lang='lat' dir='ltr'>queam,</span> <span class='ocrx_word' id='word_1_238' title='bbox 1602 2079 1649 2116; x_wconf 89' lang='lat' dir='ltr'>vt</span> <span class='ocrx_word' id='word_1_239' title='bbox 1668 2076 1909 2116; x_wconf 87' lang='lat' dir='ltr'>meticulosa</span> 
     </span>
     <span class='ocr_line' id='line_1_29' title="bbox 320 2143 1908 2194; baseline -0.001 -12"><span class='ocrx_word' id='word_1_240' title='bbox 320 2157 385 2182; x_wconf 88' lang='lat' dir='ltr'>res</span> <span class='ocrx_word' id='word_1_241' title='bbox 403 2146 465 2182; x_wconf 90' lang='lat' dir='ltr'>est</span> <span class='ocrx_word' id='word_1_242' title='bbox 484 2156 609 2191; x_wconf 88' lang='lat' dir='ltr'>amor,</span> <span class='ocrx_word' id='word_1_243' title='bbox 631 2144 764 2183; x_wconf 91' lang='lat' dir='ltr'>multa</span> <span class='ocrx_word' id='word_1_244' title='bbox 784 2158 907 2194; x_wconf 89' lang='lat' dir='ltr'>cogor</span> <span class='ocrx_word' id='word_1_245' title='bbox 925 2157 1022 2183; x_wconf 86' lang='lat' dir='ltr'>vero</span> <span class='ocrx_word' id='word_1_246' title='bbox 1042 2144 1211 2183; x_wconf 81' lang='lat' dir='ltr'>fortasse</span> <span class='ocrx_word' id='word_1_247' title='bbox 1231 2144 1431 2182; x_wconf 88' lang='lat' dir='ltr'>deteriora</span> <span class='ocrx_word' id='word_1_248' title='bbox 1450 2144 1646 2183; x_wconf 86' lang='lat' dir='ltr'>metuere.</span> <span class='ocrx_word' id='word_1_249' title='bbox 1702 2143 1811 2181; x_wconf 87' lang='lat' dir='ltr'>Tum</span> <span class='ocrx_word' id='word_1_250' title='bbox 1830 2143 1908 2181; x_wconf 90' lang='lat' dir='ltr'>hoc</span> 
     </span>
     <span class='ocr_line' id='line_1_30' title="bbox 319 2208 1909 2260; baseline 0 -14"><span class='ocrx_word' id='word_1_251' title='bbox 319 2208 426 2246; x_wconf 88' lang='lat' dir='ltr'>male</span> <span class='ocrx_word' id='word_1_252' title='bbox 458 2221 523 2246; x_wconf 91' lang='lat' dir='ltr'>me</span> <span class='ocrx_word' id='word_1_253' title='bbox 554 2209 689 2257; x_wconf 86' lang='lat' dir='ltr'>habet,</span> <span class='ocrx_word' id='word_1_254' title='bbox 725 2209 832 2259; x_wconf 89' lang='lat' dir='ltr'>quod</span> <span class='ocrx_word' id='word_1_255' title='bbox 865 2211 1064 2259; x_wconf 81' lang='lat' dir='ltr'>tanquam</span> <span class='ocrx_word' id='word_1_256' title='bbox 1096 2222 1244 2260; x_wconf 87' lang='lat' dir='ltr'>parum</span> <span class='ocrx_word' id='word_1_257' title='bbox 1281 2209 1489 2248; x_wconf 88' lang='lat' dir='ltr'>malorum</span> <span class='ocrx_word' id='word_1_258' title='bbox 1525 2208 1701 2247; x_wconf 89' lang='lat' dir='ltr'>habeant</span> <span class='ocrx_word' id='word_1_259' title='bbox 1738 2208 1909 2247; x_wconf 87' lang='lat' dir='ltr'>morbus</span> 
     </span>
     <span class='ocr_line' id='line_1_31' title="bbox 319 2273 1908 2324; baseline -0.001 -12"><span class='ocrx_word' id='word_1_260' title='bbox 319 2276 443 2324; x_wconf 88' lang='lat' dir='ltr'>atque</span> <span class='ocrx_word' id='word_1_261' title='bbox 474 2274 698 2323; x_wconf 87' lang='lat' dir='ltr'>aegritudo,</span> <span class='ocrx_word' id='word_1_262' title='bbox 731 2276 869 2313; x_wconf 84' lang='lat' dir='ltr'>vxoris</span> <span class='ocrx_word' id='word_1_263' title='bbox 896 2275 1069 2314; x_wconf 86' lang='lat' dir='ltr'>aborsus</span> <span class='ocrx_word' id='word_1_264' title='bbox 1102 2275 1228 2313; x_wconf 89' lang='lat' dir='ltr'>etiam</span> <span class='ocrx_word' id='word_1_265' title='bbox 1255 2274 1371 2313; x_wconf 85' lang='lat' dir='ltr'>velut</span> <span class='ocrx_word' id='word_1_266' title='bbox 1400 2274 1445 2312; x_wconf 88' lang='lat' dir='ltr'>in</span> <span class='ocrx_word' id='word_1_267' title='bbox 1478 2274 1694 2312; x_wconf 91' lang='lat' dir='ltr'>cumulum</span> <span class='ocrx_word' id='word_1_268' title='bbox 1726 2273 1908 2312; x_wconf 85' lang='lat' dir='ltr'>adiectus</span> 
     </span>
    </p>

    <p class='ocr_par' dir='ltr' id='par_1_13' title="bbox 264 2338 1908 2650">
     <span class='ocr_line' id='line_1_32' title="bbox 264 2338 1907 2390; baseline -0.001 -13"><span class='ocrx_word' id='word_1_269' title='bbox 264 2355 302 2377; x_wconf 86' lang='lat'>10</span> <span class='ocrx_word' id='word_1_270' title='bbox 320 2341 392 2378; x_wconf 88' lang='lat' dir='ltr'>est.</span> <span class='ocrx_word' id='word_1_271' title='bbox 461 2339 566 2378; x_wconf 92' lang='lat' dir='ltr'>Vide</span> <span class='ocrx_word' id='word_1_272' title='bbox 600 2353 726 2390; x_wconf 86' lang='lat' dir='ltr'>quam</span> <span class='ocrx_word' id='word_1_273' title='bbox 757 2340 902 2389; x_wconf 89' lang='lat' dir='ltr'>iniqua</span> <span class='ocrx_word' id='word_1_274' title='bbox 933 2341 994 2379; x_wconf 90' lang='lat' dir='ltr'>est</span> <span class='ocrx_word' id='word_1_275' title='bbox 1026 2353 1166 2378; x_wconf 89' lang='lat' dir='ltr'>rerum</span> <span class='ocrx_word' id='word_1_276' title='bbox 1197 2339 1440 2378; x_wconf 81' lang='lat' dir='ltr'>vicissitudo</span> <span class='ocrx_word' id='word_1_277' title='bbox 1472 2339 1721 2386; x_wconf 86' lang='lat' dir='ltr'>mortalium,</span> <span class='ocrx_word' id='word_1_278' title='bbox 1757 2338 1907 2388; x_wconf 92' lang='lat' dir='ltr'>quibus</span> 
     </span>
     <span class='ocr_line' id='line_1_33' title="bbox 320 2404 1908 2455; baseline -0.001 -13"><span class='ocrx_word' id='word_1_279' title='bbox 320 2418 449 2454; x_wconf 90' lang='lat' dir='ltr'>quum</span> <span class='ocrx_word' id='word_1_280' title='bbox 477 2418 668 2454; x_wconf 90' lang='lat' dir='ltr'>prospera</span> <span class='ocrx_word' id='word_1_281' title='bbox 696 2418 779 2443; x_wconf 91' lang='lat' dir='ltr'>non</span> <span class='ocrx_word' id='word_1_282' title='bbox 814 2406 895 2443; x_wconf 88' lang='lat' dir='ltr'>nisi</span> <span class='ocrx_word' id='word_1_283' title='bbox 925 2405 1081 2444; x_wconf 90' lang='lat' dir='ltr'>sensim</span> <span class='ocrx_word' id='word_1_284' title='bbox 1111 2406 1234 2454; x_wconf 88' lang='lat' dir='ltr'>atque</span> <span class='ocrx_word' id='word_1_285' title='bbox 1264 2404 1469 2455; x_wconf 87' lang='lat' dir='ltr'>gradatim</span> <span class='ocrx_word' id='word_1_286' title='bbox 1497 2404 1706 2452; x_wconf 86' lang='lat' dir='ltr'>adrepant,</span> <span class='ocrx_word' id='word_1_287' title='bbox 1738 2404 1908 2441; x_wconf 88' lang='lat' dir='ltr'>aduersa</span> 
     </span>
     <span class='ocr_line' id='line_1_34' title="bbox 319 2467 1907 2521; baseline -0.001 -14"><span class='ocrx_word' id='word_1_288' title='bbox 319 2470 503 2508; x_wconf 86' lang='lat' dir='ltr'>cunctim</span> <span class='ocrx_word' id='word_1_289' title='bbox 524 2470 719 2519; x_wconf 87' lang='lat' dir='ltr'>ingerunt</span> <span class='ocrx_word' id='word_1_290' title='bbox 734 2484 829 2519; x_wconf 84' lang='lat' dir='ltr'>sese,</span> <span class='ocrx_word' id='word_1_291' title='bbox 849 2484 1016 2521; x_wconf 89' lang='lat' dir='ltr'>raroque</span> <span class='ocrx_word' id='word_1_292' title='bbox 1035 2469 1181 2508; x_wconf 83' lang='lat' dir='ltr'>accidit</span> <span class='ocrx_word' id='word_1_293' title='bbox 1196 2471 1243 2508; x_wconf 75' lang='lat' dir='ltr'>vt</span> <span class='ocrx_word' id='word_1_294' title='bbox 1258 2470 1418 2508; x_wconf 89' lang='lat' dir='ltr'>malum</span> <span class='ocrx_word' id='word_1_295' title='bbox 1437 2468 1601 2518; x_wconf 87' lang='lat' dir='ltr'>aliquod</span> <span class='ocrx_word' id='word_1_296' title='bbox 1615 2467 1907 2506; x_wconf 89' lang='lat' dir='ltr'>incomitatum</span> 
     </span>
     <span class='ocr_line' id='line_1_35' title="bbox 318 2533 1906 2583; baseline -0.002 -10"><span class='ocrx_word' id='word_1_297' title='bbox 318 2535 467 2574; x_wconf 79' lang='lat' dir='ltr'>veniat.</span> <span class='ocrx_word' id='word_1_298' title='bbox 527 2534 605 2573; x_wconf 85' lang='lat' dir='ltr'>Sed</span> <span class='ocrx_word' id='word_1_299' title='bbox 627 2536 767 2572; x_wconf 88' lang='lat' dir='ltr'>tamen</span> <span class='ocrx_word' id='word_1_300' title='bbox 783 2537 828 2574; x_wconf 88' lang='lat' dir='ltr'>vt</span> <span class='ocrx_word' id='word_1_301' title='bbox 847 2537 945 2574; x_wconf 87' lang='lat' dir='ltr'>sunt</span> <span class='ocrx_word' id='word_1_302' title='bbox 959 2549 1028 2573; x_wconf 84' lang='lat' dir='ltr'>res</span> <span class='ocrx_word' id='word_1_303' title='bbox 1045 2535 1251 2573; x_wconf 80' lang='lat' dir='ltr'>humanae</span> <span class='ocrx_word' id='word_1_304' title='bbox 1269 2533 1491 2572; x_wconf 86' lang='lat' dir='ltr'>mutabiles</span> <span class='ocrx_word' id='word_1_305' title='bbox 1511 2546 1644 2583; x_wconf 89' lang='lat' dir='ltr'>neque</span> <span class='ocrx_word' id='word_1_306' title='bbox 1663 2533 1799 2571; x_wconf 89' lang='lat' dir='ltr'>omnis</span> <span class='ocrx_word' id='word_1_307' title='bbox 1819 2533 1906 2571; x_wconf 89' lang='lat' dir='ltr'>dies</span> 
     </span>
     <span class='ocr_line' id='line_1_36' title="bbox 320 2597 1906 2650; baseline -0.002 -12"><span class='ocrx_word' id='word_1_308' title='bbox 320 2613 506 2648; x_wconf 89' lang='lat' dir='ltr'>nouerca,</span> <span class='ocrx_word' id='word_1_309' title='bbox 529 2613 645 2650; x_wconf 87' lang='lat' dir='ltr'>spero</span> <span class='ocrx_word' id='word_1_310' title='bbox 673 2600 759 2638; x_wconf 88' lang='lat' dir='ltr'>fore</span> <span class='ocrx_word' id='word_1_311' title='bbox 787 2603 834 2638; x_wconf 87' lang='lat' dir='ltr'>vt</span> <span class='ocrx_word' id='word_1_312' title='bbox 864 2601 1000 2640; x_wconf 90' lang='lat' dir='ltr'>omnis</span> <span class='ocrx_word' id='word_1_313' title='bbox 1027 2600 1115 2638; x_wconf 89' lang='lat' dir='ltr'>eius</span> <span class='ocrx_word' id='word_1_314' title='bbox 1143 2599 1334 2638; x_wconf 88' lang='lat' dir='ltr'>molestia</span> <span class='ocrx_word' id='word_1_315' title='bbox 1361 2611 1512 2648; x_wconf 87' lang='lat' dir='ltr'>magno</span> <span class='ocrx_word' id='word_1_316' title='bbox 1540 2597 1733 2648; x_wconf 88' lang='lat' dir='ltr'>quopiam</span> <span class='ocrx_word' id='word_1_317' title='bbox 1763 2611 1906 2636; x_wconf 86' lang='lat' dir='ltr'>rursus</span> 
     </span>
    </p>
   </div>
   <div class='ocr_carea' id='block_1_8' title="bbox 320 2703 1905 2835">
    <p class='ocr_par' dir='ltr' id='par_1_14' title="bbox 320 2703 1905 2835">
     <span class='ocr_line' id='line_1_37' title="bbox 364 2703 1905 2748; baseline -0.001 -9"><span class='ocrx_word' id='word_1_318' title='bbox 364 2709 437 2740; x_wconf 87' lang='lat'><strong>600.</strong></span> <span class='ocrx_word' id='word_1_319' title='bbox 463 2718 514 2748; x_wconf 84' lang='lat'>29.</span> <span class='ocrx_word' id='word_1_320' title='bbox 539 2708 738 2739; x_wconf 86' lang='lat' dir='ltr'>subcisiuae</span> <span class='ocrx_word' id='word_1_321' title='bbox 755 2710 831 2739; x_wconf 81' lang='lat' dir='ltr'>coni.</span> <span class='ocrx_word' id='word_1_322' title='bbox 851 2711 926 2740; x_wconf 88' lang='lat' dir='ltr'>LB:</span> <span class='ocrx_word' id='word_1_323' title='bbox 949 2709 1167 2740; x_wconf 85' lang='lat' dir='ltr'>successiuae</span> <span class='ocrx_word' id='word_1_324' title='bbox 1182 2710 1250 2739; x_wconf 84' lang='lat' dir='ltr'>MS.</span> <span class='ocrx_word' id='word_1_325' title='bbox 1367 2706 1442 2738; x_wconf 87' lang='lat'>601.</span> <span class='ocrx_word' id='word_1_326' title='bbox 1467 2715 1497 2745; x_wconf 88' lang='lat'>5.</span> <span class='ocrx_word' id='word_1_327' title='bbox 1521 2715 1661 2745; x_wconf 89' lang='lat' dir='ltr'>quoque</span> <span class='ocrx_word' id='word_1_328' title='bbox 1677 2703 1755 2740; x_wconf 75' lang='lat' dir='ltr'>aB’:</span> <span class='ocrx_word' id='word_1_329' title='bbox 1779 2716 1840 2738; x_wconf 89' lang='lat' dir='ltr'>om.</span> <span class='ocrx_word' id='word_1_330' title='bbox 1856 2705 1905 2741; x_wconf 75' lang='grc' dir='ltr'>ΒῙ.</span> 
     </span>
     <span class='ocr_line' id='line_1_38' title="bbox 320 2748 1900 2793; baseline -0.005 -6"><span class='ocrx_word' id='word_1_331' title='bbox 320 2753 350 2782; x_wconf 88' lang='grc'>8-</span> <span class='ocrx_word' id='word_1_332' title='bbox 379 2753 522 2783; x_wconf 75' lang='lat' dir='ltr'>morbus</span> <span class='ocrx_word' id='word_1_333' title='bbox 538 2750 598 2786; x_wconf 62' lang='grc' dir='ltr'>(ιβ’</span> <span class='ocrx_word' id='word_1_334' title='bbox 613 2762 620 2782; x_wconf 76' lang='lat'>2</span> <span class='ocrx_word' id='word_1_335' title='bbox 644 2752 801 2782; x_wconf 81' lang='lat' dir='ltr'>moribus</span> <span class='ocrx_word' id='word_1_336' title='bbox 817 2751 864 2786; x_wconf 71' lang='lat'>13¹.</span> <span class='ocrx_word' id='word_1_337' title='bbox 982 2763 1014 2793; x_wconf 93' lang='lat'>9.</span> <span class='ocrx_word' id='word_1_338' title='bbox 1038 2753 1185 2784; x_wconf 86' lang='lat' dir='ltr'>abortus</span> <span class='ocrx_word' id='word_1_339' title='bbox 1201 2753 1264 2783; x_wconf 84' lang='lat' dir='ltr'>LB.</span> <span class='ocrx_word' id='word_1_340' title='bbox 1353 2749 1540 2781; x_wconf 88' lang='lat' dir='ltr'>cumulum</span> <span class='ocrx_word' id='word_1_341' title='bbox 1556 2748 1616 2785; x_wconf 75' lang='grc' dir='ltr'>οιβ2</span> <span class='ocrx_word' id='word_1_342' title='bbox 1630 2759 1639 2781; x_wconf 77' lang='lat' dir='ltr'><em>z</em></span> <span class='ocrx_word' id='word_1_343' title='bbox 1661 2749 1840 2780; x_wconf 88' lang='lat' dir='ltr'>cumelum</span> <span class='ocrx_word' id='word_1_344' title='bbox 1853 2748 1900 2784; x_wconf 73' lang='lat' dir='ltr'>fil.</span> 
     </span>
     <span class='ocr_line' id='line_1_39' title="bbox 322 2794 729 2835; baseline 0 -9"><span class='ocrx_word' id='word_1_345' title='bbox 322 2805 374 2827; x_wconf 84' lang='lat'>12.</span> <span class='ocrx_word' id='word_1_346' title='bbox 397 2794 477 2830; x_wconf 65' lang='lat'>013²:</span> <span class='ocrx_word' id='word_1_347' title='bbox 501 2796 666 2835; x_wconf 85' lang='lat' dir='ltr'>ingerant</span> <span class='ocrx_word' id='word_1_348' title='bbox 682 2794 729 2829; x_wconf 75' lang='grc' dir='ltr'>βῙ.</span> 
     </span>
    </p>
   </div>
   <div class='ocr_carea' id='block_1_9' title="bbox 321 2898 1901 3029">
    <p class='ocr_par' dir='ltr' id='par_1_15' title="bbox 321 2898 1901 3029">
     <span class='ocr_line' id='line_1_40' title="bbox 363 2898 1819 2942; baseline 0 -10"><span class='ocrx_word' id='word_1_349' title='bbox 363 2901 440 2932; x_wconf 85' lang='grc'>600.</span> <span class='ocrx_word' id='word_1_350' title='bbox 465 2912 517 2941; x_wconf 86' lang='lat'>30.</span> <span class='ocrx_word' id='word_1_351' title='bbox 544 2902 659 2942; x_wconf 86' lang='lat' dir='ltr'>canis]</span> <span class='ocrx_word' id='word_1_352' title='bbox 679 2902 730 2933; x_wconf 87' lang='lat' dir='ltr'>Cf.</span> <span class='ocrx_word' id='word_1_353' title='bbox 748 2904 850 2940; x_wconf 67' lang='grc' dir='ltr'><em>Δάας.</em></span> <span class='ocrx_word' id='word_1_354' title='bbox 868 2903 941 2933; x_wconf 83' lang='lat'>880.</span> <span class='ocrx_word' id='word_1_355' title='bbox 1183 2900 1259 2932; x_wconf 85' lang='grc'><strong>601.</strong></span> <span class='ocrx_word' id='word_1_356' title='bbox 1287 2910 1316 2939; x_wconf 88' lang='grc'>7.</span> <span class='ocrx_word' id='word_1_357' title='bbox 1342 2898 1457 2941; x_wconf 85' lang='lat' dir='ltr'>amor]</span> <span class='ocrx_word' id='word_1_358' title='bbox 1474 2899 1524 2931; x_wconf 88' lang='lat' dir='ltr'>Cf.</span> <span class='ocrx_word' id='word_1_359' title='bbox 1545 2899 1606 2931; x_wconf 88' lang='lat' dir='ltr'>Ov.</span> <span class='ocrx_word' id='word_1_360' title='bbox 1626 2901 1699 2931; x_wconf 83' lang='lat' dir='ltr'>Her.</span> <span class='ocrx_word' id='word_1_361' title='bbox 1721 2909 1747 2932; x_wconf 89' lang='lat'>1.</span> <span class='ocrx_word' id='word_1_362' title='bbox 1770 2910 1819 2932; x_wconf 85' lang='lat'>12.</span> 
     </span>
     <span class='ocr_line' id='line_1_41' title="bbox 363 2943 1901 2986; baseline 0.001 -11"><span class='ocrx_word' id='word_1_363' title='bbox 363 2956 415 2985; x_wconf 82' lang='lat'>32.</span> <span class='ocrx_word' id='word_1_364' title='bbox 439 2944 603 2986; x_wconf 81' lang='lat' dir='ltr'>epistola]</span> <span class='ocrx_word' id='word_1_365' title='bbox 643 2945 707 2984; x_wconf 89' lang='lat' dir='ltr'>Ep.</span> <span class='ocrx_word' id='word_1_366' title='bbox 743 2954 817 2985; x_wconf 88' lang='lat'>541,</span> <span class='ocrx_word' id='word_1_367' title='bbox 847 2946 966 2977; x_wconf 85' lang='lat' dir='ltr'>which</span> <span class='ocrx_word' id='word_1_368' title='bbox 1003 2945 1076 2977; x_wconf 79' lang='lat' dir='ltr'>had</span> <span class='ocrx_word' id='word_1_369' title='bbox 1189 2954 1237 2982; x_wconf 88' lang='lat'>14.</span> <span class='ocrx_word' id='word_1_370' title='bbox 1264 2944 1431 2985; x_wconf 88' lang='lat' dir='ltr'>nouerca]</span> <span class='ocrx_word' id='word_1_371' title='bbox 1450 2943 1501 2975; x_wconf 87' lang='lat' dir='ltr'>Cf.</span> <span class='ocrx_word' id='word_1_372' title='bbox 1515 2943 1601 2975; x_wconf 86' lang='lat' dir='ltr'>Hes.</span> <span class='ocrx_word' id='word_1_373' title='bbox 1617 2946 1667 2981; x_wconf 84' lang='lat' dir='ltr'>Op.</span> <span class='ocrx_word' id='word_1_374' title='bbox 1681 2944 1756 2983; x_wconf 83' lang='lat'>825,</span> <span class='ocrx_word' id='word_1_375' title='bbox 1769 2944 1901 2984; x_wconf 76' lang='lat' dir='ltr'>quoted</span> 
     </span>
     <span class='ocr_line' id='line_1_42' title="bbox 321 2987 1788 3029; baseline -0.002 -8"><span class='ocrx_word' id='word_1_376' title='bbox 321 2989 410 3022; x_wconf 80' lang='lat' dir='ltr'>been</span> <span class='ocrx_word' id='word_1_377' title='bbox 427 2988 571 3029; x_wconf 82' lang='lat' dir='ltr'>printed</span> <span class='ocrx_word' id='word_1_378' title='bbox 587 2989 626 3019; x_wconf 88' lang='lat' dir='ltr'>in</span> <span class='ocrx_word' id='word_1_379' title='bbox 642 2988 692 3020; x_wconf 76' lang='lat' dir='ltr'>Cl.</span> <span class='ocrx_word' id='word_1_380' title='bbox 1142 2987 1182 3019; x_wconf 86' lang='lat' dir='ltr'>in</span> <span class='ocrx_word' id='word_1_381' title='bbox 1199 2987 1288 3020; x_wconf 85' lang='lat' dir='ltr'>Gell.</span> <span class='ocrx_word' id='word_1_382' title='bbox 1312 2997 1360 3028; x_wconf 85' lang='lat'>17.</span> <span class='ocrx_word' id='word_1_383' title='bbox 1380 2997 1428 3019; x_wconf 84' lang='lat'>12.</span> <span class='ocrx_word' id='word_1_384' title='bbox 1446 2997 1481 3026; x_wconf 80' lang='lat'>43</span> <span class='ocrx_word' id='word_1_385' title='bbox 1508 2987 1580 3018; x_wconf 88' lang='lat' dir='ltr'>and</span> <span class='ocrx_word' id='word_1_386' title='bbox 1596 2990 1699 3026; x_wconf 72' lang='lat' dir='ltr'>Adaq.</span> <span class='ocrx_word' id='word_1_387' title='bbox 1716 2989 1788 3027; x_wconf 90' lang='lat'>764.</span> 
     </span>
    </p>
   </div>
  </div>
 </body>
</html>
