2034 3433
285 353 325 383 30

282 1657 323 1688 50

344 171 425 210 606
810 170 1059 209 LETTERS
1098 170 1167 208 OF
1205 168 1471 230 ERASMUS

1809 168 1934 223 [1519

342 275 475 314 habeo
494 275 600 314 mihi
618 274 940 313 fauentissimos.
985 274 1120 313 Libris
1140 275 1245 313 nihil
1265 275 1415 314 fidunt.
1457 275 1510 313 In
1536 275 1635 314 solis
1653 275 1937 324 sycophantiis

341 340 537 379 victoriae
565 352 658 389 spes
686 339 771 378 illis
800 340 880 378 sita
909 342 980 378 est.
1041 340 1124 378 Eas
1144 342 1377 389 contemno,
1400 340 1503 379 recti
1522 339 1776 385 conscientia
1791 340 1933 379 fretus.

344 397 399 443 In*
429 408 468 443 te
498 405 730 443 redduntur
759 405 971 455 aliquanto
1001 405 1198 443 mitiores.
1255 406 1395 444 Meum
1426 405 1634 444 calamum
1661 400 1824 454 timent,
1857 405 1937 455 sibi

345 470 449 509 male
468 469 645 508 conscii:
684 483 786 520 quos
805 484 879 521 ego
909 483 1006 509 sane
1036 471 1122 509 suis
1145 471 1361 521 pingerem
1385 471 1603 519 coloribus,
1625 473 1672 510 vt
1691 470 1807 521 digni
1825 472 1935 518 sunt,

343 535 423 573 nisi
443 548 511 573 me
531 534 687 574 Christi
707 536 799 573 tum
821 535 1009 574 doctrina
1029 537 1121 574 tum
1140 536 1377 586 exemplum
1397 536 1476 574 alio
1489 538 1692 575 vocarent.
1727 536 1939 574 Immanes

342 601 449 638 ferae
468 602 764 638 mansuescunt
785 600 941 647 officiis,
965 600 1034 639 isti
1054 600 1281 640 benefactis
1301 601 1535 639 efferantur.

397 665 537 703 Habes
570 666 615 703 in
644 665 801 715 Anglia
830 666 901 714 qui
930 666 979 704 de
1010 665 1095 704 tuis
1124 666 1289 715 scriptis
1317 666 1473 716 optime
1500 666 1696 714 sentiant,
1721 668 1763 704 et
1787 667 1887 704 sunt
1909 665 1941 703 ii

346 731 526 769 maximi.
589 731 697 769 Sunt
731 732 773 769 et
806 731 885 779 hic,
909 745 1084 781 quorum
1118 733 1181 770 est
1214 731 1442 782 Episcopus
1467 731 1718 779 Leodiensis,
1749 731 1821 781 qui
1854 731 1938 770 tuis

342 797 499 835 fauent.
556 797 644 846 Ego
680 810 757 844 me,
783 797 915 846 quoad
948 797 1056 845 licet,
1091 797 1302 847 integrum
1335 810 1467 845 seruo,
1502 810 1584 846 quo
1616 797 1749 847 magis
1781 797 1937 846 prosim

343 861 462 899 bonis
479 861 613 900 literis
650 862 1019 900 reflorescentibus.
1078 863 1134 900 Et
1171 863 1277 901 mihi
1311 863 1475 901 videtur
1512 863 1607 912 plus
1643 862 1787 912 profici
1822 861 1938 901 ciuili

343 927 543 965 modestia
583 940 706 976 quam
745 927 917 977 impetu.
981 927 1047 966 Sic
1087 928 1278 966 Christus
1316 928 1456 967 orbem
1497 929 1542 966 in
1581 941 1699 966 suam
1734 927 1938 967 ditionem

342 992 544 1041 perduxit.
607 992 672 1030 Sic
703 992 859 1030 Paulus
888 992 1099 1031 Iudaicam
1128 993 1261 1043 legem
1291 993 1514 1044 abrogauit,
1536 993 1677 1032 omnia
1699 993 1868 1032 trahens
1887 993 1938 1032 ad

340 1058 591 1107 allegoriam.
643 1058 777 1107 Magis
797 1058 964 1108 expedit
984 1059 1163 1097 clamare
1179 1059 1223 1096 in
1243 1072 1313 1098 eos
1333 1059 1403 1109 qui
1422 1059 1671 1110 pontificum
1690 1059 1940 1098 authoritate

342 1123 574 1161 abutuntur
608 1137 732 1173 quam
770 1123 813 1161 in
848 1124 958 1173 ipsos
992 1124 1230 1174 pontifices:
1272 1124 1384 1163 idem
1415 1125 1464 1163 de
1498 1124 1664 1174 regibus
1697 1124 1939 1163 faciundum

342 1201 497 1226 censeo.
558 1188 730 1227 Scholae
760 1202 845 1227 non
873 1192 961 1228 tam
985 1190 1265 1239 aspernandae
1293 1193 1393 1229 sunt
1422 1203 1546 1241 quam
1575 1190 1626 1229 ad
1652 1190 1789 1229 studia
1808 1190 1940 1240 magis

341 1253 475 1291 sobria
505 1254 765 1293 reuocandae.
823 1254 885 1292 De
914 1255 1038 1293 rebus
1066 1256 1364 1305 receptioribus
1393 1268 1520 1306 quam
1539 1257 1586 1294 vt
1615 1255 1753 1294 subito
1778 1255 1940 1306 possint

305 1332 320 1361 5
339 1332 389 1356 ex
419 1318 571 1357 animis
599 1319 756 1367 reuelli,
779 1319 1078 1370 disputandum
1107 1323 1169 1359 est
1197 1321 1454 1371 argumentis
1481 1321 1620 1360 densis
1645 1323 1686 1359 et
1707 1321 1939 1360 efficacibus

339 1384 477 1433 potius
515 1397 639 1434 quam
677 1385 1008 1425 asseuerandum.
1070 1386 1340 1435 Quorundam
1382 1387 1609 1425 virulentas
1652 1386 1939 1425 contentiones

340 1449 471 1499 magis
503 1450 698 1489 conducit
732 1452 998 1489 contemnere
1026 1465 1151 1501 quam
1182 1451 1377 1491 refellere.
1437 1452 1603 1501 Vbique
1631 1452 1862 1490 cauendum
1887 1465 1939 1490 ne

341 1515 440 1565 quid
479 1518 717 1566 arroganter
754 1519 828 1556 aut
864 1517 1031 1556 factiose
1078 1517 1298 1568 loquamur
1338 1518 1614 1567 faciamusueq
1661 1517 1718 1556 sic
1763 1517 1940 1556 arbitror

341 1582 505 1629 gratum
532 1594 620 1619 esse
647 1581 813 1631 spiritui
842 1582 1009 1621 Christi.
1071 1582 1236 1621 Interea
1262 1583 1491 1622 seruandus
1517 1583 1690 1630 animus,
1712 1595 1765 1620 ne
1784 1582 1853 1621 vel
1877 1582 1939 1620 ira

341 1645 407 1683 vel
428 1645 519 1683 odio
540 1646 607 1684 vel
634 1647 766 1696 gloria
795 1649 1106 1697 corrumpatur;
1136 1661 1235 1686 nam
1255 1648 1354 1686 haec
1373 1648 1418 1686 in
1447 1648 1584 1687 medio
1613 1648 1780 1697 pietatis
1799 1647 1938 1686 studio

342 1710 444 1749 solet
462 1711 662 1749 insidiari.

395 1775 509 1814 Haec
543 1789 628 1815 non
662 1777 864 1815 admoneo
884 1779 931 1815 vt
964 1778 1098 1828 facias,
1122 1779 1193 1817 sed
1223 1781 1271 1817 vt
1307 1779 1416 1828 quod
1449 1778 1548 1817 facis
1578 1780 1776 1828 perpetuo
1804 1777 1938 1816 facias.

342 1841 569 1891 Degustaui
598 1842 927 1881 Commentarios
956 1845 1049 1882 tuos
1076 1844 1121 1882 in
1142 1844 1358 1892 Psalmos3
1387 1844 1657 1882 vehementer
1681 1844 1874 1892 arrident,
1898 1845 1940 1882 et

341 1920 458 1956 spero
495 1920 691 1957 magnam
729 1907 957 1947 Vtilitatem
995 1909 1204 1948 allaturos.
1265 1910 1341 1948 Est
1386 1909 1642 1959 Antuerpiae
1687 1908 1806 1948 Prior
1850 1908 1939 1947 eius

385 2026 436 2055 29.
460 2017 727 2048 fauentissimos
742 2029 762 2048 α
779 2030 786 2049 :
811 2019 897 2049 satis
916 2029 1047 2057 aequos
1063 2023 1098 2050 F.

343 2059 522 2091 calamum
538 2073 558 2091 α
572 2072 579 2092 :
604 2062 839 2093 Eruditorum
858 2062 1012 2094 calamos
1028 2066 1063 2094 F.

343 2110 437 2135 caret
453 2107 491 2135 Ε.
626 2114 679 2144 35.
704 2106 767 2135 iia
785 2117 792 2136 :
816 2106 870 2136 hii
887 2109 938 2137 E:
963 2107 1001 2137 hi
1019 2109 1060 2137 N.

342 2148 488 2185 quidam
505 2151 542 2178 E.
679 2159 730 2188 37.
757 2151 807 2180 E:
833 2150 928 2181 fauet
945 2161 972 2181 α.

384 2248 437 2285 36.
465 2247 747 2288 Leodiensis]1n
767 2249 913 2288 writing
930 2251 967 2279 to
982 2249 1051 2280 Leo
1067 2259 1099 2289 x,

346 2300 383 2329 13
400 2291 496 2330 Sept.
521 2301 605 2330 1520
619 2292 745 2332 (Lond.
766 2293 836 2323 xiv.
864 2302 895 2331 5,
914 2292 984 2324 LB.
1006 2294 1100 2333 529),

1737 2030 1789 2059 31.
1815 2019 1936 2050 Meum

1803 2072 1854 2102 33.
1878 2072 1936 2093 vo-

1203 2109 1254 2146 36.
1282 2107 1476 2147 Episcopus
1492 2107 1699 2139 Leodiensis
1715 2118 1735 2137 α
1751 2118 1758 2138 :
1783 2107 1937 2138 eximius

1064 2150 1180 2189 quoad
1197 2162 1216 2180 α
1228 2149 1273 2181 N²
1289 2163 1296 2182 z
1320 2151 1414 2190 quod
1431 2151 1514 2183 FN3.

1197 2029 1252 2058 30.
1276 2030 1337 2059 ego
1349 2024 1418 2057 post
1434 2020 1501 2051 Eas
1517 2022 1589 2051 add.
1609 2022 1648 2052 Ε.

1154 2064 1306 2095 fortasse
1323 2067 1393 2094 ante
1409 2065 1542 2095 timent
1558 2066 1631 2095 add.
1650 2066 1688 2095 E.

1173 2250 1321 2281 testifies
1359 2250 1423 2281 the
1476 2250 1735 2281 indebtedncss
1785 2249 1824 2281 of
1871 2249 1935 2280 the

1172 2293 1319 2324 learned
1350 2293 1463 2324 world
1501 2296 1538 2325 to
1589 2293 1757 2325 Erasmus
1805 2303 1936 2333 among

341 2335 448 2364 about
463 2334 526 2365 the
542 2335 804 2366 unauthorized
827 2335 1052 2375 divulgation
1069 2337 1108 2367 of

342 2378 415 2408 this
427 2378 544 2417 letter,
559 2379 727 2409 Erasmus
737 2379 867 2410 almost
884 2380 1050 2411 succeeds
1065 2380 1102 2410 in

341 2422 501 2461 creating
528 2422 589 2452 the
614 2423 826 2462 impression
855 2423 933 2454 that
960 2423 1005 2453 he
1030 2424 1102 2455 had

276 2492 278 2495 .
342 2467 404 2496 not
421 2466 630 2496 mentioned
647 2466 709 2497 the
733 2466 830 2506 Bp.'s
847 2476 973 2505 name;
997 2468 1102 2498 with-

342 2511 411 2548 out,
432 2509 604 2547 however,
624 2510 780 2549 actually
808 2511 934 2550 saying
960 2520 1008 2542 so.
1058 2512 1103 2542 In

341 2552 403 2582 the
420 2552 526 2583 letter
542 2553 728 2592 appended
744 2555 781 2583 to
793 2553 962 2585 Martens’
975 2555 1104 2586 second

341 2596 480 2626 edition
511 2595 550 2626 of
584 2596 645 2627 the
682 2599 902 2634 colloquiorum
938 2601 1105 2629 Famulae

341 2637 448 2681 <1519
471 2639 557 2681 fin.)
582 2640 626 2670 he
651 2643 818 2671 contents
841 2641 992 2672 himself
1012 2642 1102 2673 with

345 2683 546 2723 remarking
562 2683 643 2714 that
660 2684 721 2714 the
739 2694 842 2714 name
859 2685 889 2714 is
905 2686 966 2715 not
982 2686 1021 2715 in
1039 2686 1101 2716 the

342 2729 418 2757 text
434 2727 541 2766 given
558 2727 596 2756 in
615 2727 641 2757 E
661 2727 778 2767 (BEr2.
800 2730 904 2765 colloq.
924 2730 948 2758 i.
965 2730 1034 2768 65).

383 2779 434 2809 53.
461 2770 762 2811 Commentarios]
816 2774 1007 2808 operationes
1068 2776 1103 2802 in

341 2815 486 2853 Psalmos,
507 2823 526 2843 a
542 2823 664 2844 course
688 2815 727 2845 of
747 2815 899 2845 lectures
922 2815 1103 2846 delivered

340 2858 375 2886 at
391 2857 617 2896 Wittenberg
644 2858 715 2888 and
738 2858 884 2898 printed
910 2859 1010 2889 there
1037 2857 1104 2901 (by

341 2900 371 2929 J.
397 2900 663 2942 Grunenberg),
686 2910 778 2940 1519,
805 2902 895 2932 with
919 2911 939 2932 a
964 2902 1102 2933 dedica·

342 2943 418 2973 tion
453 2947 488 2974 to
522 2944 624 2974 Duke
656 2945 846 2975 Fredcrick
876 2946 914 2975 of
949 2945 1101 2985 Saxony,

343 2995 380 3023 27
400 2987 522 3017 March
542 2997 625 3028 1519
639 2988 735 3026 (LE'2.
753 2990 840 3028 166).
876 2989 907 3019 A
923 2990 1103 3028 prefatory

342 3029 446 3060 letter
485 3030 576 3061 from
616 3031 873 3063 Mel‘anchthon
910 3032 1000 3064 (ME.
1043 3033 1100 3071 36)

1173 2337 1296 2368 others
1311 2348 1318 2368 :
1344 2340 1353 2353 ‘
1364 2337 1510 2368 Erasmo
1522 2336 1754 2368 Roterodamo
1764 2337 1934 2368 debemus

1173 2391 1254 2411 cum
1296 2381 1449 2413 Graecae
1486 2383 1565 2412 tum
1604 2381 1753 2411 Latinae
1791 2381 1937 2421 linguae

1172 2424 1356 2464 studium3
1381 2425 1550 2455 debemus
1577 2425 1675 2464 item,
1707 2426 1746 2455 vt
1770 2424 1936 2464 pleraque

1173 2469 1350 2508 omittam,
1370 2468 1589 2499 illustratam
1606 2468 1699 2499 Noui
1715 2468 1937 2499 Testamenti

1172 2512 1374 2551 lectionem,
1394 2512 1564 2543 debemus
1579 2513 1614 2542 et
1631 2511 1921 2551 Hieronymum.¹

1216 2565 1266 2594 54.
1293 2554 1411 2594 Prior]
1442 2556 1561 2586 James
1593 2556 1719 2586 Probst
1747 2565 1786 2585 or
1812 2555 1936 2586 Proost

1172 2597 1430 2638 (Praepositus)
1450 2599 1487 2629 of
1498 2599 1613 2638 Ypres
1629 2600 1828 2640 (1486-——30
1839 2598 1935 2629 June

1177 2645 1284 2681 1562).
1332 2643 1383 2673 At
1413 2642 1511 2673 what
1543 2642 1624 2673 date
1654 2643 1701 2673 he
1739 2642 1812 2672 had
1844 2641 1935 2673 been

1173 2684 1341 2716 Luther's
1356 2685 1458 2725 pupil
1476 2686 1530 2725 (11.
1547 2686 1637 2725 55,6)
1654 2687 1684 2716 is
1701 2687 1765 2716 not
1777 2685 1911 2716 known
1926 2696 1934 2723 ;

1173 2730 1237 2760 but
1261 2730 1306 2759 he
1330 2729 1482 2769 perhaps
1504 2738 1603 2760 came
1626 2731 1662 2760 to
1689 2729 1866 2768 Antwerp
1894 2729 1941 2759 in'

1176 2782 1258 2812 1513
1284 2773 1374 2803 with
1399 2773 1460 2803 the
1484 2773 1580 2803 band
1605 2773 1643 2803 of
1664 2772 1779 2803 Saxon
1796 2772 1934 2812 Augus-

1172 2816 1310 2846 tinians
1323 2817 1404 2846 who
1417 2815 1575 2847 founded
1588 2816 1690 2846 there
1704 2816 1765 2846 the
1778 2817 1934 2846 convent

1175 2859 1272 2899 (LE2.
1296 2869 1367 2898 191.
1387 2870 1422 2891 n.
1450 2859 1484 2899 3)
1515 2859 1553 2890 of
1578 2859 1695 2890 which
1723 2869 1752 2890 c.
1782 2860 1866 2897 1518
1889 2859 1934 2889 he

1172 2903 1314 2933 became
1332 2903 1441 2933 Prior.
1491 2903 1536 2934 In
1556 2912 1633 2942 1521
1653 2903 1698 2933 he
1711 2902 1881 2932 returned
1898 2903 1935 2933 to

1172 2945 1348 2985 complete
1365 2947 1422 2977 his
1446 2946 1583 2977 studies
1606 2947 1723 2976 under
1744 2945 1883 2976 Luther
1898 2947 1934 2976 at

1171 2989 1418 3029 VVittenbei-g3
1443 2990 1564 3020 where
1581 2990 1626 3019 he
1649 2991 1790 3020 became
1807 2990 1932 3020 Bacca-

1172 3033 1290 3064 lareus
1306 3033 1465 3064 Biblicus
1484 3042 1523 3072 13
1541 3033 1633 3073 May,
1649 3032 1719 3063 and
1737 3032 1934 3063 Licentiate

2020 2882 2034 2930 .ο“
2022 2815 2025 2818 ·
