2034 3433
59 199 161 254 967]
546 200 617 238 'ro
655 200 888 240 THOMAs
924 200 1165 240 WoLSEY
1571 201 1647 240 591

57 307 260 346 denticuli
287 305 439 357 quibus
468 305 616 343 offensi
645 317 732 343 sese
759 306 966 344 tueantur.
1025 305 1146 344 Vnde
1177 318 1334 344 nouum
1369 306 1446 344 hoc
1481 306 1648 345 deorum

59 374 224 424 genus?
280 371 354 410 Illi
383 383 486 421 quos
518 370 701 409 lubitum
731 371 794 408 est
821 370 1050 408 haereticos
1075 370 1242 418 faciunt,
1264 374 1305 408 et
1333 371 1491 409 coelum
1520 373 1650 410 terrae

59 438 237 477 miscent
265 437 300 475 si
331 437 423 486 quis
452 448 522 474 eos
553 435 733 485 appellet
765 435 1067 485 sycophantas;
1105 448 1281 485 cumque
1315 449 1399 475 non
1430 439 1652 476 vereantur

57 516 105 542 ea
124 503 339 553 designare
360 514 536 551 quorum
563 500 714 550 pudeat
743 500 870 539 etiam
890 500 1071 549 Oresten,
1093 502 1234 539 tamen
1258 514 1281 539 a
1301 501 1421 540 nobis
1440 502 1650 552 postulant

56 570 103 607 vt
131 581 215 606 non
244 567 326 606 nisi
349 580 443 605 cum
474 566 645 604 honoris
668 565 921 616 praefatione
946 566 1237 604 nominentur:
1266 566 1368 605 adeo
1393 567 1532 605 fidunt
1551 566 1651 606 stul-

56 634 176 672 ticiae
195 631 487 679 multitudinis,
511 644 564 670 ne
584 631 718 670 dicam
738 630 983 680 principum.

111 698 200 748 Ego
227 698 357 736 bonas
384 697 523 735 literas
548 698 595 735 vt
623 709 839 746 nunquam
866 696 1026 746 assequi
1059 696 1186 746 potui,
1217 697 1275 734 ita
1307 709 1468 745 semper
1496 698 1647 736 amani.

58 762 223 802 Harum
246 761 518 801 assertoribus
540 761 682 809 faueo;
712 761 862 811 quibus
887 761 1102 811 optimates
1129 760 1284 811 vbique
1312 762 1471 810 fauent,
1491 765 1651 813 praeter

57 827 191 866 Midas
211 826 370 878 aliquot
389 840 493 877 quos
512 825 734 876 aliquando
759 826 962 865 describet
985 826 1146 876 aliquis.
1216 827 1348 877 Atqui
1367 827 1425 865 sic
1446 827 1511 866 his
1531 827 1650 866 faueo

58 895 104 932 vt
134 906 271 931 amem
301 892 410 942 quod
440 891 609 930 virtutis
638 893 709 939 est,
740 905 825 930 non
854 892 889 930 si
918 892 1017 942 quid
1047 891 1155 930 adsit
1184 892 1285 931 vitii.
1349 892 1466 940 Quod
1496 893 1531 931 si
1556 893 1651 943 quis

56 958 262 1008 expendat
289 956 441 1007 quibus
469 956 583 996 vitiis
607 957 843 996 maduerint
865 958 937 1007 qui
962 957 1122 1008 pridem
1149 958 1258 1007 apud
1285 956 1417 996 Italos
1443 960 1484 996 et
1509 957 1651 996 Gallos

57 1022 368 1062 renascentibus
401 1021 548 1072 priscis
576 1022 725 1061 studiis
753 1023 945 1073 opitulati
974 1025 1084 1071 sunt,
1107 1036 1191 1061 non
1219 1023 1371 1072 poterit
1400 1036 1483 1061 non
1512 1023 1650 1061 fauere

56 1088 123 1127 his
142 1088 305 1134 nostris,
322 1100 500 1137 quorum
519 1100 654 1126 mores
673 1086 876 1126 eiusmodi
897 1090 997 1126 sunt
1011 1090 1058 1126 vt
1077 1088 1280 1138 theologis
1299 1088 1392 1126 istis
1411 1088 1651 1126 censoribus

55 1153 250 1192 imitandi
278 1152 364 1191 sint
389 1153 522 1202 magis
546 1165 669 1203 quam
693 1153 1032 1202 reprehendendi.
1092 1153 1161 1191 Ab
1190 1153 1257 1191 his
1280 1153 1475 1203 quicquid
1499 1153 1648 1202 prodit,

58 1231 199 1257 meum
228 1230 315 1256 esse
344 1218 630 1268 suspicantur;
663 1218 789 1256 etiam
818 1217 925 1267 apud
956 1231 1040 1266 vos,
1072 1219 1105 1256 si
1135 1218 1260 1256 modo
1288 1231 1386 1256 vera
1413 1218 1649 1268 praedicant

56 1283 337 1333 negociatores
364 1283 446 1321 huc
472 1282 627 1321 isthinc
660 1282 977 1332 proficiscentes.
1036 1283 1244 1332 Equidem
1271 1283 1449 1332 ingenue
1477 1283 1646 1330 fatebor,

58 1348 276 1398 ingenium
301 1360 385 1386 non
413 1360 583 1397 possum
607 1360 692 1386 non
717 1361 864 1396 amare,
887 1348 1036 1387 calami
1061 1347 1272 1386 licentiam
1302 1349 1345 1386 in
1376 1348 1541 1387 nemine
1566 1361 1650 1386 non

59 1413 260 1463 improbo.

113 1478 282 1517 Pridem
314 1477 416 1516 lusit
445 1477 662 1516 Huttenus
690 1477 846 1516 librum
875 1478 941 1517 cui
969 1478 1119 1517 titulus
1148 1478 1292 1517 Nemo.
1355 1478 1487 1516 Nemo
1518 1478 1651 1516 nescit

58 1544 353 1593 argumentum
372 1555 460 1581 esse
475 1541 697 1580 ridiculum
713 1558 723 1582 t
752 1556 893 1581 meum
913 1556 1000 1582 esse
1020 1543 1265 1582 dictitabant
1280 1543 1463 1592 theologi
1478 1543 1652 1582 Louani·

56 1621 187 1657 enses,
211 1607 282 1657 qui
301 1607 382 1645 sibi
401 1606 596 1645 videntur
614 1607 836 1657 plusquam
856 1608 1023 1657 Lyncei.
1083 1607 1180 1646 Mox
1194 1607 1350 1657 prodiit
1367 1608 1531 1646 Febris:
1561 1621 1652 1646 mea

55 1675 154 1722 erat,
190 1686 286 1712 cum
323 1674 463 1710 tamen
500 1674 615 1711 totus
652 1673 800 1722 genius
832 1675 1000 1723 totaque
1037 1673 1198 1723 phrasis
1234 1686 1257 1711 a
1289 1686 1382 1711 mea
1419 1673 1647 1712 dissentiat.

59 1738 222 1777 Prodiit
250 1737 378 1776 oratio
410 1737 526 1775 Petri
556 1737 786 1786 Mosellam,
818 1752 898 1787 qua
924 1739 1205 1788 patrocinatur
1236 1737 1371 1777 tribus
1400 1737 1557 1788 linguis
1584 1738 1651 1776 ad—

57 1816 203 1842 uersus
230 1803 590 1855 γλωττομάστιγας;
618 1801 665 1840 in
692 1815 760 1841 me
788 1804 989 1852 putarunt
1014 1803 1244 1842 cudendam
1273 1803 1423 1851 fabam,
1455 1815 1550 1841 cum
1576 1816 1649 1853 ego

57 1867 246 1907 nondum
271 1868 421 1906 scirem
446 1867 673 1906 orationem
697 1880 784 1906 esse
809 1870 976 1907 natam:
1006 1868 1124 1918 quasi
1150 1881 1248 1906 vero
1279 1869 1314 1906 si
1341 1868 1442 1917 quid
1463 1867 1559 1906 huic
1578 1869 1651 1906 aut

57 1933 122 1972 illi
155 1934 200 1972 in
232 1934 414 1971 mentem
447 1933 566 1971 venit
594 1932 782 1981 scribere,
814 1933 922 1971 mihi
954 1933 1145 1982 protinus
1175 1932 1230 1971 sit
1260 1933 1449 1970 omnium
1481 1933 1649 1971 nomine

58 1998 266 2037 reddenda
298 1997 413 2046 ratio,
443 1999 516 2035 aut
545 1997 663 2047 quasi
691 2010 838 2047 parum
868 1997 922 2036 sit
951 2011 1043 2036 meo
1072 1997 1254 2047 periculo
1287 1998 1395 2036 tueri
1425 1997 1533 2047 quod
1562 1997 1650 2046 ipse

57 2063 207 2102 scribo.
264 2062 461 2100 Germani
491 2064 601 2109 sunt,
634 2062 806 2101 iuuenes
839 2065 947 2110 sunt,
979 2062 1182 2101 calamum
1210 2062 1376 2110 habent,
1407 2075 1481 2101 nec
1509 2064 1649 2100 carent

57 2127 250 2178 ingenio;
279 2140 354 2165 nec
385 2127 536 2165 desunt
564 2127 636 2176 qui
658 2126 825 2165 irritent
848 2127 935 2166 suis
961 2127 1077 2175 odiis,
1101 2140 1175 2165 nec
1202 2128 1353 2166 desunt
1379 2127 1451 2177 qui
1476 2126 1650 2165 incitent

57 2206 105 2232 ac
131 2192 327 2242 frigidam
350 2192 605 2231 suffundant.
665 2192 820 2230 Omnes
842 2193 917 2231 hos
940 2193 1047 2231 meis
1070 2192 1205 2231 literis
1234 2192 1434 2231 admonui
1462 2194 1508 2230 vt
1533 2192 1650 2230 liber-

58 2260 189 2297 tatem
219 2256 487 2295 immodicam
521 2258 764 2306 temperent,
801 2259 908 2296 certe
941 2271 964 2296 a
996 2257 1277 2297 summatibus
1310 2257 1515 2296 Ecclesiae
1548 2256 1650 2295 viris

1674 515 1733 537 120

1672 841 1730 872 125

1673 1165 1731 1195 130

1672 1491 1730 1522 135

1673 1818 1732 1848 ¹40

1672 2143 1729 2175 ¹45

58 2322 318 2369 abstineant;
358 2334 411 2359 ne
440 2321 609 2360 illorum
637 2321 799 2360 animos
822 2324 1049 2371 prouocent
1071 2322 1117 2361 in
1141 2322 1284 2360 literas
1314 2335 1489 2372 quorum
1518 2323 1650 2371 patro·
1714 2358 1717 2363 .

57 2387 168 2426 cinio
186 2388 298 2425 stant
317 2386 516 2425 aduersus
539 2386 677 2424 hostes
703 2399 810 2435 suos,
832 2399 937 2425 neue
959 2387 1035 2426 hac
1060 2386 1218 2426 inuidia
1244 2388 1417 2425 onerent
1443 2385 1652 2436 politioris

59 2453 296 2491 literaturae
326 2450 523 2490 vindices.
583 2450 689 2498 Quid
722 2450 906 2489 faciam?
960 2451 1128 2490 Monere
1166 2465 1348 2502 possum,
1385 2464 1528 2501 cogere
1564 2464 1649 2489 non

58 2530 238 2568 possum.
299 2516 390 2554 Meo
414 2515 511 2554 stilo
530 2517 761 2564 temperare
781 2515 887 2553 mihi
912 2515 957 2554 in
983 2529 1111 2556 manu
1137 2518 1210 2565 est,
1234 2516 1416 2555 alienum
1443 2515 1649 2554 calamum

59 2583 265 2632 praestare
295 2594 382 2619 non
415 2582 477 2619 est
508 2592 660 2618 meum.
720 2580 824 2627 Imo,
859 2581 966 2630 quod
996 2581 1176 2620 maxime
1205 2581 1426 2620 ridiculum
1454 2583 1526 2628 est,
1549 2593 1651 2630 opus

60 2645 418 2696 quodnuperrime
435 2645 677 2694 conscripsit
691 2646 941 2684 reuerendus
956 2645 1006 2684 D.
1022 2646 1227 2685 Roffensis
1241 2646 1439 2685 aduersus
1454 2645 1649 2691 Fabrum,

109 2757 178 2787 119.
204 2758 355 2788 cumque
371 2771 380 2780 .
401 2771 409 2779 .
430 2772 438 2779 .
462 2757 531 2779 121.
550 2747 785 2779 nominentur
800 2751 874 2780 add.
894 2751 923 2779 F
937 2748 1026 2788 (120.
1053 2752 1109 2780 H:
1133 2750 1290 2781 Orestem
1309 2750 1361 2789 F).
1512 2757 1582 2780 122.
1605 2757 1649 2778 ne

62 2792 180 2823 dicam
194 2792 399 2831 principum
415 2794 489 2822 add.
506 2794 542 2822 F.
678 2801 749 2831 125.
773 2791 905 2832 aliquis
920 2795 950 2822 E
965 2805 972 2823 ε
996 2793 1173 2832 quispiam
1189 2795 1234 2824 H.
1364 2794 1436 2823 126.
1464 2801 1580 2822 amem
1599 2794 1648 2821 E:

62 2839 183 2868 tamen
197 2837 227 2865 F
240 2846 246 2865 ι
269 2836 371 2865 tuear
387 2837 415 2864 F
428 2837 540 2873 Corriy.
680 2844 750 2874 153.
774 2836 995 2867 reuerendus
1013 2836 1054 2867 D.
1071 2839 1100 2867 E
1115 2848 1123 2867 :
1146 2837 1332 2876 episcopus
1348 2838 1390 2866 H.

108 2924 178 2954 126.
204 2922 336 2963 amem]
359 2922 434 2953 The
456 2925 671 2960 corriyendum
693 2923 732 2953 in
749 2921 776 2953 F
793 2923 824 2952 is
936 2931 1006 2961 135.
1031 2920 1158 2962 Nemo]
1176 2921 1240 2952 See
1256 2920 1319 2961 Ep.
1333 2921 1407 2959 863.
1424 2930 1467 2960 29
1479 2930 1516 2952 n.

62 2965 248 3006 evidently
262 2976 283 2996 a
299 2975 394 2997 mere
415 2965 620 3005 conjecture
635 2967 672 2996 to
686 2965 825 3006 replace
936 2975 1006 3004 137.
1032 2964 1170 3005 Febris]
1187 2963 1238 2996 Cf.
1252 2964 1314 3004 Ep.
1329 2973 1406 3003 923.
1426 2973 1466 3004 19
1480 2973 1515 2996 n.

59 3008 126 3040 ⁴the
160 3009 331 3049 misprint
362 3011 403 3040 in
432 3009 496 3039 the
527 3011 624 3049 text;
648 3009 721 3040 and
749 3018 824 3040 was
937 3017 1006 3048 139.
1032 3007 1159 3048 oratio]
1177 3007 1228 3038 Cf.
1245 3007 1307 3047 Ep.
1325 3007 1402 3047 948.
1423 3017 1490 3046 71¹·

60 3052 246 3084 doubtless
260 3051 363 3083 made
377 3052 533 3083 without
550 3052 758 3092 examining
774 3052 811 3083 E.
937 3061 1008 3091 152.
1031 3050 1133 3092 opus]
1151 3050 1214 3083 See
1231 3051 1292 3091 Ep.
1310 3052 1386 3091 936.
1405 3061 1422 3090 7
1437 3060 1472 3082 n.

1672 2466 1731 2497 ¹50
