2034 3433
312 159 392 197 520
772 158 1023 197 LETTERS
1062 157 1131 196 OF
1170 156 1436 199 ERASMUS

1776 153 1904 207 [1519

309 262 505 302 nonnulli
532 262 795 311 suspicantur
822 274 908 299 non
935 261 986 300 ab
1015 261 1104 310 ipso
1132 262 1308 310 tantum,
1340 260 1411 299 sed
1444 273 1466 297 e
1504 259 1717 297 communi
1752 259 1908 298 theolo-

273 343 290 376 5
310 340 456 378 gorum
491 327 663 366 concilio
696 326 923 365 conflatum
961 327 1003 364 et
1036 327 1081 363 in
1118 338 1185 364 me
1222 326 1445 365 vibratum.
1504 324 1611 363 Mihi
1647 325 1695 364 vt
1733 323 1906 363 Latomo

311 393 463 443 dignus
482 392 615 432 videri
636 393 782 441 potest,
807 392 865 430 ita
885 391 1053 430 videtur
1071 391 1272 441 indignus
1293 392 1364 441 qui
1384 390 1597 429 communi
1619 389 1908 440 theologorum

310 457 506 507 suffragio
538 457 716 506 scriptus
753 456 972 504 videatur3
1017 469 1149 506 neque
1182 469 1250 495 me
1285 457 1462 506 dignum
1499 455 1675 494 arbitror
1705 455 1752 493 in
1784 468 1908 505 quem

311 523 411 563 talia
429 522 673 561 scribantur.
732 522 793 560 De
811 521 982 561 caeteris
1001 535 1140 561 coram
1160 538 1169 561 ε
1199 535 1298 561 113111
1317 522 1454 560 subito
1470 534 1591 560 vocor
1605 521 1906 570 Antwerpiam,

311 591 452 627 tamen
472 601 569 626 mox
588 587 807 626 rediturus.
866 587 980 625 Bene
998 587 1099 636 vale,
1123 587 1303 626 Martine
1321 587 1568 626 charissime.

258 672 294 693 ιο
368 667 402 702 3.
426 653 498 692 cal.
520 651 654 703 April.
679 652 759 690 An.
786 665 872 691 M.D.
899 664 957 701 19.
1016 652 1205 691 Louanii.

658 795 755 835 935.
818 793 882 834 To
915 792 1244 835 CHRISTOPHER
1275 793 1548 835 LoNGOLmS.

360 885 551 931 Epistolae
568 886 616 920 ad
635 884 804 920 diuersos
819 896 854 929 p.
877 893 954 929 205.

361 944 452 980 HN:
479 944 595 980 Lond.
613 943 666 978 iii.
687 945 752 988 63:
780 943 851 977 LB.
873 954 952 987 402.

1640 883 1817 919 Louvain.

1597 954 1611 979 1
1632 942 1741 988 April
1763 952 1864 988 1519.

359 1026 450 1068 [The
473 1027 555 1058 date
579 1027 609 1057 is
633 1026 828 1057 eonfiuned
851 1026 898 1065 by
922 1025 986 1066 Ep.
1011 1036 1071 1066 914
1099 1026 1171 1057 and
1195 1026 1256 1057 the
1281 1027 1440 1065 meeting
1463 1026 1552 1057 with
1578 1024 1911 1057 Ruze.Er1s1nus'

314 1071 462 1103 defence
478 1070 516 1101 of
530 1071 588 1100 his
604 1080 669 1101 1111-
659 1069 886 1100 -Ciceronian
904 1069 1063 1100 freedom
1084 1071 1114 1100 is
1131 1069 1339 1101 noticeable.
1344 1070 1358 1111 ]

449 1168 655 1199 ERASMVS
684 1168 1018 1199 ROTERODAMVS
1047 1168 1395 1199 CHRISTOPHORO
1426 1167 1650 1198 LONGOLIO
1681 1168 1715 1199 S.
1739 1168 1782 1199 D.

368 1251 461 1290 va
491 1250 637 1289 multis
667 1250 908 1289 nominibus
942 1250 1049 1288 mihi
1082 1250 1264 1289 iucunda
1291 1250 1384 1298 fuit,
1417 1249 1697 1288 eruditissime
1725 1248 1914 1298 Longoli‚

315 1315 488 1365 epistola
520 1317 603 1363 tua,
639 1328 722 1352 non
757 1315 830 1353 illa
860 1315 1030 1364 quidem
1059 1316 1110 1354 ad
1141 1328 1209 1353 me
1242 1316 1393 1365 scripta
1425 1314 1495 1353 sed
1526 1315 1575 1353 de
1604 1327 1686 1363 me,
1714 1317 1808 1353 tum
1836 1314 1916 1352 hoc

316 1383 541 1432 praecipue,
576 1381 685 1431 quod
720 1381 826 1419 mihi
865 1381 1083 1420 renouauit
1122 1383 1305 1420 veterem
1344 1381 1505 1431 ingenii
1542 1381 1606 1419 tui
1644 1381 1841 1419 noticiam
1871 1392 1917 1419 ac

316 1460 430 1497 spem
457 1447 710 1496 eloquentiae
740 1459 1001 1496 nequaquam
1026 1446 1219 1496 vulgaris,
1252 1459 1377 1497 quam
1401 1448 1500 1484 ante
1525 1446 1759 1496 complures
1786 1458 1917 1484 annos

281 1528 298 1559 5
316 1525 582 1562 conceperam
612 1525 661 1549 ex
696 1511 891 1550 Oratione
925 1512 1180 1562 panegyrica,
1219 1525 1299 1561 qua
1333 1511 1474 1550 laudes
1507 1511 1594 1550 diui
1625 1511 1837 1560 Lodouici,
1870 1511 1916 1549 ni

317 1577 449 1622 fallor,
486 1577 717 1616 Galliarum
752 1577 890 1626 Regis,
918 1577 1145 1616 admodum
1178 1578 1311 1616 adhuc
1350 1577 1515 1616 iuuenis
1549 1591 1593 1616 es
1626 1567 1914 1627 prosequutus.

318 1642 551 1692 Epistolam
571 1642 760 1680 exhibuit
786 1643 956 1691 Ruseus,
980 1643 1095 1681 vrbis
1121 1643 1312 1682 Lutetiae
1339 1643 1658 1692 suppraefectus,
1680 1643 1805 1681 homo
1824 1644 1916 1681 tum

318 1708 505 1746 eruditus
525 1707 635 1758 ipse,
672 1710 763 1745 tum
803 1708 1046 1747 eruditionis
1084 1709 1244 1747 alienae
1283 1708 1388 1747 mire
1426 1708 1627 1746 candidus
1663 1708 1914 1746 aestimator.

318 1773 499 1811 Tantum
528 1774 669 1811 31110111
703 1773 817 1810 abest
850 1775 897 1811 vt
926 1786 1044 1823 aegre
1078 1774 1209 1812 feram
1240 1774 1349 1812 mihi
1381 1772 1580 1824 praeferri
1611 1773 1840 1821 Budaeum,
1871 1775 1918 1811 vt

263 1851 301 1874 10
319 1839 363 1876 in
399 1838 522 1876 illum
559 1851 664 1887 pene
702 1850 856 1886 parcus,
897 1839 941 1876 in
986 1851 1051 1876 1110
1096 1839 1294 1889 prodigus
1331 1839 1518 1878 laudator
1561 1838 1687 1876 fuisse
1724 1837 1914 1877 videaris.

319 1903 500 1942 Abunde
520 1903 703 1941 multum
723 1903 787 1941 illi
806 1903 954 1942 tribuit
978 1907 1075 1942 tuus
1101 1905 1279 1952 candor;
1307 1904 1376 1943 sed
1404 1903 1567 1954 quoties
1595 1903 1780 1941 hominis
1803 1903 1919 1942 dotes

320 1982 444 2019 prope
471 1969 635 2007 diuinas
657 1969 923 2017 contemplor,
954 1970 1096 2008 videor
1121 1970 1227 2009 mihi
1253 1970 1393 2010 videre
1420 1969 1619 2019 quiddam
1644 1969 1778 2007 maius
1803 1969 1919 2007 omni

322 2034 525 2073 facundia.
602 2033 709 2072 Mihi
744 2048 843 2074 vero
881 2037 1049 2073 tantum
1086 2035 1239 2074 tribuis
1277 2038 1480 2085 quantum
1518 2047 1594 2073 nec
1631 2046 1807 2084 agnosco
1845 2046 1920 2072 nec

322 2098 510 2149 postulo:
541 2100 607 2138 cui
633 2100 795 2138 abunde
821 2100 1071 2149 palmarium
1101 2103 1164 2139 est
1192 2114 1236 2139 ac
1262 2100 1517 2150 triumphale
1542 2113 1637 2138 cum
1665 2099 1755 2137 viro
1783 2098 1920 2137 modis

267 2180 302 2211 15
324 2165 518 2204 omnibus
558 2165 875 2215 incomparabili
916 2168 1158 2216 comparari.
1233 2167 1375 2218 Neque
1415 2168 1577 2217 poteras
1617 2179 1710 2205 mea
1750 2165 1920 2216 quidem

322 2231 528 2271 sententia
559 2232 724 2282 plenius
757 2232 975 2271 honestare
1004 2233 1158 2272 famam
1186 2233 1364 2282 Erasmi,
1396 2245 1521 2283 quam
1550 2232 1587 2271 si
1613 2231 1737 2271 illum
1766 2232 1920 2271 faceres

322 2298 378 2336 ita
411 2298 683 2348 posteriorem
716 2297 884 2336 Budaeo
914 2300 959 2337 vt
998 2312 1095 2337 eum
1128 2313 1215 2338 non
1252 2299 1376 2350 longo
1408 2299 1631 2338 interuallo
1663 2300 1916 2349 sequeretur.

323 2363 475 2402 Maiore
509 2366 648 2402 tamen
682 2377 777 2402 cum
808 2364 1022 2414 voluptate
1055 2365 1213 2404 Budaei
1246 2365 1388 2404 laudes
1420 2364 1502 2415 legi
1533 2377 1659 2415 quam
1694 2377 1818 2413 meas,
1852 2364 1919 2403 vel

323 2430 431 2479 quod
461 2429 576 2468 illius
604 2429 756 2480 gloriae
785 2430 843 2468 sic
873 2430 1035 2468 faueam
1064 2433 1110 2469 vt
1138 2430 1298 2469 nullius
1323 2443 1459 2480 aeque,
1490 2430 1558 2468 vel
1586 2429 1694 2479 quod
1724 2429 1918 2480 quicquid

266 2508 305 2529 20
322 2495 387 2533 illi
425 2495 694 2545 possessionis
731 2497 793 2533 est
833 2495 1046 2544 honestae,
1080 2496 1121 2534 id
1160 2509 1302 2535 meum
1336 2496 1464 2534 etiam
1497 2508 1585 2535 esse
1623 2495 1794 2534 ducam:
1834 2508 1918 2533 non

625 2609 700 2640 934.
724 2618 753 2648 5.
781 2609 931 2639 consilio
949 2612 986 2640 F.
1125 2610 1198 2641 935.
1225 2620 1272 2641 10.
1299 2609 1462 2640 laudator
1476 2612 1548 2640 add.
1568 2612 1610 2640 H.

368 2708 442 2739 934.
457 2709 488 2739 8.
501 2707 768 2748 Antwerpiam]
781 2707 854 2737 The
869 2707 966 2738 dates
977 2708 1015 2738 of
1029 2709 1087 2739 his

325 2751 448 2782 letters
474 2751 572 2782 show
601 2751 681 2782 that
718 2751 889 2782 Erasmus
919 2754 1018 2782 went
1051 2754 1087 2783 10

325 2796 500 2834 Antwerp
528 2804 588 2824 1—-2
612 2794 727 2834 April,
746 2795 818 2825 and
844 2795 1013 2825 returned
1032 2796 1087 2826 be-

1155 2709 1216 2782 ilie
1227 2708 1338 2782 Ι’5131110
1361 2752 1450 2782 time
1477 2752 1570 2783 with
1594 2762 1614 2783 a
1638 2752 1787 2791 preface,
1814 2751 1919 2783 dated

1155 2795 1248 2826 from
1272 2795 1426 2826 Poitiers
1449 2805 1468 2834 5
1486 2795 1581 2835 Sept.
1601 2804 1695 2834 1510,
1714 2797 1752 2826 to
1771 2795 1920 2827 Francis

1307 2708 1521 2747 Stephanus,
1551 2708 1781 2748 presumably
1811 2709 1919 2740 about
1971 2730 1973 2732 -

326 2840 440 2869 txveen
475 2847 578 2877 14—7:
608 2838 663 2868 for
688 2848 756 2869 one
783 2848 933 2878 purpose
965 2839 1003 2869 of
1030 2839 1087 2869 his

327 2881 413 2911 visit
431 2891 487 2911 see
504 2882 567 2921 Ep.
586 2890 651 2921 955
669 2882 803 2914 introd.

370 2924 445 2955 935.
470 2935 500 2955 2.
526 2925 691 2965 epistola]
710 2926 773 2964 Ep.
790 2935 865 2964 914.

372 2977 402 3005 5.
427 2968 609 3009 Oratione]
649 2968 836 3000 Delivered
869 2971 905 2999 at
937 2969 1088 3000 Poitiers

328 3020 355 3040 c.
377 3020 416 3048 25
433 3012 521 3050 Aug.
547 3021 651 3049 1510;
679 3012 750 3042 and
769 3013 913 3049 printed
933 3016 969 3044 at
988 3013 1089 3044 Paris

1156 2839 1195 2870 of
1206 2838 1327 2870 Valois
1343 2839 1422 2869 who
1438 2839 1508 2870 had
1533 2840 1622 2870 been
1639 2839 1697 2869 his
1712 2839 1827 2879 pupil.
1872 2839 1918 2870 In

1156 2883 1218 2913 the
1244 2883 1384 2913 oration
1411 2882 1467 2923 (f⁰.
1491 2882 1522 2913 c²
1543 2884 1609 2920 νο.)
1638 2882 1829 2923 Longolius
1859 2882 1919 2913 de·

1155 2926 1286 2957 scribes
1317 2925 1487 2957 Erasmus
1510 2936 1548 2957 as
1572 2926 1721 2966 writing
1744 2927 1753 2942 ⁴
1766 2927 1915 2966 copiose,

1156 2971 1270 3009 acute,
1290 2969 1407 3000 nitide
1419 2969 1438 3001 ’.

1201 3023 1232 3051 7.
1257 3012 1410 3053 Ruseus]
1427 3013 1491 3043 See
1507 3022 1539 3052 p.
1558 3022 1634 3052 473.
