2034 3433
129 164 228 218 926]
649 166 801 207 FRoM
841 167 1010 207 Loms
1049 155 1200 208 RUZE·
1631 168 1710 207 507

127 268 233 317 quod
263 268 455 318 equidem
483 268 642 316 malim,
663 271 749 307 tota
777 269 990 308 incumbat
1017 271 1061 309 in
1090 270 1317 321 spongiam,
1339 271 1386 309 vt
1413 283 1465 308 ne
1495 268 1710 308 corchorus

125 332 247 383 (quod
263 334 396 384 aiunt)
411 334 491 373 sim
511 334 621 373 inter
640 334 772 373 olera:
802 335 900 374 satis
919 348 1118 386 superque
1135 335 1231 374 inde
1249 335 1356 374 mihi
1375 334 1534 374 laturus
1554 346 1710 384 operae·
1731 345 1769 367 10

126 398 260 446 precii,
294 399 329 437 si
361 401 616 450 perspectam
647 399 730 437 mei
758 399 956 438 hactenus
983 400 1143 439 silentii
1176 413 1343 439 causam
1371 399 1574 439 habueris.
1651 399 1711 436 At

126 474 223 501 vero
257 476 369 502 nunc
401 463 748 504 Christianissimi
780 463 907 514 Regis
939 465 1108 504 nomine
1141 464 1248 514 apud
1283 465 1498 504 Eburones
1529 463 1711 513 legatum

126 539 261 577 agens,
297 529 445 567 merito
477 528 666 579 ignauiae
698 529 944 580 penitusque
977 530 1129 579 sopitae
1164 529 1368 568 amicitiae
1403 541 1570 579 peragar
1602 540 1707 574 reus,

127 592 161 631 si
189 591 286 631 hinc
315 596 355 632 te
383 593 545 633 soluam
572 594 811 643 insalutato,
835 607 964 644 quum
993 595 1043 633 ad
1073 594 1337 633 scribendum
1366 597 1406 633 et
1434 595 1618 633 locorum
1644 605 1712 631 me

127 658 278 697 inuitet
311 658 464 698 vicinia
496 661 537 698 et
569 658 805 710 plusculum
834 661 1025 710 suppetat
1059 660 1138 699 ocii
1154 674 1163 707 ;
1201 673 1411 710 quumque
1443 659 1711 709 potissimum
1732 670 1769 702 15

127 722 208 761 sim
244 736 341 762 eum
378 725 524 763 nactus
560 725 763 763 nuncium
801 724 867 764 cui
905 724 1054 764 obnixe
1090 725 1294 774 flagitanti
1330 738 1405 763 nec
1444 724 1601 774 possim
1638 735 1712 761 nec

128 786 298 827 debeam
342 790 562 839 quicquam
602 788 829 840 denegare:
877 802 1026 840 nempe
1069 791 1189 829 tuum
1228 789 1295 828 vel
1339 789 1479 839 potius
1523 790 1711 828 nostrum

127 852 409 902 Paschasium‚
440 854 647 902 iuuenem,
678 855 714 894 si
748 855 845 905 quid
872 855 918 893 in
951 868 1019 893 me
1051 857 1115 894 est
1147 854 1301 903 iudicii,
1333 867 1505 904 magnae
1538 853 1636 904 spei,
1667 854 1714 891 vt

127 918 274 957 Latine
301 919 384 957 iam
409 919 665 969 perdoctum,
688 921 747 959 ita
772 920 1015 959 Graecitatis
1043 920 1391 967 amantissimum,
1421 919 1572 969 quippe
1599 918 1714 956 cuius

128 984 396 1034 capessendae
415 985 523 1024 miro
540 998 680 1024 amore
700 985 878 1035 flagrans
895 985 1003 1024 istuc
1022 985 1220 1035 euestigio
1246 984 1523 1023 discessurum
1551 996 1594 1022 se
1619 995 1714 1021 cum
1734 996 1772 1018 20

129 1049 282 1088 nostris
301 1049 435 1089 literis
453 1050 623 1090 ferebat.
685 1051 803 1099 Quod
827 1051 863 1089 si
888 1050 1001 1101 regia
1027 1051 1193 1101 quirent
1215 1049 1417 1088 incolumi
1442 1049 1596 1087 honore
1623 1060 1714 1086 meo

128 1114 298 1165 negocia
312 1127 451 1154 morae
467 1115 682 1165 quidpiam
697 1115 925 1164 admittere,
942 1129 1038 1155 cum
1057 1129 1105 1154 eo
1125 1115 1325 1165 correptis
1338 1114 1483 1164 vtique
1501 1113 1712 1160 talaribus,

357 1180 486 1220 Totus
512 1181 557 1219 in
586 1181 802 1231 amplexus
831 1183 872 1219 et
900 1181 946 1220 in
974 1181 1113 1220 oscula
1142 1180 1258 1219 mille
1286 1179 1486 1227 volarem,

129 1243 207 1282 isto
255 1257 305 1284 ex
352 1259 420 1284 ore
459 1246 653 1297 quicquid
695 1260 907 1292 venerum,
947 1246 1142 1297 quicquid
1189 1246 1342 1296 vbique
1379 1244 1604 1294 gratiarum
1640 1244 1712 1290 est,

127 1309 288 1348 affatim
306 1311 543 1351 hausturus.
1735 1325 1772 1358 25

183 1375 399 1414 Caeterum
437 1378 553 1415 tanto
592 1390 657 1415 me
694 1377 832 1416 fructu
868 1376 1165 1426 impraesentia
1201 1388 1337 1414 carere
1375 1388 1422 1413 eo
1465 1371 1715 1412 moderatius

128 1440 312 1479 sustineo
340 1442 449 1491 quod
469 1444 511 1480 te
536 1442 663 1481 altero
689 1442 804 1481 velut
829 1442 971 1481 iubare
997 1454 1160 1492 sperem
1188 1441 1303 1479 breui
1323 1442 1509 1478 nostram
1535 1436 1714 1476 Galliam

128 1505 409 1545 irradiandam
425 1520 435 1554 ;
469 1507 585 1546 cuius
603 1507 774 1546 iamiam
800 1507 975 1546 instanti
994 1507 1083 1546 luce
1102 1506 1169 1546 vel
1187 1507 1348 1544 montes
1373 1504 1484 1554 ipsos
1510 1501 1714 1552 (mirabile

129 1570 257 1621 dictu)
286 1573 431 1610 nutare
460 1573 786 1623 cateruatimque
813 1572 964 1622 gestire
990 1571 1142 1619 videas,
1173 1571 1417 1609 vanescente
1442 1568 1655 1619 paulatim,
1678 1567 1715 1605 si

131 1635 232 1686 quid
252 1636 385 1676 adhuc
403 1637 471 1676 hic
497 1638 609 1687 latet,
635 1638 808 1688 caligine
835 1651 881 1676 ac
908 1650 1088 1688 eousque
1112 1636 1273 1676 Tartari
1293 1634 1524 1684 refugiente
1542 1635 1588 1672 vt
1606 1634 1716 1671 terra
1734 1651 1775 1682 30

129 1700 250 1751 longe
287 1701 449 1754 lateque
482 1706 628 1754 patens
662 1717 814 1742 nouam
852 1703 1022 1742 omnino
1056 1703 1202 1742 faciem
1234 1702 1431 1740 indutura
1463 1699 1543 1739 sit:
1586 1700 1717 1737 mater

127 1766 351 1817 plusquam
376 1769 486 1808 alma
503 1769 684 1820 felixque
707 1770 858 1817 futura,
879 1768 916 1807 si
943 1781 986 1807 se
1011 1767 1178 1818 paribus
1204 1779 1374 1806 suorum
1398 1765 1718 1804 alumnorum—

129 1845 262 1883 neque
295 1834 409 1873 enim
441 1847 528 1873 esse
555 1837 596 1874 te
630 1835 799 1873 Gallum
828 1833 952 1872 iueris
980 1832 1325 1872 inficias—radiis
1354 1829 1596 1881 perlustrari
1624 1841 1716 1866 con-

130 1898 288 1947 spiciat.
343 1900 434 1939 Abs
472 1902 511 1939 te
544 1900 751 1950 siquidem
788 1901 910 1950 atque
941 1899 1120 1947 Budaeo,
1162 1896 1476 1937 micantissimis
1504 1895 1717 1943 Vtriusque

130 1961 298 2012 linguae
313 1964 492 2014 ignibus,
514 1965 575 2014 (vt
595 1966 644 2003 de
664 1964 835 2015 reliquis
849 1964 1021 2013 taceam)
1037 1977 1122 2002 non
1140 1963 1281 2001 minus
1301 1974 1428 2011 quam
1448 1960 1549 1999 olim
1571 1959 1716 1997 Italiae
1735 1976 1774 2008 35

131 2027 278 2067 Liuius
295 2031 336 2067 et
351 2030 556 2070 Salustius
574 2031 645 2069 aut
667 2030 858 2069 Graeciae
872 2028 1109 2068 Herodotus
1127 2042 1173 2067 ac
1187 2027 1450 2077 Thucydides
1463 2025 1713 2072 adtulerunt,

132 2093 363 2143 splendoris
382 2095 462 2134 sibi
481 2098 619 2146 sperat
638 2108 907 2134 accessurum.
967 2095 1143 2144 Emerge
1162 2094 1302 2143 igitur,
1327 2102 1713 2143 quaeso,——emerge,

133 2158 315 2210 inquam,
338 2174 517 2211 propere,
539 2161 695 2211 tibique
714 2160 1101 2211 indulgentissimae
1121 2159 1282 2210 parenti
1304 2171 1350 2197 ac
1375 2157 1458 2195 tuis
1481 2155 1650 2195 tandem
1676 2156 1715 2193 te

134 2224 257 2264 redde
276 2226 512 2264 fruc-ndum.

190 2291 299 2329 Vale.
323 2304 372 2329 ex
391 2291 541 2342 oppido
561 2291 790 2330 Leodiensi.
815 2289 1007 2340 postridie
1027 2290 1121 2328 idus
1140 2288 1321 2328 Martias.
1379 2290 1505 2326 Anno
1523 2298 1701 2324 M.D.X1x.
1733 2302 1776 2334 40

560 2429 657 2469 927.
716 2427 779 2468 To
810 2426 936 2468 JOHN
965 2426 1108 2467 Loms
1138 2425 1292 2468 VIVES.

182 2495 344 2540 Farrago
362 2507 397 2540 p.
415 2504 494 2540 305.
1424 2489 1600 2525 Mechlin.

182 2553 224 2589 F.
242 2565 278 2599 p.
299 2563 390 2598 413:
416 2553 506 2589 HN:
530 2553 644 2588 Lond.
664 2565 698 2588 x.
721 2562 764 2598 5:
789 2552 862 2588 LB.
880 2562 960 2597 394.
1357 2557 1399 2592 17
1418 2547 1550 2583 March
1570 2555 1670 2592 1519.

183 2633 294 2674 [1519,
313 2633 459 2664 because
473 2633 635 2664 between
652 2631 886 2663 Perdinand's
901 2631 1033 2662 arrival
1046 2631 1085 2661 in
1097 2630 1159 2661 the
1171 2627 1410 2660 Netherlands
1426 2627 1505 2668 (Ep.
1522 2626 1597 2665 846.
1614 2636 1652 2665 15
1665 2627 1715 2665 n.)

139 2677 211 2708 and
226 2676 289 2708 the
305 2676 528 2716 publication
545 2677 583 2708 of
596 2678 658 2707 the
673 2679 810 2714 Farraqo
831 2675 900 2715 (E).
946 2674 1122 2705 Erasmus’
1140 2673 1224 2704 visit
1235 2674 1270 2703 to
1286 2671 1443 2703 Mechlin
1460 2680 1533 2701 was
1548 2669 1716 2710 probably

138 2720 241 2751 made
256 2721 292 2750 at
308 2720 372 2750 the
389 2721 551 2751 instance
565 2720 605 2751 of
613 2720 672 2751 his
682 2719 819 2750 friends
831 2721 868 2750 at
881 2718 990 2749 Court
1004 2717 1061 2758 (cf.
1074 2717 1137 2757 Ep.
1152 2725 1227 2756 952.
1241 2716 1346 2755 61‚2)‚
1362 2715 1401 2745 in
1417 2714 1616 2745 connexion
1626 2713 1716 2744 with

139 2764 201 2794 the
231 2764 482 2803 appointment
514 2763 552 2794 of
581 2773 601 2794 a
626 2764 724 2794 tutor
750 2762 805 2793 for
826 2761 1035 2793 Ferdinand
1063 2761 1132 2799 (see
1159 2770 1192 2800 p.
1210 2758 1302 2798 492).
1365 2757 1406 2788 In
1430 2757 1488 2787 his
1511 2757 1634 2787 letters
1656 2756 1716 2788 the

139 2807 308 2838 duration
325 2805 362 2838 of
380 2807 410 2837 it
426 2816 490 2838 can
512 2806 598 2846 only
618 2807 660 2838 be
683 2805 804 2837 traced
826 2805 921 2836 from
946 2813 1045 2844 17-21
1070 2803 1203 2835 March.
1249 2801 1306 2833 He
1330 2811 1402 2832 was
1425 2802 1464 2831 in
1489 2799 1647 2831 Louvain
1672 2809 1718 2830 on

187 2929 238 2959 18.
262 2927 507 2969 Paschasium]
545 2926 748 2958 Berselius:
796 2926 824 2957 E
861 2929 897 2957 in
1007 2934 1058 2964 33.
1083 2925 1119 2954 te
1135 2922 1295 2963 Gallum]
1317 2922 1500 2960 Erasmus,
1520 2920 1667 2960 writing
1685 2922 1720 2951 to

139 2983 236 3010 mary.
283 2972 348 3003 See
363 2981 395 3011 p.
411 2980 465 3011 95.
964 2966 1217 3004 Budaeus‚had
1227 2967 1331 3006 given
1343 2967 1585 2996 countenance
1599 2965 1634 2995 to
1646 2964 1720 2995 this

182 3025 233 3054 27.
260 3014 430 3056 Galliam]
449 3014 499 3046 Cf.
516 3014 579 3054 Ep.
596 3014 669 3055 896.
685 3024 729 3053 90
745 3024 778 3044 n.
963 3013 1077 3050 view;
1107 3010 1148 3042 cf.
1167 3011 1251 3051 Epp.
1269 3019 1344 3049 534.
1359 3019 1431 3048 30‚1
1449 3007 1522 3039 and
1538 3017 1610 3046 321.
1630 3017 1669 3046 13
1685 3018 1719 3038 n.
