2034 3433
207 278 269 310 305

219 1255 282 1285 320

226 1582 286 1612 325

229 1909 292 1938 330

234 2234 295 2264 335

241 2559 302 2587 340

289 160 369 197 456
745 153 995 193 LETTERS
1034 153 1104 191 OF
1142 151 1409 192 ERASMUS
1746 149 1874 204 [1518

344 262 475 302 Multa
504 263 713 312 praetereo
742 258 876 297 sciens
905 270 1009 307 quae
1037 259 1084 294 tu
1111 256 1243 294 animi
1272 268 1394 295 causa
1421 255 1570 304 fingis:
1610 254 1718 304 quod
1747 267 1879 304 genus

289 328 404 375 illud,
444 330 530 366 ‘me
563 329 604 364 te
638 325 761 374 longa
797 322 1026 361 versauisse
1058 321 1244 371 epistola,
1280 321 1398 371 quasi
1430 320 1482 358 ab
1519 319 1753 358 aduersario
1789 333 1880 359 meo

290 392 456 432 steteris
471 390 631 441 prodita
644 387 836 428 amicitia.
852 389 924 425 aut
938 388 1064 436 script
1070 399 1188 425 orum
1202 399 1393 424 meorum
1408 384 1682 423 indicaturam
1697 384 1883 433 epistola·

291 471 385 496 rum
422 456 592 494 licentia
634 453 837 492 eleuaris.’
923 452 1038 491 Haec
1080 451 1267 501 quisquis
1311 451 1432 500 leget,
1477 450 1669 500 protinus
1706 449 1884 499 requiret

292 519 651 572 expostulatricem
678 519 794 557 illam
829 517 1047 567 epistolam
1081 529 1246 563 meam3
1289 529 1384 554 cum
1417 515 1461 553 in
1494 515 1562 553 his
1593 528 1696 564 quae
1725 517 1881 561 extant,

292 588 425 625 adhuc
451 599 502 623 ne
526 584 649 622 verbo
678 584 847 633 quidem
876 583 1046 621 huiusce
1071 582 1131 620 rei
1155 581 1436 619 meminerim.
1492 581 1555 618 Ac
1576 594 1672 618 mox
1692 578 1886 629 εἰρωνεύων

294 665 393 691 naso
416 650 647 701 suspendis,
672 649 782 699 quod
809 649 945 687 obiter.
965 647 1186 686 adiecerim
1217 647 1466 685 orthodoxos
1489 659 1634 684 omnes
1657 647 1818 684 veteres
1841 658 1887 684 ac

294 718 475 756 recentes
502 715 549 753 in
577 714 718 753 eadem
746 727 834 752 esse
863 726 984 752 causa
1013 713 1057 751 in
1087 725 1168 762 qua
1195 725 1263 750 me
1292 712 1423 750 Faber
1451 711 1646 749 collocat:
1677 724 1774 750 nam
1800 711 1888 761 ipse

295 783 496 830 ,ἱδιάφορος
520 793 642 827 eram,
666 780 774 829 quod
803 779 853 817 ad
878 792 969 817 eam
999 791 1087 816 rem
1115 777 1279 816 attinet.
1336 776 1393 814 Vt
1424 789 1509 814 non
1534 778 1681 825 egeant
1706 776 1771 814 illi
1797 789 1889 814 meo

296 847 532 898 patrocinio,
565 848 673 883 certe
701 845 873 883 videbor
900 843 1136 882 excusatius
1163 855 1254 881 eam
1287 842 1528 892 opinionem
1567 844 1726 880 tutatus
1763 841 1891 880 fuisse

260 930 276 959 5
296 914 493 952 aduersus
522 911 713 957 Fabrum,
737 911 782 948 in
806 923 886 960 qua
911 912 974 948 tot
999 908 1183 959 egregios
1202 908 1312 946 viros
1337 907 1512 945 habeam
1532 908 1764 957 ὁμοψήφους.
1824 907 1892 946 Ad

298 980 397 1017 haec
423 976 694 1028 quantumuis
719 975 862 1026 magni
888 975 973 1013 sint
993 974 1068 1021 illi,
1092 976 1232 1012 tamen
1255 972 1415 1011 nemini
1433 972 1538 1011 vitio
1566 974 1687 1011 datur
1705 986 1892 1012 summos

298 1045 423 1082 etiam
452 1043 563 1081 viros
592 1057 616 1081 a
644 1041 851 1080 calumnia
879 1041 1124 1087 defendere3
1162 1052 1257 1078 cum
1286 1039 1370 1077 sint
1399 1039 1470 1089 qui
1499 1039 1666 1078 Christo
1695 1039 1894 1077 aduersus

299 1109 448 1159 impias
485 1108 714 1147 calumnias
752 1107 839 1145 suis
876 1106 997 1144 libris
1033 1105 1356 1155 patrocinentur.
1429 1105 1512 1143 Nec
1550 1105 1658 1143 mihi
1696 1104 1796 1143 satis
1832 1106 1895 1143 est

299 1174 437 1213 solatii
476 1187 570 1212 cum
609 1172 839 1223 quamlibet
875 1171 1041 1210 eximiis
1080 1171 1182 1209 viris
1218 1170 1367 1208 habere
1409 1183 1575 1208 causam
1614 1182 1894 1216 communem,

301 1240 336 1279 si
354 1240 441 1278 illis
460 1239 511 1277 ob
530 1238 822 1289 antiquitatem
844 1237 1083 1287 ignoscitur,
1108 1236 1215 1274 mihi
1234 1235 1433 1274 scribitur
1452 1236 1554 1274 dica.

356 1304 467 1343 Huic
497 1304 762 1342 simillimum
788 1305 851 1341 est
878 1302 986 1353 quod
1009 1303 1054 1340 in
1080 1304 1152 1340 tua
1178 1301 1365 1351 sequitur
1392 1301 1578 1351 epistola.
1633 1300 1894 1352 Scripseram,

302 1372 338 1409 si
356 1370 480 1408 Fabri
499 1369 815 1408 insectationem
835 1368 1104 1407 insectatione
1131 1367 1396 1412 retaliassem,
1418 1366 1607 1405 obtexere
1626 1368 1815 1416 poteram
1833 1366 1899 1404 ius

303 1448 509 1486 nusquam
538 1434 727 1486 gentium
756 1447 841 1472 non
872 1434 1147 1481 decantatum,
1171 1433 1260 1471 vim
1284 1432 1327 1470 v'i
1354 1432 1550 1481 repellere
1574 1432 1683 1478 licet,
1712 1445 1807 1470 cum
1830 1445 1898 1470 me

305 1514 451 1550 negem
471 1514 518 1538 eo
538 1500 627 1538 iure
646 1512 769 1538 vsum
786 1513 795 1537 :
827 1502 867 1537 et
888 1502 1031 1537 tamen
1052 1501 1099 1537 tu
1120 1498 1289 1549 perinde
1305 1511 1469 1536 mecum
1484 1497 1572 1547 agis
1587 1510 1632 1535 ac
1647 1497 1683 1536 si
1700 1497 1898 1536 dixissem

305 1579 438 1604 vsum.
499 1564 776 1604 Contumeliis
804 1564 1018 1602 lacessitus
1051 1563 1307 1613 argumentis
1340 1564 1591 1612 respondeo:
1633 1576 1687 1601 an
1724 1563 1802 1601 hoc
1839 1564 1899 1600 est

306 1632 392 1670 vim
421 1630 466 1669 vi
495 1630 726 1680 repellere?
784 1630 918 1679 Negas
946 1630 1023 1667 hoc
1053 1630 1156 1679 legis
1184 1631 1306 1678 caput
1331 1642 1547 1667 summum
1571 1627 1695 1667 illum
1718 1628 1898 1666 iudicem

307 1698 351 1735 in
369 1709 465 1735 suas
484 1696 646 1734 tabulas
670 1698 740 1734 aut
767 1695 952 1733 edictum
977 1695 1266 1733 transtulisse:
1295 1696 1337 1732 et
1361 1697 1502 1733 tamen
1529 1707 1673 1732 omnes
1695 1692 1900 1742 theologo-

308 1774 402 1799 rum
430 1761 638 1799 centuriae
666 1760 800 1810 legem
829 1760 935 1798 hanc
968 1761 1210 1809 agnoscunt,
1244 1772 1328 1797 non
1362 1760 1559 1810 agnituri,
1593 1759 1676 1798 nisi
1703 1758 1835 1806 fallor,
1867 1757 1902 1797 si

309 1840 404 1864 cum
433 1825 591 1865 Christi
618 1827 820 1876 pugnaret
852 1825 1083 1863 interdicto.
1158 1825 1329 1863 Modum
1367 1825 1599 1875 inculpatae
1637 1824 1790 1863 tutelae
1831 1824 1903 1873 qui

309 1893 425 1942 potes
443 1891 489 1929 111
509 1904 575 1929 1110
594 1891 845 1941 desyderare,
868 1891 937 1940 qui
958 1890 1155 1928 conuiciis
1174 1891 1324 1929 odiosis
1344 1890 1558 1929 lacessitus
1577 1889 1743 1928 nullum
1761 1902 1904 1939 regero

311 1957 581 1996 conuicium?
615 1956 698 1994 nisi
727 1956 903 1994 conuicii
931 1956 1064 1994 instar
1091 1968 1180 1994 esse
1209 1955 1373 2003 iudicas,
1406 1969 1501 1994 cum
1530 1954 1691 2005 depulsi
1718 1954 1908 1993 criminis

311 2022 471 2060 inuidia
490 2034 565 2060 sua
585 2023 731 2072 sponte
751 2021 896 2059 recidit
916 2021 961 2059 in
982 2022 1215 2059 calumniae
1233 2022 1431 2060 autorem.
1492 2020 1597 2069 Quid
1618 2020 1731 2058 enim
1745 2020 1904 2066 faciam,

313 2088 348 2126 si
375 2087 453 2125 tibi
479 2087 600 2137 paulo
629 2087 793 2137 longior
820 2099 867 2124 30
895 2085 1064 2124 liberior
1092 2086 1258 2124 videtur
1285 2086 1522 2137 Apologia?
1577 2086 1646 2124 Ad
1669 2086 1803 2124 animi
1826 2084 1907 2124 mei

315 2153 485 2191 modum
505 2165 592 2190 rem
611 2151 854 2202 temperaui,
879 2165 974 2190 cum
995 2151 1059 2189 tui
1085 2165 1336 2201 gnomonem
1364 2165 1449 2189 non
1469 2152 1679 2190 haberem.
1740 2150 1825 2189 Nec
1844 2153 1909 2189 est

315 2218 423 2268 quod
452 2218 564 2256 hunc
593 2230 773 2256 errorem
801 2217 846 2255 in
876 2217 1030 2255 amicos
1058 2217 1320 2266 instigatores
1353 2216 1523 2256 reiicias.
1580 2217 1750 2255 Praeter
1777 2229 1908 2255 vnum

316 2298 381 2322 me
402 2283 545 2322 nullus
564 2282 672 2321 mihi
697 2283 777 2321 fuit
806 2283 851 2320 in
875 2283 1060 2321 consilio.
1119 2282 1232 2321 Pene
1256 2283 1336 2321 fuit
1362 2295 1512 2321 excusa
1535 2282 1778 2332 priusquam
1805 2281 1910 2331 quis—

316 2362 441 2399 quam
472 2348 596 2387 sciret
625 2348 918 2386 excudendam.
979 2347 1073 2386 Hoc
1101 2348 1233 2398 magis
1261 2348 1485 2386 acceleraui
1515 2361 1566 2386 ne
1595 2361 1664 2386 me
1691 2346 1911 2397 negocium

318 2417 364 2452 vt
393 2413 681 2461 necessarium,
712 2414 770 2451 sic
800 2413 1082 2461 inamoenum,
1116 2413 1187 2451 diu
1216 2414 1387 2451 teneret.
1449 2413 1530 2451 Res
1561 2412 1649 2462 ipsa
1677 2412 1777 2462 quid
1805 2413 1912 2451 esset

318 2479 522 2529 agendum
556 2480 700 2517 suasit.
756 2479 898 2528 Atque
936 2481 982 2516 vt
1015 2478 1132 2516 doleo
1166 2491 1233 2516 me
1263 2479 1532 2527 prouocatum
1564 2490 1588 2516 a
1625 2491 1705 2528 quo
1738 2475 1913 2515 minime

320 2544 520 2591 volebam,
556 2544 614 2582 ita
650 2544 865 2582 intantum
904 2557 990 2582 non
1030 2543 1213 2593 poenitet
1242 2543 1480 2592 Apologiae‚
1516 2544 1563 2581 vt
1601 2543 1635 2581 si
1669 2542 1763 2593 quis
1792 2541 1914 2580 hodie

321 2610 380 2648 sic
409 2611 612 2659 prouocet,
636 2611 676 2647 et
702 2610 896 2659 prouocet
915 2609 1215 2657 immerentem,
1241 2621 1330 2647 cras
1354 2608 1434 2647 sim
1459 2608 1641 2646 similem
1668 2606 1914 2657 Apologiam

322 2675 605 2722 adornatums.
628 2675 943 2712 moderatiorem
962 2687 1015 2712 an
1035 2673 1411 2712 immoderatiorem
1425 2675 1644 2711 incertum.
1698 2672 1793 2710 Non
1808 2670 1914 2710 mihi

323 2739 454 2788 placet
473 2739 622 2778 lenitas
642 2740 686 2777 in
706 2739 783 2777 hoc
801 2752 885 2778 vno
904 2738 1082 2777 conuicii
1107 2751 1277 2788 genere:
1308 2740 1349 2776 et
1368 2740 1510 2776 tamen
1529 2738 1574 2776 in
1594 2737 1667 2776 illa
1687 2736 1916 2786 quamlibet

324 2805 446 2853 longa
482 2817 573 2842 mea
610 2804 814 2854 Apologia
851 2804 991 2842 minus
1028 2803 1205 2853 reperies
1243 2803 1446 2841 stomachi
1486 2816 1611 2852 quam
1650 2803 1693 2840 in
1730 2802 1807 2840 hac
1828 2803 1916 2839 'tua

370 2919 443 2955 306.
467 2917 576 2958 illud]
593 2918 656 2958 Ep.
675 2918 749 2949 810.
771 2927 884 2956 121—3.
1198 2926 1272 2956 321.
1295 2916 1473 2958 sequitur]
1490 2917 1554 2957 Ep.
1572 2917 1644 2947 810.
1665 2926 1721 2954 141
1739 2925 1811 2955 seq.

370 2970 444 2998 310.
470 2961 568 3002 mox]
598 2961 660 3000 Ep.
687 2962 762 2992 810.
792 2970 922 3000 124-5;
956 2961 999 2993 cf.
1024 2960 1086 3001 Ep.
1244 2960 1479 3001 Scripseram]
1496 2960 1561 3000 Ep.
1581 2961 1654 2999 778.
1675 2960 1790 2999 178-9.

332 3004 401 3041 778.
422 3003 533 3042 182-3.
1202 3005 1274 3042 326.
1302 3004 1430 3045 Negas]
1448 3004 1514 3044 Ep.
1532 3005 1606 3034 810.
1626 3011 1740 3042 143-5.
