2034 3433
277 129 359 169 330
740 126 992 167 LETTERS
1033 126 1102 164 OF
1142 125 1406 165 ERASMUS
1748 125 1786 179 [1
1796 138 1817 176 5
1827 139 1841 163 1
1851 129 1873 164 8

275 236 339 273 est
367 234 419 273 ab
448 234 544 280 illis,
572 246 644 271 cur
668 231 792 270 nobis
818 243 903 268 non
930 229 1027 267 licet
1053 229 1198 267 eodem
1228 229 1342 279 loqui
1368 230 1530 269 modo?
1586 241 1659 266 cur
1681 229 1727 267 in
1755 229 1877 268 nobis

275 300 596 350 reprehenditur
616 296 726 348 quod
744 296 791 334 in
810 295 897 333 illis
915 295 1146 345 probatur?
1197 294 1243 333 Si
1262 307 1348 333 non
1371 296 1493 342 recte,
1521 307 1594 332 eur
1618 292 1715 332 illos
1739 294 1875 333 defen-

274 366 391 413 dunt,
420 378 496 403 nos
522 364 567 401 in
589 362 733 401 eadem
757 373 878 399 causa
902 359 1213 398 criminantur?
1269 359 1361 398 Iam
1388 359 1508 410 quale
1527 361 1590 398 est
1610 359 1807 409 quicquid
1827 360 1879 399 ab

192 435 253 477 665
273 431 460 480 antiquis
475 429 636 467 dictum
650 429 713 465 est
729 426 837 464 tueri
851 427 923 464 aut
938 426 1045 463 certe
1060 424 1112 463 ad
1126 425 1260 464 multa
1274 426 1506 472 conniuere,
1530 425 1577 463 in
1597 423 1876 463 recentiorum

274 495 395 534 libris
414 494 523 532 nihil
544 506 629 531 non
650 491 898 530 calumniari
912 492 932 530 ‘3

328 559 444 607 Vide,
477 558 654 597 Martine
683 557 940 604 charissime,
970 556 1017 594 in
1045 556 1245 606 quantulo
1273 556 1419 595 libello
1445 557 1547 606 quot
1577 554 1877 594 deliramenta!

274 639 368 664 cum
382 628 525 664 tamen
540 638 589 663 ex
605 623 754 662 multis
767 635 897 673 pauca
913 622 1116 672 quaedam
1132 623 1387 662 annotarim:
1416 623 1535 662 cuius
1550 635 1696 672 operae
1709 634 1778 660 me
1793 621 1879 659 iam

273 704 373 730 sane
403 691 600 741 poenitet.
661 689 717 728 Et
746 690 890 727 tamen
918 688 999 727 sibi
1027 688 1161 726 fidens
1188 687 1313 727 audet
1341 690 1383 727 te
1411 688 1593 727 iudicem
1612 687 1745 726 facere
1774 699 1879 725 num

192 763 255 804 670
273 756 372 807 quid
388 755 608 805 ineptierit,
627 767 723 793 cum
737 754 806 793 hic
820 754 1033 804 aliquanto
1047 753 1143 803 plus
1159 754 1214 792 sit
1229 753 1482 804 ineptiarum
1500 767 1625 804 quam
1639 752 1874 792 verborum.

273 822 339 860 En
363 821 505 872 quales
532 820 658 860 habet
684 820 885 859 Erasmus
911 821 1218 870 praeceptores!
1270 821 1409 870 Atque
1428 819 1498 858 hic
1516 822 1579 858 est
1599 818 1788 869 egregius
1807 817 1881 856 ille

272 887 388 935 liber,
412 900 536 937 quem
555 888 650 936 post
669 885 812 925 decem
831 885 927 924 illas
946 885 1241 933 conclusiones,
1264 898 1367 936 quae
1385 885 1631 933 multorum,
1654 886 1700 924 vt
1727 883 1875 934 inquit,

276 966 426 992 manus
445 954 730 1003 peruolarunt‚
750 951 989 1000 elaborauit,
1009 951 1162 990 eximio
1182 951 1348 991 cuidam
1371 952 1461 990 viro
1481 952 1717 998 dicaturus3
1748 950 1881 988 iubet·

274 1032 353 1070 que
380 1021 427 1058 vt
454 1021 571 1058 tanta
590 1018 753 1058 vtilitas
773 1018 867 1057 fidis
886 1031 933 1057 ac
952 1018 1093 1068 probis
1112 1018 1257 1057 amicis
1285 1018 1627 1057 communicetur.
1687 1016 1879 1066 Denique

192 1092 253 1132 675
273 1085 323 1123 ad
352 1084 578 1135 palestram
608 1085 817 1134 prouocat,
849 1083 886 1122 si
917 1083 1010 1133 quis
1038 1084 1149 1122 ausit
1177 1096 1329 1122 manus
1358 1096 1580 1130 conserere,
1611 1081 1880 1133 pugilemque

273 1150 447 1200 requirit
463 1165 474 1198 ;
503 1149 630 1189 saluis
648 1151 792 1188 tamen
812 1148 988 1199 egregiis
1007 1149 1114 1188 tanti
1128 1149 1210 1188 viri
1226 1149 1386 1197 studiis,
1408 1163 1512 1200 quae
1528 1161 1615 1187 non
1630 1147 1713 1187 nisi
1729 1160 1880 1197 magno

273 1215 384 1256 orbis
403 1216 513 1255 malo
533 1217 687 1266 queant
706 1214 942 1253 intermitti.
1004 1215 1099 1254 Imo
1119 1216 1230 1254 mala
1247 1216 1382 1254 scabie
1401 1215 1511 1254 male
1529 1214 1665 1265 prurit
1681 1213 1817 1261 miser,
1840 1215 1881 1251 et

273 1281 436 1332 quaerit
456 1282 523 1320 cui
542 1295 629 1320 sese
648 1281 816 1319 affricet.
874 1281 955 1329 Qui
973 1281 1116 1331 sapiet,
1138 1281 1366 1320 abstinebit
1380 1294 1404 1320 a
1418 1281 1622 1319 contactu.
1674 1280 1762 1330 Ego
1782 1291 1881 1317 sane

273 1348 464 1387 nondum
485 1348 544 1386 sic
563 1347 632 1386 odi
650 1347 866 1385 hominem
885 1348 931 1385 vt
954 1360 1050 1385 eum
1073 1346 1203 1385 velim
1227 1347 1360 1386 doctis
1383 1346 1580 1385 omnibus
1605 1345 1880 1383 deridendum

192 1419 256 1451 680
272 1413 502 1463 propinare,
540 1412 706 1451 etiamsi
735 1412 814 1450 hoc
847 1412 986 1462 cupiat
1018 1412 1117 1462 ipse.
1190 1413 1265 1461 Tu,
1303 1413 1362 1451 mi
1393 1413 1535 1462 Lypsi,
1566 1412 1630 1450 fac
1659 1411 1881 1449 admoneas

274 1478 491 1517 hominem
517 1481 564 1517 vt
589 1478 761 1528 posthac
788 1477 921 1516 otium
948 1490 1072 1516 suum
1098 1478 1221 1528 paulo
1247 1478 1397 1517 melius
1417 1477 1619 1516 collocet..
1661 1475 1707 1514 Si
1725 1475 1881 1525 probus

275 1545 346 1592 est,
369 1545 611 1583 admonitus
632 1543 845 1593 resipiscet
862 1557 871 1591 3
900 1542 967 1581 sin
989 1543 1223 1593 deploratae
1242 1544 1411 1591 mentis,
1426 1542 1652 1592 relinquito
1667 1541 1790 1580 illum
1805 1553 1879 1579 suo

273 1608 430 1648 morbo.
503 1609 600 1659 Ipse
632 1610 679 1647 in
709 1610 864 1648 sanctis
894 1609 1111 1648 autoribus
1141 1609 1385 1648 euoluendis
1418 1609 1575 1648 versari
1603 1607 1726 1646 malis
1755 1618 1879 1656 quam

274 1674 515 1713 huiusmodi
534 1675 698 1713 naeniis
717 1676 894 1713 aetatem
915 1676 1137 1713 conterere.

191 1747 254 1789 685
329 1740 445 1779 Bene
464 1741 566 1779 vale.
617 1742 741 1779 Amo
761 1753 855 1778 M.D.
875 1753 999 1779 XVIII.
1059 1740 1192 1779 Nonis
1213 1740 1323 1778 Maii.

783 1871 939 1913 τ69844.
998 1871 1063 1913 ΤΟ
1094 1871 1221 1913 JOHN
1253 1871 1364 1913 ECK.

322 1929 545 1965 Auctarium
564 1941 598 1974 p.
618 1938 675 1974 45.
1638 1928 1758 1964 Basle.

324 1987 363 2022 F.
381 2000 413 2033 p.
440 1990 528 2024 108:
556 1986 649 2024 HN:
678 1987 793 2022 Lond.
808 1987 846 2022 11.
868 1989 933 2023 26:
964 1987 1036 2022 LB.
1057 1988 1136 2033 376.
1563 1997 1602 2032 15
1623 1987 1711 2032 May
1733 1988 1834 2033 1518.

489 2068 579 2109 [The
595 2069 678 2100 date
694 2070 725 2099 is
741 2069 938 2100 confirmed
954 2069 1002 2108 by
1017 2069 1080 2100 the
1097 2070 1261 2101 mention
1278 2069 1317 2100 of
1329 2069 1474 2102 Curtius
1491 2070 1531 2111 (1.
1549 2070 1658 2112 297).]

363 2162 459 2193 DES.
491 2162 696 2192 ERASMVS
726 2162 1060 2193 ROTERODAMVS
1090 2162 1522 2195 CONSVMMATISSIMO
1553 2163 1793 2195 THEOLOGO

811 2232 853 2262 D.
886 2231 1049 2262 IOANNI
1080 2232 1219 2263 ECKIO
1250 2232 1283 2263 S.
1305 2232 1348 2263 D.

330 2312 537 2360 Aenosco,
561 2311 622 2349 mi
641 2311 756 2359 Ecki,
780 2313 897 2350 tuam
922 2311 1232 2352 humanitatem
1252 2313 1385 2352 literis
1410 2313 1503 2352 istis
1527 2326 1572 2352 ac
1599 2326 1689 2352 rara
1712 2326 1880 2363 prorsus

277 2377 509 2416 eruditione
531 2377 710 2426 dignam.
752 2377 875 2416 Vltro
893 2377 1029 2416 defers
1048 2379 1157 2428 quod
1178 2378 1285 2417 mihi
1304 2379 1456 2418 studiis
1475 2378 1670 2418 omnibus
1689 2380 1776 2417 erat
1793 2392 1879 2417 am-

276 2443 486 2491 biendum,
505 2445 629 2492 atque
647 2443 726 2481 hoc
745 2442 835 2492 ipso
855 2442 961 2481 mihi
981 2444 1147 2483 charius
1167 2447 1229 2483 est
1250 2446 1358 2494 quod
1377 2445 1487 2484 vltro
1507 2445 1562 2483 sit
1581 2444 1769 2483 oblatum
1787 2458 1797 2492 3
1825 2458 1879 2483 ne

277 2521 438 2557 semper
466 2508 683 2558 prouerbio
712 2507 826 2547 locus
854 2508 919 2556 sit,
941 2508 1164 2548 Vltroneas
1184 2512 1326 2560 putere
1351 2523 1522 2549 merces.
1583 2509 1801 2548 Caeterum
1830 2510 1879 2549 de

241 2585 258 2615 5
278 2572 470 2611 laudibus
492 2586 594 2623 quas
612 2573 658 2612 in
677 2586 745 2612 me
764 2573 944 2623 benigne
963 2575 1097 2624 magis
1122 2588 1248 2625 quam
1277 2576 1427 2614 merito
1456 2575 1657 2625 congeris,
1679 2575 1788 2613 nihil
1813 2575 1879 2614 vel

275 2651 451 2688 agnosco
472 2639 538 2677 vel
558 2639 786 2689 amplector
803 2641 965 2689 praeter
985 2640 1118 2678 animi
1143 2654 1241 2690 erga
1266 2654 1334 2680 me
1359 2641 1422 2680 tui
1448 2641 1682 2680 candorem.
1742 2641 1881 2680 Tuum

276 2704 422 2753 tuique
443 2704 650 2742 similium
668 2706 731 2743 est
746 2705 797 2743 ad
813 2705 914 2743 istas
928 2717 1146 2755 procerum
1160 2706 1322 2755 palmas
1337 2707 1585 2745 contendere
1602 2721 1611 2754 ;
1642 2719 1718 2744 nos
1736 2705 1880 2756 pusilli

277 2768 429 2817 pusilla
457 2770 700 2809 tractamus.
755 2771 818 2809 De
843 2770 971 2809 Zoilis
991 2770 1043 2820 (si
1066 2772 1207 2809 tamen
1234 2771 1332 2810 huic
1357 2772 1631 2810 homuncioni
1659 2771 1877 2822 quisquam

321 2866 396 2896 843.
423 2867 499 2905 667.
526 2865 681 2897 Martine
698 2869 751 2897 H:
776 2867 818 2898 N.
838 2870 875 2898 D.
1023 2868 1097 2898 680.
1123 2869 1223 2907 cupit
1240 2871 1281 2899 H.
1396 2869 1504 2910 Lypsi
1520 2873 1572 2900 N:
1597 2869 1682 2910 Lysi
1700 2872 1754 2900 H:
1779 2869 1822 2901 N.
1838 2871 1877 2901 D.

281 2909 358 2946 685.
381 2918 472 2940 ANNO
489 2920 544 2941 om.
565 2913 601 2941 F.
690 2913 740 2941 F:
763 2920 915 2942 M.D.vnr.
934 2914 975 2942 D.

752 2993 827 3023 844.
852 3004 881 3031 4.
907 2993 1114 3034 Vltroneas]
1131 2993 1183 3025 Cf.
1204 2996 1305 3032 Adaq.
1323 2995 1396 3033 853.
