<?xml version="1.0" encoding="UTF-8"?>
<!DOCTYPE html PUBLIC "-//W3C//DTD XHTML 1.0 Transitional//EN"
    "http://www.w3.org/TR/xhtml1/DTD/xhtml1-transitional.dtd">
<html xmlns="http://www.w3.org/1999/xhtml" xml:lang="en" lang="en">
 <head>
  <title>
</title>
<meta http-equiv="Content-Type" content="text/html;charset=utf-8" />
  <meta name='ocr-system' content='tesseract 3.04.00' />
  <meta name='ocr-capabilities' content='ocr_page ocr_carea ocr_par ocr_line ocrx_word'/>
</head>
<body>
  <div class='ocr_page' id='page_1' title='image "./opusepistolarumd03erasuoft_0531.png"; bbox 0 0 2034 3433; ppageno 0'>
   <div class='ocr_carea' id='block_1_1' title="bbox 131 142 1723 192">
    <p class='ocr_par' dir='ltr' id='par_1_1' title="bbox 131 142 1723 192">
     <span class='ocr_line' id='line_1_1' title="bbox 131 142 1723 192; baseline 0.003 -13"><span class='ocrx_word' id='word_1_1' title='bbox 131 145 230 192; x_wconf 71' lang='lat'>915]</span> <span class='ocrx_word' id='word_1_2' title='bbox 546 142 699 180; x_wconf 82' lang='lat' dir='ltr'><strong>FROM</strong></span> <span class='ocrx_word' id='word_1_3' title='bbox 741 142 1004 181; x_wconf 87' lang='lat' dir='ltr'><strong>WILLIAM</strong></span> <span class='ocrx_word' id='word_1_4' title='bbox 1047 144 1317 182; x_wconf 78' lang='lat' dir='ltr'>BUDAEUs</span> <span class='ocrx_word' id='word_1_5' title='bbox 1644 146 1723 183; x_wconf 78' lang='lat'>477</span> 
     </span>
    </p>
   </div>
   <div class='ocr_carea' id='block_1_2' title="bbox 126 243 1782 2898">
    <p class='ocr_par' dir='ltr' id='par_1_2' title="bbox 129 243 1782 684">
     <span class='ocr_line' id='line_1_2' title="bbox 130 243 1722 292; baseline 0.003 -11"><span class='ocrx_word' id='word_1_6' title='bbox 130 243 345 283; x_wconf 85' lang='lat' dir='ltr'>volumina</span> <span class='ocrx_word' id='word_1_7' title='bbox 383 244 455 282; x_wconf 87' lang='lat' dir='ltr'>illa</span> <span class='ocrx_word' id='word_1_8' title='bbox 486 243 801 282; x_wconf 87' lang='lat' dir='ltr'>Paroemiarum</span> <span class='ocrx_word' id='word_1_9' title='bbox 836 245 1003 282; x_wconf 88' lang='lat' dir='ltr'>tuarum</span> <span class='ocrx_word' id='word_1_10' title='bbox 1037 245 1181 292; x_wconf 87' lang='lat' dir='ltr'>aedita,</span> <span class='ocrx_word' id='word_1_11' title='bbox 1217 245 1268 284; x_wconf 93' lang='lat' dir='ltr'>iis</span> <span class='ocrx_word' id='word_1_12' title='bbox 1298 247 1463 285; x_wconf 87' lang='lat' dir='ltr'>tantum</span> <span class='ocrx_word' id='word_1_13' title='bbox 1494 247 1555 285; x_wconf 87' lang='lat' dir='ltr'>vti</span> <span class='ocrx_word' id='word_1_14' title='bbox 1585 247 1722 285; x_wconf 78' lang='lat' dir='ltr'><strong>licebit</strong></span> 
     </span>
     <span class='ocr_line' id='line_1_3' title="bbox 130 309 1723 362; baseline 0.003 -16"><span class='ocrx_word' id='word_1_15' title='bbox 130 309 252 348; x_wconf 88' lang='lat' dir='ltr'>credo</span> <span class='ocrx_word' id='word_1_16' title='bbox 290 322 392 360; x_wconf 87' lang='lat' dir='ltr'>quae</span> <span class='ocrx_word' id='word_1_17' title='bbox 425 311 469 348; x_wconf 87' lang='lat' dir='ltr'>tu</span> <span class='ocrx_word' id='word_1_18' title='bbox 501 309 821 348; x_wconf 87' lang='lat' dir='ltr'>concenturiasti</span> <span class='ocrx_word' id='word_1_19' title='bbox 849 312 891 348; x_wconf 92' lang='lat' dir='ltr'>et</span> <span class='ocrx_word' id='word_1_20' title='bbox 919 310 1049 348; x_wconf 90' lang='lat' dir='ltr'>veluti</span> <span class='ocrx_word' id='word_1_21' title='bbox 1079 311 1122 348; x_wconf 90' lang='lat' dir='ltr'>in</span> <span class='ocrx_word' id='word_1_22' title='bbox 1154 324 1350 350; x_wconf 89' lang='lat' dir='ltr'>numeros</span> <span class='ocrx_word' id='word_1_23' title='bbox 1378 312 1587 362; x_wconf 87' lang='lat' dir='ltr'>legitimos</span> <span class='ocrx_word' id='word_1_24' title='bbox 1616 313 1723 350; x_wconf 91' lang='lat' dir='ltr'>rede-</span> 
     </span>
     <span class='ocr_line' id='line_1_4' title="bbox 129 373 1724 426; baseline 0.002 -14"><span class='ocrx_word' id='word_1_25' title='bbox 129 373 251 424; x_wconf 84' lang='lat' dir='ltr'>gisti:</span> <span class='ocrx_word' id='word_1_26' title='bbox 282 374 400 425; x_wconf 84' lang='lat' dir='ltr'>quasi</span> <span class='ocrx_word' id='word_1_27' title='bbox 417 388 515 413; x_wconf 90' lang='lat' dir='ltr'>vero</span> <span class='ocrx_word' id='word_1_28' title='bbox 535 375 571 413; x_wconf 90' lang='lat' dir='ltr'>si</span> <span class='ocrx_word' id='word_1_29' title='bbox 590 374 682 424; x_wconf 89' lang='lat' dir='ltr'>quis</span> <span class='ocrx_word' id='word_1_30' title='bbox 705 387 995 424; x_wconf 79' lang='lat' dir='ltr'>compascuum</span> <span class='ocrx_word' id='word_1_31' title='bbox 1020 389 1166 426; x_wconf 86' lang='lat' dir='ltr'>agrum</span> <span class='ocrx_word' id='word_1_32' title='bbox 1194 377 1368 415; x_wconf 84' lang='lat' dir='ltr'>maceria</span> <span class='ocrx_word' id='word_1_33' title='bbox 1397 377 1653 425; x_wconf 91' lang='lat' dir='ltr'>concluserit,</span> <span class='ocrx_word' id='word_1_34' title='bbox 1677 379 1724 416; x_wconf 91' lang='lat' dir='ltr'>vt</span> 
     </span>
     <span class='ocr_line' id='line_1_5' title="bbox 130 439 1721 490; baseline 0.003 -13"><span class='ocrx_word' id='word_1_35' title='bbox 130 439 304 479; x_wconf 84' lang='lat' dir='ltr'>viciniae</span> <span class='ocrx_word' id='word_1_36' title='bbox 324 440 578 490; x_wconf 87' lang='lat' dir='ltr'>intersepiat,</span> <span class='ocrx_word' id='word_1_37' title='bbox 600 439 638 478; x_wconf 91' lang='lat' dir='ltr'>id</span> <span class='ocrx_word' id='word_1_38' title='bbox 660 452 704 477; x_wconf 91' lang='lat' dir='ltr'>se</span> <span class='ocrx_word' id='word_1_39' title='bbox 724 452 800 478; x_wconf 88' lang='lat' dir='ltr'>vsu</span> <span class='ocrx_word' id='word_1_40' title='bbox 828 440 981 489; x_wconf 83' lang='lat' dir='ltr'>cepisse</span> <span class='ocrx_word' id='word_1_41' title='bbox 1008 441 1096 479; x_wconf 88' lang='lat' dir='ltr'>iure</span> <span class='ocrx_word' id='word_1_42' title='bbox 1117 442 1363 479; x_wconf 86' lang='lat' dir='ltr'>contendere</span> <span class='ocrx_word' id='word_1_43' title='bbox 1384 442 1514 490; x_wconf 91' lang='lat' dir='ltr'>possit</span> <span class='ocrx_word' id='word_1_44' title='bbox 1533 456 1579 480; x_wconf 85' lang='lat' dir='ltr'>ac</span> <span class='ocrx_word' id='word_1_45' title='bbox 1599 455 1721 481; x_wconf 91' lang='lat' dir='ltr'>suum</span> 
     </span>
     <span class='ocr_line' id='line_1_6' title="bbox 130 503 1782 557; baseline -0.001 -14"><span class='ocrx_word' id='word_1_46' title='bbox 130 504 422 555; x_wconf 88' lang='lat' dir='ltr'>propriumque</span> <span class='ocrx_word' id='word_1_47' title='bbox 445 503 600 543; x_wconf 87' lang='lat' dir='ltr'>fecisse.</span> <span class='ocrx_word' id='word_1_48' title='bbox 661 504 777 552; x_wconf 78' lang='lat' dir='ltr'>Quod</span> <span class='ocrx_word' id='word_1_49' title='bbox 802 517 850 542; x_wconf 90' lang='lat' dir='ltr'>eo</span> <span class='ocrx_word' id='word_1_50' title='bbox 876 504 1002 542; x_wconf 88' lang='lat' dir='ltr'>etiam</span> <span class='ocrx_word' id='word_1_51' title='bbox 1031 504 1216 555; x_wconf 88' lang='lat' dir='ltr'>iniquius</span> <span class='ocrx_word' id='word_1_52' title='bbox 1245 519 1332 543; x_wconf 85' lang='lat' dir='ltr'>esse</span> <span class='ocrx_word' id='word_1_53' title='bbox 1358 507 1498 555; x_wconf 87' lang='lat' dir='ltr'>possit,</span> <span class='ocrx_word' id='word_1_54' title='bbox 1522 507 1558 544; x_wconf 90' lang='lat' dir='ltr'>si</span> <span class='ocrx_word' id='word_1_55' title='bbox 1587 520 1722 557; x_wconf 89' lang='lat' dir='ltr'>paroe-</span> <span class='ocrx_word' id='word_1_56' title='bbox 1743 521 1782 550; x_wconf 83' lang='lat'>30</span> 
     </span>
     <span class='ocr_line' id='line_1_7' title="bbox 130 567 1718 619; baseline 0.001 -11"><span class='ocrx_word' id='word_1_57' title='bbox 130 569 307 608; x_wconf 83' lang='lat' dir='ltr'>miarum</span> <span class='ocrx_word' id='word_1_58' title='bbox 328 567 649 619; x_wconf 75' lang='lat' dir='ltr'>appellationem</span> <span class='ocrx_word' id='word_1_59' title='bbox 679 569 737 606; x_wconf 87' lang='lat' dir='ltr'>ita</span> <span class='ocrx_word' id='word_1_60' title='bbox 763 568 843 607; x_wconf 91' lang='lat' dir='ltr'>late</span> <span class='ocrx_word' id='word_1_61' title='bbox 863 571 1001 619; x_wconf 85' lang='lat' dir='ltr'>patere</span> <span class='ocrx_word' id='word_1_62' title='bbox 1021 569 1211 617; x_wconf 85' lang='lat' dir='ltr'>volueris⁷</span> <span class='ocrx_word' id='word_1_63' title='bbox 1237 572 1283 609; x_wconf 92' lang='lat' dir='ltr'>vt</span> <span class='ocrx_word' id='word_1_64' title='bbox 1303 571 1442 609; x_wconf 83' lang='lat' dir='ltr'>onmia</span> <span class='ocrx_word' id='word_1_65' title='bbox 1464 571 1582 615; x_wconf 86' lang='lat' dir='ltr'>belle,</span> <span class='ocrx_word' id='word_1_66' title='bbox 1606 572 1718 619; x_wconf 87' lang='lat' dir='ltr'>scite,</span> 
     </span>
     <span class='ocr_line' id='line_1_8' title="bbox 129 633 775 684; baseline 0 -13"><span class='ocrx_word' id='word_1_67' title='bbox 129 634 264 684; x_wconf 85' lang='lat' dir='ltr'>lepide</span> <span class='ocrx_word' id='word_1_68' title='bbox 285 634 392 673; x_wconf 85' lang='lat' dir='ltr'>dicta</span> <span class='ocrx_word' id='word_1_69' title='bbox 412 633 474 672; x_wconf 87' lang='lat' dir='ltr'>tui</span> <span class='ocrx_word' id='word_1_70' title='bbox 493 633 597 672; x_wconf 88' lang='lat' dir='ltr'>iuris</span> <span class='ocrx_word' id='word_1_71' title='bbox 618 633 775 672; x_wconf 86' lang='lat' dir='ltr'>feceris.</span> 
     </span>
    </p>

    <p class='ocr_par' dir='ltr' id='par_1_3' title="bbox 126 699 1782 1987">
     <span class='ocr_line' id='line_1_9' title="bbox 183 699 1722 747; baseline 0.001 -9"><span class='ocrx_word' id='word_1_72' title='bbox 183 699 262 738; x_wconf 82' lang='lat' dir='ltr'>Sed</span> <span class='ocrx_word' id='word_1_73' title='bbox 283 699 339 737; x_wconf 88' lang='lat' dir='ltr'>sit</span> <span class='ocrx_word' id='word_1_74' title='bbox 359 699 417 738; x_wconf 83' lang='lat' dir='ltr'>ita</span> <span class='ocrx_word' id='word_1_75' title='bbox 441 711 556 746; x_wconf 88' lang='lat' dir='ltr'>sane,</span> <span class='ocrx_word' id='word_1_76' title='bbox 576 700 622 736; x_wconf 92' lang='lat' dir='ltr'>vt</span> <span class='ocrx_word' id='word_1_77' title='bbox 642 699 720 737; x_wconf 93' lang='lat' dir='ltr'>hoc</span> <span class='ocrx_word' id='word_1_78' title='bbox 747 699 836 736; x_wconf 90' lang='lat' dir='ltr'>iure</span> <span class='ocrx_word' id='word_1_79' title='bbox 864 701 936 737; x_wconf 88' lang='lat' dir='ltr'>tuo</span> <span class='ocrx_word' id='word_1_80' title='bbox 961 700 1117 747; x_wconf 86' lang='lat' dir='ltr'>feceris,</span> <span class='ocrx_word' id='word_1_81' title='bbox 1141 701 1207 737; x_wconf 91' lang='lat' dir='ltr'>cui</span> <span class='ocrx_word' id='word_1_82' title='bbox 1228 700 1417 738; x_wconf 91' lang='lat' dir='ltr'>omnium</span> <span class='ocrx_word' id='word_1_83' title='bbox 1439 701 1497 739; x_wconf 91' lang='lat' dir='ltr'>rei</span> <span class='ocrx_word' id='word_1_84' title='bbox 1518 702 1722 740; x_wconf 87' lang='lat' dir='ltr'>literariae</span> 
     </span>
     <span class='ocr_line' id='line_1_10' title="bbox 128 763 1722 814; baseline 0.001 -11"><span class='ocrx_word' id='word_1_85' title='bbox 128 765 311 814; x_wconf 88' lang='lat' dir='ltr'>partium</span> <span class='ocrx_word' id='word_1_86' title='bbox 331 763 570 803; x_wconf 87' lang='lat' dir='ltr'>constitutio</span> <span class='ocrx_word' id='word_1_87' title='bbox 590 763 893 814; x_wconf 82' lang='lat' dir='ltr'>arbitriumque</span> <span class='ocrx_word' id='word_1_88' title='bbox 913 778 1115 803; x_wconf 90' lang='lat' dir='ltr'>consensu</span> <span class='ocrx_word' id='word_1_89' title='bbox 1135 765 1300 814; x_wconf 83' lang='lat' dir='ltr'>publico</span> <span class='ocrx_word' id='word_1_90' title='bbox 1321 766 1514 804; x_wconf 87' lang='lat' dir='ltr'>mandata</span> <span class='ocrx_word' id='word_1_91' title='bbox 1534 769 1632 805; x_wconf 87' lang='lat' dir='ltr'>sunt</span> <span class='ocrx_word' id='word_1_92' title='bbox 1652 769 1722 805; x_wconf 87' lang='lat' dir='ltr'>aut</span> 
     </span>
     <span class='ocr_line' id='line_1_11' title="bbox 129 829 1781 880; baseline 0.001 -12"><span class='ocrx_word' id='word_1_93' title='bbox 129 830 356 879; x_wconf 82' lang='lat' dir='ltr'>permissa:</span> <span class='ocrx_word' id='word_1_94' title='bbox 386 829 507 868; x_wconf 90' lang='lat' dir='ltr'>liceat</span> <span class='ocrx_word' id='word_1_95' title='bbox 533 830 682 868; x_wconf 90' lang='lat' dir='ltr'>saltem</span> <span class='ocrx_word' id='word_1_96' title='bbox 706 830 888 880; x_wconf 88' lang='lat' dir='ltr'>precario</span> <span class='ocrx_word' id='word_1_97' title='bbox 914 830 1007 868; x_wconf 90' lang='lat' dir='ltr'>istis</span> <span class='ocrx_word' id='word_1_98' title='bbox 1036 831 1107 876; x_wconf 86' lang='lat' dir='ltr'>vti,</span> <span class='ocrx_word' id='word_1_99' title='bbox 1133 832 1177 869; x_wconf 93' lang='lat' dir='ltr'>vt</span> <span class='ocrx_word' id='word_1_100' title='bbox 1205 831 1254 868; x_wconf 88' lang='lat' dir='ltr'>de</span> <span class='ocrx_word' id='word_1_101' title='bbox 1281 830 1529 880; x_wconf 83' lang='lat' dir='ltr'>Epimetheo</span> <span class='ocrx_word' id='word_1_102' title='bbox 1554 833 1719 879; x_wconf 89' lang='lat' dir='ltr'>notasti,</span> <span class='ocrx_word' id='word_1_103' title='bbox 1743 845 1781 875; x_wconf 75' lang='lat'>35</span> 
     </span>
     <span class='ocr_line' id='line_1_12' title="bbox 126 894 1722 945; baseline 0.001 -12"><span class='ocrx_word' id='word_1_104' title='bbox 126 897 168 934; x_wconf 86' lang='lat' dir='ltr'>et</span> <span class='ocrx_word' id='word_1_105' title='bbox 188 908 212 934; x_wconf 88' lang='lat' dir='ltr'>a</span> <span class='ocrx_word' id='word_1_106' title='bbox 230 898 271 934; x_wconf 87' lang='lat' dir='ltr'>te</span> <span class='ocrx_word' id='word_1_107' title='bbox 290 894 443 934; x_wconf 86' lang='lat' dir='ltr'>vtenda</span> <span class='ocrx_word' id='word_1_108' title='bbox 463 907 605 944; x_wconf 86' lang='lat' dir='ltr'>rogare</span> <span class='ocrx_word' id='word_1_109' title='bbox 622 909 631 942; x_wconf 90' lang='grc'><strong>;</strong></span> <span class='ocrx_word' id='word_1_110' title='bbox 660 895 710 933; x_wconf 89' lang='lat' dir='ltr'>iis</span> <span class='ocrx_word' id='word_1_111' title='bbox 729 895 973 945; x_wconf 87' lang='lat' dir='ltr'>praesertim</span> <span class='ocrx_word' id='word_1_112' title='bbox 1001 895 1070 944; x_wconf 86' lang='lat' dir='ltr'>qui</span> <span class='ocrx_word' id='word_1_113' title='bbox 1092 909 1231 934; x_wconf 89' lang='lat' dir='ltr'>rerum</span> <span class='ocrx_word' id='word_1_114' title='bbox 1251 896 1497 935; x_wconf 87' lang='lat' dir='ltr'>commercia</span> <span class='ocrx_word' id='word_1_115' title='bbox 1518 900 1722 936; x_wconf 92' lang='lat' dir='ltr'>nouerunt</span> 
     </span>
     <span class='ocr_line' id='line_1_13' title="bbox 126 959 1722 1010; baseline 0 -11"><span class='ocrx_word' id='word_1_116' title='bbox 126 963 168 999; x_wconf 87' lang='lat' dir='ltr'>et</span> <span class='ocrx_word' id='word_1_117' title='bbox 187 960 324 999; x_wconf 90' lang='lat' dir='ltr'>aliena</span> <span class='ocrx_word' id='word_1_118' title='bbox 341 959 468 999; x_wconf 87' lang='lat' dir='ltr'>etiam</span> <span class='ocrx_word' id='word_1_119' title='bbox 498 961 628 998; x_wconf 87' lang='lat' dir='ltr'>facere</span> <span class='ocrx_word' id='word_1_120' title='bbox 657 960 721 998; x_wconf 91' lang='lat' dir='ltr'>sui</span> <span class='ocrx_word' id='word_1_121' title='bbox 751 960 946 1010; x_wconf 87' lang='lat' dir='ltr'>mancipii</span> <span class='ocrx_word' id='word_1_122' title='bbox 971 962 1158 1010; x_wconf 80' lang='lat' dir='ltr'>possunt.</span> <span class='ocrx_word' id='word_1_123' title='bbox 1219 961 1462 1000; x_wconf 86' lang='lat' dir='ltr'>Cuiusmodi</span> <span class='ocrx_word' id='word_1_124' title='bbox 1483 964 1622 1000; x_wconf 89' lang='lat' dir='ltr'>autem</span> <span class='ocrx_word' id='word_1_125' title='bbox 1644 962 1722 1000; x_wconf 83' lang='lat' dir='ltr'>ista</span> 
     </span>
     <span class='ocr_line' id='line_1_14' title="bbox 127 1025 1722 1076; baseline 0.001 -13"><span class='ocrx_word' id='word_1_126' title='bbox 127 1027 190 1064; x_wconf 91' lang='lat' dir='ltr'>est</span> <span class='ocrx_word' id='word_1_127' title='bbox 210 1025 464 1076; x_wconf 80' lang='lat' dir='ltr'>improbitas,</span> <span class='ocrx_word' id='word_1_128' title='bbox 487 1026 533 1063; x_wconf 91' lang='lat' dir='ltr'>vt</span> <span class='ocrx_word' id='word_1_129' title='bbox 553 1025 595 1062; x_wconf 92' lang='lat' dir='ltr'>in</span> <span class='ocrx_word' id='word_1_130' title='bbox 620 1025 725 1064; x_wconf 91' lang='lat' dir='ltr'>mari</span> <span class='ocrx_word' id='word_1_131' title='bbox 752 1025 825 1064; x_wconf 90' lang='lat' dir='ltr'>illo</span> <span class='ocrx_word' id='word_1_132' title='bbox 851 1027 893 1063; x_wconf 88' lang='lat' dir='ltr'>et</span> <span class='ocrx_word' id='word_1_133' title='bbox 918 1026 1064 1075; x_wconf 84' lang='lat' dir='ltr'>pelago</span> <span class='ocrx_word' id='word_1_134' title='bbox 1096 1026 1370 1076; x_wconf 86' lang='lat' dir='ltr'>antiquitatis,</span> <span class='ocrx_word' id='word_1_135' title='bbox 1395 1027 1503 1076; x_wconf 91' lang='lat' dir='ltr'>quod</span> <span class='ocrx_word' id='word_1_136' title='bbox 1533 1027 1722 1065; x_wconf 89' lang='lat' dir='ltr'>omnium</span> 
     </span>
     <span class='ocr_line' id='line_1_15' title="bbox 128 1089 1722 1141; baseline 0.001 -13"><span class='ocrx_word' id='word_1_137' title='bbox 128 1091 217 1129; x_wconf 88' lang='lat' dir='ltr'>iure</span> <span class='ocrx_word' id='word_1_138' title='bbox 237 1089 415 1129; x_wconf 87' lang='lat' dir='ltr'>naturali</span> <span class='ocrx_word' id='word_1_139' title='bbox 434 1103 655 1129; x_wconf 80' lang='lat' dir='ltr'>commune</span> <span class='ocrx_word' id='word_1_140' title='bbox 674 1092 737 1129; x_wconf 90' lang='lat' dir='ltr'>est</span> <span class='ocrx_word' id='word_1_141' title='bbox 756 1090 807 1139; x_wconf 89' lang='lat' dir='ltr'>(si</span> <span class='ocrx_word' id='word_1_142' title='bbox 834 1090 938 1129; x_wconf 89' lang='lat' dir='ltr'>iuris</span> <span class='ocrx_word' id='word_1_143' title='bbox 963 1091 1108 1141; x_wconf 88' lang='lat' dir='ltr'>peritis</span> <span class='ocrx_word' id='word_1_144' title='bbox 1139 1092 1374 1139; x_wconf 85' lang='lat' dir='ltr'>credimus),</span> <span class='ocrx_word' id='word_1_145' title='bbox 1396 1092 1596 1141; x_wconf 87' lang='lat' dir='ltr'>expiscari</span> <span class='ocrx_word' id='word_1_146' title='bbox 1615 1105 1722 1130; x_wconf 92' lang='lat' dir='ltr'>vnus</span> 
     </span>
     <span class='ocr_line' id='line_1_16' title="bbox 128 1155 1782 1206; baseline 0 -12"><span class='ocrx_word' id='word_1_147' title='bbox 128 1156 255 1194; x_wconf 91' lang='lat' dir='ltr'>homo</span> <span class='ocrx_word' id='word_1_148' title='bbox 270 1155 547 1194; x_wconf 85' lang='lat' dir='ltr'>bellissimum</span> <span class='ocrx_word' id='word_1_149' title='bbox 568 1156 760 1205; x_wconf 90' lang='lat' dir='ltr'>quodque</span> <span class='ocrx_word' id='word_1_150' title='bbox 779 1156 994 1206; x_wconf 87' lang='lat' dir='ltr'>permittat</span> <span class='ocrx_word' id='word_1_151' title='bbox 1014 1156 1094 1195; x_wconf 89' lang='lat' dir='ltr'>sibi</span> <span class='ocrx_word' id='word_1_152' title='bbox 1114 1158 1155 1194; x_wconf 89' lang='lat' dir='ltr'>et</span> <span class='ocrx_word' id='word_1_153' title='bbox 1174 1157 1411 1206; x_wconf 83' lang='lat' dir='ltr'>piscationis</span> <span class='ocrx_word' id='word_1_154' title='bbox 1429 1171 1508 1195; x_wconf 91' lang='lat' dir='ltr'>vsu</span> <span class='ocrx_word' id='word_1_155' title='bbox 1529 1157 1722 1196; x_wconf 90' lang='lat' dir='ltr'>omnibus</span> <span class='ocrx_word' id='word_1_156' title='bbox 1740 1174 1782 1205; x_wconf 82' lang='lat'>40</span> 
     </span>
     <span class='ocr_line' id='line_1_17' title="bbox 128 1219 1721 1269; baseline 0.001 -11"><span class='ocrx_word' id='word_1_157' title='bbox 128 1219 377 1258; x_wconf 81' lang='lat' dir='ltr'>interdicat?</span> <span class='ocrx_word' id='word_1_158' title='bbox 432 1219 591 1258; x_wconf 84' lang='lat' dir='ltr'>Parum</span> <span class='ocrx_word' id='word_1_159' title='bbox 619 1222 718 1265; x_wconf 88' lang='lat' dir='ltr'>erat,</span> <span class='ocrx_word' id='word_1_160' title='bbox 742 1221 874 1269; x_wconf 89' lang='lat' dir='ltr'>credo,</span> <span class='ocrx_word' id='word_1_161' title='bbox 898 1220 1155 1269; x_wconf 88' lang='lat' dir='ltr'>Adagiorum</span> <span class='ocrx_word' id='word_1_162' title='bbox 1184 1221 1402 1260; x_wconf 88' lang='lat' dir='ltr'>volumina</span> <span class='ocrx_word' id='word_1_163' title='bbox 1436 1221 1721 1260; x_wconf 87' lang='lat' dir='ltr'>anniuersario</span> 
     </span>
     <span class='ocr_line' id='line_1_18' title="bbox 128 1284 1721 1335; baseline 0.002 -13"><span class='ocrx_word' id='word_1_164' title='bbox 128 1284 266 1324; x_wconf 88' lang='lat' dir='ltr'>labore</span> <span class='ocrx_word' id='word_1_165' title='bbox 302 1285 478 1334; x_wconf 88' lang='lat' dir='ltr'>repetita</span> <span class='ocrx_word' id='word_1_166' title='bbox 509 1285 558 1323; x_wconf 92' lang='lat' dir='ltr'>ad</span> <span class='ocrx_word' id='word_1_167' title='bbox 594 1285 950 1324; x_wconf 87' lang='lat' dir='ltr'>circumfluentem</span> <span class='ocrx_word' id='word_1_168' title='bbox 980 1299 1110 1335; x_wconf 88' lang='lat' dir='ltr'>vsque</span> <span class='ocrx_word' id='word_1_169' title='bbox 1139 1286 1300 1335; x_wconf 89' lang='lat' dir='ltr'>copiam</span> <span class='ocrx_word' id='word_1_170' title='bbox 1331 1287 1504 1333; x_wconf 80' lang='lat' dir='ltr'>auxisse,</span> <span class='ocrx_word' id='word_1_171' title='bbox 1537 1289 1577 1325; x_wconf 91' lang='lat' dir='ltr'>et</span> <span class='ocrx_word' id='word_1_172' title='bbox 1606 1288 1721 1325; x_wconf 90' lang='lat' dir='ltr'>velut</span> 
     </span>
     <span class='ocr_line' id='line_1_19' title="bbox 128 1349 1720 1401; baseline 0.001 -13"><span class='ocrx_word' id='word_1_173' title='bbox 128 1349 355 1388; x_wconf 89' lang='lat' dir='ltr'>euerriculo</span> <span class='ocrx_word' id='word_1_174' title='bbox 389 1350 566 1399; x_wconf 91' lang='lat' dir='ltr'>quodam</span> <span class='ocrx_word' id='word_1_175' title='bbox 598 1350 838 1401; x_wconf 89' lang='lat' dir='ltr'>iniquarum</span> <span class='ocrx_word' id='word_1_176' title='bbox 873 1351 1131 1389; x_wconf 88' lang='lat' dir='ltr'>macularum</span> <span class='ocrx_word' id='word_1_177' title='bbox 1162 1352 1338 1401; x_wconf 86' lang='lat' dir='ltr'>gratiam</span> <span class='ocrx_word' id='word_1_178' title='bbox 1377 1353 1418 1389; x_wconf 88' lang='lat' dir='ltr'>et</span> <span class='ocrx_word' id='word_1_179' title='bbox 1458 1354 1720 1390; x_wconf 86' lang='lat' dir='ltr'>venustatem</span> 
     </span>
     <span class='ocr_line' id='line_1_20' title="bbox 127 1414 1723 1467; baseline 0.001 -14"><span class='ocrx_word' id='word_1_180' title='bbox 127 1415 320 1465; x_wconf 88' lang='lat' dir='ltr'>antiquae</span> <span class='ocrx_word' id='word_1_181' title='bbox 348 1414 535 1453; x_wconf 87' lang='lat' dir='ltr'>lectionis</span> <span class='ocrx_word' id='word_1_182' title='bbox 563 1416 812 1461; x_wconf 87' lang='lat' dir='ltr'>exhausisse,</span> <span class='ocrx_word' id='word_1_183' title='bbox 838 1415 918 1453; x_wconf 90' lang='lat' dir='ltr'>nisi</span> <span class='ocrx_word' id='word_1_184' title='bbox 943 1415 1067 1454; x_wconf 88' lang='lat' dir='ltr'>etiam</span> <span class='ocrx_word' id='word_1_185' title='bbox 1092 1416 1187 1454; x_wconf 88' lang='lat' dir='ltr'>aliis</span> <span class='ocrx_word' id='word_1_186' title='bbox 1211 1416 1421 1454; x_wconf 86' lang='lat' dir='ltr'>inuideres</span> <span class='ocrx_word' id='word_1_187' title='bbox 1448 1418 1518 1466; x_wconf 91' lang='lat' dir='ltr'>qui</span> <span class='ocrx_word' id='word_1_188' title='bbox 1548 1418 1723 1467; x_wconf 83' lang='lat' dir='ltr'>vestigia</span> 
     </span>
     <span class='ocr_line' id='line_1_21' title="bbox 127 1481 1780 1531; baseline 0.002 -13"><span class='ocrx_word' id='word_1_189' title='bbox 127 1483 198 1519; x_wconf 83' lang='lat' dir='ltr'>tua</span> <span class='ocrx_word' id='word_1_190' title='bbox 229 1482 472 1530; x_wconf 85' lang='lat' dir='ltr'>sequuntur.</span> <span class='ocrx_word' id='word_1_191' title='bbox 543 1481 674 1530; x_wconf 88' lang='lat' dir='ltr'>Atqui</span> <span class='ocrx_word' id='word_1_192' title='bbox 705 1481 740 1519; x_wconf 91' lang='lat' dir='ltr'>si</span> <span class='ocrx_word' id='word_1_193' title='bbox 774 1482 838 1519; x_wconf 92' lang='lat' dir='ltr'>vir</span> <span class='ocrx_word' id='word_1_194' title='bbox 875 1482 1010 1519; x_wconf 90' lang='lat' dir='ltr'>bonus</span> <span class='ocrx_word' id='word_1_195' title='bbox 1041 1481 1098 1519; x_wconf 86' lang='lat' dir='ltr'>sis</span> <span class='ocrx_word' id='word_1_196' title='bbox 1133 1481 1307 1531; x_wconf 88' lang='lat' dir='ltr'>talisque</span> <span class='ocrx_word' id='word_1_197' title='bbox 1348 1482 1512 1531; x_wconf 89' lang='lat' dir='ltr'>qualem</span> <span class='ocrx_word' id='word_1_198' title='bbox 1553 1484 1594 1521; x_wconf 90' lang='lat' dir='ltr'>te</span> <span class='ocrx_word' id='word_1_199' title='bbox 1634 1496 1721 1521; x_wconf 90' lang='lat' dir='ltr'>esse</span> <span class='ocrx_word' id='word_1_200' title='bbox 1741 1499 1780 1531; x_wconf 63' lang='lat'>4³</span> 
     </span>
     <span class='ocr_line' id='line_1_22' title="bbox 127 1545 1722 1597; baseline 0.001 -12"><span class='ocrx_word' id='word_1_201' title='bbox 127 1559 289 1596; x_wconf 88' lang='lat' dir='ltr'>semper</span> <span class='ocrx_word' id='word_1_202' title='bbox 311 1545 558 1593; x_wconf 85' lang='lat' dir='ltr'>existimaui,</span> <span class='ocrx_word' id='word_1_203' title='bbox 588 1560 717 1596; x_wconf 90' lang='lat' dir='ltr'>quum</span> <span class='ocrx_word' id='word_1_204' title='bbox 743 1546 966 1584; x_wconf 83' lang='lat' dir='ltr'>latifundia</span> <span class='ocrx_word' id='word_1_205' title='bbox 990 1546 1203 1596; x_wconf 76' lang='lat' dir='ltr'>vti-iusque</span> <span class='ocrx_word' id='word_1_206' title='bbox 1226 1546 1392 1597; x_wconf 83' lang='lat' dir='ltr'>linguae</span> <span class='ocrx_word' id='word_1_207' title='bbox 1418 1547 1476 1585; x_wconf 88' lang='lat' dir='ltr'>ita</span> <span class='ocrx_word' id='word_1_208' title='bbox 1501 1549 1722 1587; x_wconf 86' lang='lat' dir='ltr'>messueris</span> 
     </span>
     <span class='ocr_line' id='line_1_23' title="bbox 127 1602 1721 1662; baseline 0.002 -14"><span class='ocrx_word' id='word_1_209' title='bbox 127 1614 173 1649; x_wconf 89' lang='lat' dir='ltr'>vt</span> <span class='ocrx_word' id='word_1_210' title='bbox 199 1611 296 1650; x_wconf 88' lang='lat' dir='ltr'>inde</span> <span class='ocrx_word' id='word_1_211' title='bbox 319 1623 515 1660; x_wconf 87' lang='lat' dir='ltr'>magnam</span> <span class='ocrx_word' id='word_1_212' title='bbox 538 1611 616 1649; x_wconf 89' lang='lat' dir='ltr'>tibi</span> <span class='ocrx_word' id='word_1_213' title='bbox 645 1611 819 1662; x_wconf 85' lang='lat' dir='ltr'>gloriam</span> <span class='ocrx_word' id='word_1_214' title='bbox 847 1611 1109 1661; x_wconf 89' lang='lat' dir='ltr'>compararis,</span> <span class='ocrx_word' id='word_1_215' title='bbox 1143 1602 1265 1650; x_wconf 89' lang='lat' dir='ltr'>nobis</span> <span class='ocrx_word' id='word_1_216' title='bbox 1290 1625 1374 1650; x_wconf 89' lang='lat' dir='ltr'>non</span> <span class='ocrx_word' id='word_1_217' title='bbox 1399 1613 1658 1651; x_wconf 87' lang='lat' dir='ltr'>succensebis</span> <span class='ocrx_word' id='word_1_218' title='bbox 1687 1615 1721 1652; x_wconf 93' lang='lat' dir='ltr'>si</span> 
     </span>
     <span class='ocr_line' id='line_1_24' title="bbox 127 1676 1721 1728; baseline 0 -12"><span class='ocrx_word' id='word_1_219' title='bbox 127 1679 325 1727; x_wconf 87' lang='lat' dir='ltr'>tanquam</span> <span class='ocrx_word' id='word_1_220' title='bbox 355 1676 565 1726; x_wconf 86' lang='lat' dir='ltr'>spicilegio</span> <span class='ocrx_word' id='word_1_221' title='bbox 592 1689 888 1727; x_wconf 82' lang='lat' dir='ltr'>persequamur</span> <span class='ocrx_word' id='word_1_222' title='bbox 907 1690 1008 1726; x_wconf 88' lang='lat' dir='ltr'>quae</span> <span class='ocrx_word' id='word_1_223' title='bbox 1030 1676 1095 1715; x_wconf 90' lang='lat' dir='ltr'>vel</span> <span class='ocrx_word' id='word_1_224' title='bbox 1119 1677 1259 1716; x_wconf 90' lang='lat' dir='ltr'>oculos</span> <span class='ocrx_word' id='word_1_225' title='bbox 1286 1679 1380 1715; x_wconf 92' lang='lat' dir='ltr'>tuos</span> <span class='ocrx_word' id='word_1_226' title='bbox 1406 1677 1450 1714; x_wconf 90' lang='lat' dir='ltr'>in</span> <span class='ocrx_word' id='word_1_227' title='bbox 1472 1679 1587 1716; x_wconf 87' lang='lat' dir='ltr'>tanta</span> <span class='ocrx_word' id='word_1_228' title='bbox 1608 1678 1721 1728; x_wconf 82' lang='lat' dir='ltr'>copia</span> 
     </span>
     <span class='ocr_line' id='line_1_25' title="bbox 126 1740 1721 1791; baseline 0.001 -13"><span class='ocrx_word' id='word_1_229' title='bbox 126 1740 324 1791; x_wconf 82' lang='lat' dir='ltr'>fugerunt</span> <span class='ocrx_word' id='word_1_230' title='bbox 343 1740 409 1779; x_wconf 85' lang='lat' dir='ltr'>vel</span> <span class='ocrx_word' id='word_1_231' title='bbox 429 1753 453 1779; x_wconf 88' lang='lat' dir='ltr'>a</span> <span class='ocrx_word' id='word_1_232' title='bbox 472 1742 513 1779; x_wconf 92' lang='lat' dir='ltr'>te</span> <span class='ocrx_word' id='word_1_233' title='bbox 535 1740 722 1790; x_wconf 87' lang='lat' dir='ltr'>neglecta</span> <span class='ocrx_word' id='word_1_234' title='bbox 742 1743 852 1789; x_wconf 88' lang='lat' dir='ltr'>sunt,</span> <span class='ocrx_word' id='word_1_235' title='bbox 877 1754 1112 1791; x_wconf 88' lang='lat' dir='ltr'>quanquam</span> <span class='ocrx_word' id='word_1_236' title='bbox 1137 1741 1246 1790; x_wconf 82' lang='lat' dir='ltr'>frugi</span> <span class='ocrx_word' id='word_1_237' title='bbox 1266 1741 1435 1780; x_wconf 91' lang='lat' dir='ltr'>homine</span> <span class='ocrx_word' id='word_1_238' title='bbox 1456 1744 1577 1791; x_wconf 89' lang='lat' dir='ltr'>atque</span> <span class='ocrx_word' id='word_1_239' title='bbox 1597 1743 1721 1781; x_wconf 87' lang='lat' dir='ltr'>etiam</span> 
     </span>
     <span class='ocr_line' id='line_1_26' title="bbox 127 1805 1781 1859; baseline 0.002 -14"><span class='ocrx_word' id='word_1_240' title='bbox 127 1805 402 1845; x_wconf 59' lang='lat' dir='ltr'>tenacissimo.</span> <span class='ocrx_word' id='word_1_241' title='bbox 464 1808 544 1844; x_wconf 83' lang='grc' dir='ltr'>Νῦν</span> <span class='ocrx_word' id='word_1_242' title='bbox 563 1806 602 1844; x_wconf 84' lang='grc' dir='ltr'>δὲ</span> <span class='ocrx_word' id='word_1_243' title='bbox 622 1807 670 1844; x_wconf 84' lang='grc' dir='ltr'>σὺ</span> <span class='ocrx_word' id='word_1_244' title='bbox 689 1807 891 1855; x_wconf 79' lang='grc' dir='ltr'>βασκάνως</span> <span class='ocrx_word' id='word_1_245' title='bbox 909 1823 985 1846; x_wconf 83' lang='grc' dir='ltr'>πως</span> <span class='ocrx_word' id='word_1_246' title='bbox 1006 1807 1065 1844; x_wconf 83' lang='grc' dir='ltr'>καὶ</span> <span class='ocrx_word' id='word_1_247' title='bbox 1079 1809 1156 1847; x_wconf 79' lang='grc' dir='ltr'>τοῖς</span> <span class='ocrx_word' id='word_1_248' title='bbox 1176 1807 1518 1856; x_wconf 80' lang='grc' dir='ltr'>ἐπικαλαμωμένοις</span> <span class='ocrx_word' id='word_1_249' title='bbox 1546 1810 1718 1859; x_wconf 79' lang='grc' dir='ltr'>ἐνοχλεῖς,</span> <span class='ocrx_word' id='word_1_250' title='bbox 1741 1826 1781 1857; x_wconf 88' lang='lat'>50</span> 
     </span>
     <span class='ocr_line' id='line_1_27' title="bbox 127 1872 1722 1923; baseline 0.001 -12"><span class='ocrx_word' id='word_1_251' title='bbox 127 1875 147 1911; x_wconf 84' lang='grc' dir='ltr'>ὁ</span> <span class='ocrx_word' id='word_1_252' title='bbox 181 1873 320 1912; x_wconf 82' lang='grc' dir='ltr'>πάντας</span> <span class='ocrx_word' id='word_1_253' title='bbox 351 1889 393 1923; x_wconf 77' lang='grc' dir='ltr'>’γε</span> <span class='ocrx_word' id='word_1_254' title='bbox 427 1872 511 1912; x_wconf 81' lang='grc' dir='ltr'>τοὺς</span> <span class='ocrx_word' id='word_1_255' title='bbox 541 1875 720 1922; x_wconf 80' lang='grc' dir='ltr'>λειμῶνας</span> <span class='ocrx_word' id='word_1_256' title='bbox 752 1876 823 1910; x_wconf 78' lang='grc' dir='ltr'>τῶν</span> <span class='ocrx_word' id='word_1_257' title='bbox 853 1876 1004 1921; x_wconf 79' lang='grc' dir='ltr'>μουσῶν</span> <span class='ocrx_word' id='word_1_258' title='bbox 1036 1873 1095 1910; x_wconf 79' lang='grc' dir='ltr'>καὶ</span> <span class='ocrx_word' id='word_1_259' title='bbox 1128 1874 1247 1911; x_wconf 78' lang='grc' dir='ltr'>πάντα</span> <span class='ocrx_word' id='word_1_260' title='bbox 1273 1875 1318 1911; x_wconf 75' lang='grc' dir='ltr'>τὰ</span> <span class='ocrx_word' id='word_1_261' title='bbox 1345 1874 1434 1922; x_wconf 83' lang='grc' dir='ltr'>λήϊα</span> <span class='ocrx_word' id='word_1_262' title='bbox 1459 1876 1529 1910; x_wconf 78' lang='grc' dir='ltr'>τῶν</span> <span class='ocrx_word' id='word_1_263' title='bbox 1555 1877 1722 1912; x_wconf 76' lang='grc' dir='ltr'>παλαιῶν</span> 
     </span>
     <span class='ocr_line' id='line_1_28' title="bbox 130 1938 369 1987; baseline -0.004 -11"><span class='ocrx_word' id='word_1_264' title='bbox 130 1938 369 1987; x_wconf 82' lang='grc' dir='ltr'>ἀποθερίσας.</span> 
     </span>
    </p>

    <p class='ocr_par' dir='ltr' id='par_1_4' title="bbox 128 2002 1779 2898">
     <span class='ocr_line' id='line_1_29' title="bbox 183 2002 1721 2053; baseline 0.001 -12"><span class='ocrx_word' id='word_1_265' title='bbox 183 2003 291 2051; x_wconf 84' lang='lat' dir='ltr'>Quin</span> <span class='ocrx_word' id='word_1_266' title='bbox 312 2002 353 2040; x_wconf 90' lang='lat' dir='ltr'>id</span> <span class='ocrx_word' id='word_1_267' title='bbox 374 2002 502 2041; x_wconf 88' lang='lat' dir='ltr'>etiam</span> <span class='ocrx_word' id='word_1_268' title='bbox 522 2003 625 2041; x_wconf 89' lang='lat' dir='ltr'>scire</span> <span class='ocrx_word' id='word_1_269' title='bbox 644 2002 858 2051; x_wconf 88' lang='lat' dir='ltr'>peruelim,</span> <span class='ocrx_word' id='word_1_270' title='bbox 884 2002 965 2040; x_wconf 91' lang='lat' dir='ltr'>nisi</span> <span class='ocrx_word' id='word_1_271' title='bbox 986 2002 1172 2041; x_wconf 89' lang='lat' dir='ltr'>curiosus</span> <span class='ocrx_word' id='word_1_272' title='bbox 1192 2017 1278 2041; x_wconf 90' lang='lat' dir='ltr'>esse</span> <span class='ocrx_word' id='word_1_273' title='bbox 1299 2003 1449 2050; x_wconf 82' lang='lat' dir='ltr'>videar,</span> <span class='ocrx_word' id='word_1_274' title='bbox 1468 2004 1629 2053; x_wconf 88' lang='lat' dir='ltr'>quando</span> <span class='ocrx_word' id='word_1_275' title='bbox 1650 2004 1721 2042; x_wconf 83' lang='lat' dir='ltr'>illa</span> 
     </span>
     <span class='ocr_line' id='line_1_30' title="bbox 129 2066 1722 2118; baseline -0.001 -11"><span class='ocrx_word' id='word_1_276' title='bbox 129 2069 237 2107; x_wconf 87' lang='lat' dir='ltr'>dicta</span> <span class='ocrx_word' id='word_1_277' title='bbox 264 2067 442 2117; x_wconf 89' lang='lat' dir='ltr'>seposita</span> <span class='ocrx_word' id='word_1_278' title='bbox 469 2066 638 2116; x_wconf 87' lang='lat' dir='ltr'>perdere</span> <span class='ocrx_word' id='word_1_279' title='bbox 668 2080 735 2105; x_wconf 90' lang='lat' dir='ltr'>me</span> <span class='ocrx_word' id='word_1_280' title='bbox 763 2067 875 2105; x_wconf 90' lang='lat' dir='ltr'>nolle</span> <span class='ocrx_word' id='word_1_281' title='bbox 911 2068 1034 2105; x_wconf 89' lang='lat' dir='ltr'>dicis:</span> <span class='ocrx_word' id='word_1_282' title='bbox 1078 2081 1131 2106; x_wconf 86' lang='lat' dir='ltr'>an</span> <span class='ocrx_word' id='word_1_283' title='bbox 1162 2082 1265 2118; x_wconf 90' lang='lat' dir='ltr'>quae</span> <span class='ocrx_word' id='word_1_284' title='bbox 1296 2070 1358 2106; x_wconf 92' lang='lat' dir='ltr'>tot</span> <span class='ocrx_word' id='word_1_285' title='bbox 1388 2070 1582 2117; x_wconf 86' lang='lat' dir='ltr'>tantaque</span> <span class='ocrx_word' id='word_1_286' title='bbox 1611 2069 1722 2107; x_wconf 86' lang='lat' dir='ltr'>aedis</span> 
     </span>
     <span class='ocr_line' id='line_1_31' title="bbox 128 2131 1779 2184; baseline 0 -12"><span class='ocrx_word' id='word_1_287' title='bbox 128 2132 316 2184; x_wconf 89' lang='lat' dir='ltr'>quotidie</span> <span class='ocrx_word' id='word_1_288' title='bbox 330 2131 545 2170; x_wconf 90' lang='lat' dir='ltr'>volumina</span> <span class='ocrx_word' id='word_1_289' title='bbox 557 2131 627 2170; x_wconf 87' lang='lat' dir='ltr'>vix</span> <span class='ocrx_word' id='word_1_290' title='bbox 642 2132 941 2170; x_wconf 89' lang='lat' dir='ltr'>sufficientibus</span> <span class='ocrx_word' id='word_1_291' title='bbox 957 2132 1107 2181; x_wconf 89' lang='lat' dir='ltr'>praelis</span> <span class='ocrx_word' id='word_1_292' title='bbox 1120 2136 1242 2182; x_wconf 88' lang='lat' dir='ltr'>atque</span> <span class='ocrx_word' id='word_1_293' title='bbox 1259 2133 1332 2172; x_wconf 87' lang='lat' dir='ltr'>vni</span> <span class='ocrx_word' id='word_1_294' title='bbox 1349 2147 1471 2183; x_wconf 87' lang='lat' dir='ltr'>prope</span> <span class='ocrx_word' id='word_1_295' title='bbox 1487 2134 1564 2171; x_wconf 88' lang='lat' dir='ltr'>tibi</span> <span class='ocrx_word' id='word_1_296' title='bbox 1580 2146 1720 2172; x_wconf 88' lang='lat' dir='ltr'>vacan-</span> <span class='ocrx_word' id='word_1_297' title='bbox 1739 2148 1779 2181; x_wconf 82' lang='lat'>55</span> 
     </span>
     <span class='ocr_line' id='line_1_32' title="bbox 129 2196 1720 2246; baseline 0 -9"><span class='ocrx_word' id='word_1_298' title='bbox 129 2199 242 2237; x_wconf 90' lang='lat' dir='ltr'>tibus</span> <span class='ocrx_word' id='word_1_299' title='bbox 261 2196 448 2244; x_wconf 86' lang='lat' dir='ltr'>officinis,</span> <span class='ocrx_word' id='word_1_300' title='bbox 468 2210 515 2235; x_wconf 91' lang='lat' dir='ltr'>ea</span> <span class='ocrx_word' id='word_1_301' title='bbox 544 2210 593 2234; x_wconf 84' lang='lat' dir='ltr'>ex</span> <span class='ocrx_word' id='word_1_302' title='bbox 622 2198 807 2246; x_wconf 89' lang='lat' dir='ltr'>tempore</span> <span class='ocrx_word' id='word_1_303' title='bbox 838 2198 988 2236; x_wconf 86' lang='lat' dir='ltr'>fundas</span> <span class='ocrx_word' id='word_1_304' title='bbox 1018 2198 1196 2236; x_wconf 87' lang='lat' dir='ltr'>fanatico</span> <span class='ocrx_word' id='word_1_305' title='bbox 1223 2198 1360 2236; x_wconf 85' lang='lat' dir='ltr'>furore</span> <span class='ocrx_word' id='word_1_306' title='bbox 1391 2198 1624 2243; x_wconf 79' lang='lat' dir='ltr'>instinctuS,</span> <span class='ocrx_word' id='word_1_307' title='bbox 1648 2212 1720 2237; x_wconf 89' lang='lat' dir='ltr'>nec</span> 
     </span>
     <span class='ocr_line' id='line_1_33' title="bbox 129 2261 1720 2312; baseline -0.001 -10"><span class='ocrx_word' id='word_1_308' title='bbox 129 2263 221 2302; x_wconf 89' lang='lat' dir='ltr'>istis</span> <span class='ocrx_word' id='word_1_309' title='bbox 239 2262 429 2301; x_wconf 85' lang='lat' dir='ltr'>texendis</span> <span class='ocrx_word' id='word_1_310' title='bbox 456 2261 574 2300; x_wconf 88' lang='lat' dir='ltr'>filum</span> <span class='ocrx_word' id='word_1_311' title='bbox 597 2263 692 2300; x_wconf 91' lang='lat' dir='ltr'>ante</span> <span class='ocrx_word' id='word_1_312' title='bbox 712 2263 939 2312; x_wconf 88' lang='lat' dir='ltr'>sepositum</span> <span class='ocrx_word' id='word_1_313' title='bbox 960 2262 1162 2309; x_wconf 89' lang='lat' dir='ltr'>habueris,</span> <span class='ocrx_word' id='word_1_314' title='bbox 1186 2264 1417 2302; x_wconf 88' lang='lat' dir='ltr'>scriniatim</span> <span class='ocrx_word' id='word_1_315' title='bbox 1438 2263 1563 2300; x_wconf 89' lang='lat' dir='ltr'>etiam</span> <span class='ocrx_word' id='word_1_316' title='bbox 1585 2263 1720 2301; x_wconf 86' lang='lat' dir='ltr'>titulis</span> 
     </span>
     <span class='ocr_line' id='line_1_34' title="bbox 130 2327 1720 2378; baseline 0 -12"><span class='ocrx_word' id='word_1_317' title='bbox 130 2327 391 2378; x_wconf 87' lang='lat' dir='ltr'>praenotatis.</span> <span class='ocrx_word' id='word_1_318' title='bbox 466 2327 572 2366; x_wconf 85' lang='lat' dir='ltr'>Sunt</span> <span class='ocrx_word' id='word_1_319' title='bbox 619 2328 731 2366; x_wconf 90' lang='lat' dir='ltr'>enim</span> <span class='ocrx_word' id='word_1_320' title='bbox 780 2328 851 2377; x_wconf 89' lang='lat' dir='ltr'>qui</span> <span class='ocrx_word' id='word_1_321' title='bbox 888 2328 1004 2366; x_wconf 86' lang='lat' dir='ltr'>aiunt</span> <span class='ocrx_word' id='word_1_322' title='bbox 1049 2330 1145 2366; x_wconf 88' lang='lat' dir='ltr'>ante</span> <span class='ocrx_word' id='word_1_323' title='bbox 1193 2341 1397 2366; x_wconf 87' lang='lat' dir='ltr'>annorum</span> <span class='ocrx_word' id='word_1_324' title='bbox 1445 2328 1720 2366; x_wconf 88' lang='lat' dir='ltr'>hebdomadas</span> 
     </span>
     <span class='ocr_line' id='line_1_35' title="bbox 129 2393 1720 2444; baseline -0.001 -12"><span class='ocrx_word' id='word_1_325' title='bbox 129 2406 342 2444; x_wconf 87' lang='lat' dir='ltr'>apparasse</span> <span class='ocrx_word' id='word_1_326' title='bbox 371 2394 412 2430; x_wconf 92' lang='lat' dir='ltr'>te</span> <span class='ocrx_word' id='word_1_327' title='bbox 446 2405 549 2442; x_wconf 90' lang='lat' dir='ltr'>quae</span> <span class='ocrx_word' id='word_1_328' title='bbox 588 2405 698 2431; x_wconf 91' lang='lat' dir='ltr'>nunc</span> <span class='ocrx_word' id='word_1_329' title='bbox 736 2394 960 2442; x_wconf 81' lang='grc' dir='ltr'>ἐπαλλήλως</span> <span class='ocrx_word' id='word_1_330' title='bbox 997 2395 1159 2432; x_wconf 84' lang='lat' dir='ltr'>exeunt.</span> <span class='ocrx_word' id='word_1_331' title='bbox 1215 2393 1331 2442; x_wconf 79' lang='lat' dir='ltr'>Quod</span> <span class='ocrx_word' id='word_1_332' title='bbox 1371 2394 1407 2431; x_wconf 89' lang='lat' dir='ltr'>si</span> <span class='ocrx_word' id='word_1_333' title='bbox 1448 2407 1592 2431; x_wconf 87' lang='lat' dir='ltr'>verum</span> <span class='ocrx_word' id='word_1_334' title='bbox 1632 2406 1720 2431; x_wconf 86' lang='lat' dir='ltr'>esse</span> 
     </span>
     <span class='ocr_line' id='line_1_36' title="bbox 129 2456 1779 2508; baseline -0.001 -12"><span class='ocrx_word' id='word_1_335' title='bbox 129 2458 288 2506; x_wconf 89' lang='lat' dir='ltr'>scirem,</span> <span class='ocrx_word' id='word_1_336' title='bbox 316 2470 389 2507; x_wconf 87' lang='lat' dir='ltr'>ego</span> <span class='ocrx_word' id='word_1_337' title='bbox 415 2456 546 2495; x_wconf 90' lang='lat' dir='ltr'>animi</span> <span class='ocrx_word' id='word_1_338' title='bbox 571 2456 634 2495; x_wconf 90' lang='lat' dir='ltr'>tui</span> <span class='ocrx_word' id='word_1_339' title='bbox 659 2457 909 2507; x_wconf 86' lang='lat' dir='ltr'>aequitatem</span> <span class='ocrx_word' id='word_1_340' title='bbox 934 2459 1132 2508; x_wconf 89' lang='lat' dir='ltr'>tuamque</span> <span class='ocrx_word' id='word_1_341' title='bbox 1162 2458 1405 2496; x_wconf 85' lang='lat' dir='ltr'>charitatem</span> <span class='ocrx_word' id='word_1_342' title='bbox 1434 2458 1478 2495; x_wconf 91' lang='lat' dir='ltr'>in</span> <span class='ocrx_word' id='word_1_343' title='bbox 1506 2457 1718 2507; x_wconf 84' lang='lat' dir='ltr'>publicum</span> <span class='ocrx_word' id='word_1_344' title='bbox 1738 2464 1779 2496; x_wconf 76' lang='lat'>60</span> 
     </span>
     <span class='ocr_line' id='line_1_37' title="bbox 131 2521 1718 2573; baseline -0.001 -12"><span class='ocrx_word' id='word_1_345' title='bbox 131 2523 399 2573; x_wconf 84' lang='lat' dir='ltr'>amplecterer</span> <span class='ocrx_word' id='word_1_346' title='bbox 418 2522 533 2560; x_wconf 91' lang='lat' dir='ltr'>omni</span> <span class='ocrx_word' id='word_1_347' title='bbox 553 2521 738 2572; x_wconf 85' lang='lat' dir='ltr'>suffragii</span> <span class='ocrx_word' id='word_1_348' title='bbox 762 2523 845 2560; x_wconf 89' lang='lat' dir='ltr'>mei</span> <span class='ocrx_word' id='word_1_349' title='bbox 872 2523 1022 2561; x_wconf 85' lang='lat' dir='ltr'>fauore.</span> <span class='ocrx_word' id='word_1_350' title='bbox 1059 2559 1063 2562; x_wconf 85' lang='grc'><em>,</em></span> <span class='ocrx_word' id='word_1_351' title='bbox 1082 2523 1190 2571; x_wconf 79' lang='lat' dir='ltr'>Quid</span> <span class='ocrx_word' id='word_1_352' title='bbox 1210 2523 1324 2561; x_wconf 88' lang='lat' dir='ltr'>enim</span> <span class='ocrx_word' id='word_1_353' title='bbox 1346 2522 1718 2561; x_wconf 88' lang='lat' dir='ltr'>commendabilius</span> 
     </span>
     <span class='ocr_line' id='line_1_38' title="bbox 130 2586 1719 2638; baseline 0 -12"><span class='ocrx_word' id='word_1_354' title='bbox 130 2590 192 2626; x_wconf 89' lang='lat' dir='ltr'>est</span> <span class='ocrx_word' id='word_1_355' title='bbox 215 2601 339 2638; x_wconf 91' lang='lat' dir='ltr'>quam</span> <span class='ocrx_word' id='word_1_356' title='bbox 368 2601 469 2637; x_wconf 89' lang='lat' dir='ltr'>quae</span> <span class='ocrx_word' id='word_1_357' title='bbox 501 2586 754 2625; x_wconf 90' lang='lat' dir='ltr'>iuuenilibus</span> <span class='ocrx_word' id='word_1_358' title='bbox 785 2587 906 2625; x_wconf 88' lang='lat' dir='ltr'>annis</span> <span class='ocrx_word' id='word_1_359' title='bbox 931 2587 1196 2637; x_wconf 85' lang='lat' dir='ltr'>congesseris,</span> <span class='ocrx_word' id='word_1_360' title='bbox 1224 2588 1333 2626; x_wconf 90' lang='lat' dir='ltr'>nolle</span> <span class='ocrx_word' id='word_1_361' title='bbox 1359 2590 1496 2626; x_wconf 90' lang='lat' dir='ltr'>tecum</span> <span class='ocrx_word' id='word_1_362' title='bbox 1523 2587 1719 2636; x_wconf 83' lang='lat' dir='ltr'>sepeliri?</span> 
     </span>
     <span class='ocr_line' id='line_1_39' title="bbox 133 2652 1719 2702; baseline -0.001 -11"><span class='ocrx_word' id='word_1_363' title='bbox 133 2653 237 2691; x_wconf 90' lang='lat' dir='ltr'>Mihi</span> <span class='ocrx_word' id='word_1_364' title='bbox 264 2653 375 2691; x_wconf 86' lang='lat' dir='ltr'>enirn</span> <span class='ocrx_word' id='word_1_365' title='bbox 399 2653 439 2691; x_wconf 92' lang='lat' dir='ltr'>id</span> <span class='ocrx_word' id='word_1_366' title='bbox 466 2652 634 2702; x_wconf 80' lang='lat' dir='ltr'>perinde</span> <span class='ocrx_word' id='word_1_367' title='bbox 663 2665 750 2691; x_wconf 87' lang='lat' dir='ltr'>esse</span> <span class='ocrx_word' id='word_1_368' title='bbox 780 2652 943 2691; x_wconf 88' lang='lat' dir='ltr'>videtur</span> <span class='ocrx_word' id='word_1_369' title='bbox 972 2654 1094 2702; x_wconf 87' lang='lat' dir='ltr'>atque</span> <span class='ocrx_word' id='word_1_370' title='bbox 1123 2653 1158 2691; x_wconf 90' lang='lat' dir='ltr'>si</span> <span class='ocrx_word' id='word_1_371' title='bbox 1187 2653 1290 2690; x_wconf 85' lang='lat' dir='ltr'>ciuis</span> <span class='ocrx_word' id='word_1_372' title='bbox 1320 2653 1487 2702; x_wconf 90' lang='lat' dir='ltr'>quidam</span> <span class='ocrx_word' id='word_1_373' title='bbox 1507 2653 1719 2691; x_wconf 86' lang='lat' dir='ltr'>Romanus</span> 
     </span>
     <span class='ocr_line' id='line_1_40' title="bbox 132 2717 1718 2767; baseline -0.001 -10"><span class='ocrx_word' id='word_1_374' title='bbox 132 2718 343 2757; x_wconf 87' lang='lat' dir='ltr'>Musarum</span> <span class='ocrx_word' id='word_1_375' title='bbox 364 2717 523 2756; x_wconf 83' lang='lat' dir='ltr'>diuitiis</span> <span class='ocrx_word' id='word_1_376' title='bbox 542 2717 841 2765; x_wconf 87' lang='lat' dir='ltr'>circumfluens,</span> <span class='ocrx_word' id='word_1_377' title='bbox 864 2717 1014 2756; x_wconf 85' lang='lat' dir='ltr'>annuis</span> <span class='ocrx_word' id='word_1_378' title='bbox 1033 2719 1074 2755; x_wconf 87' lang='lat' dir='ltr'>et</span> <span class='ocrx_word' id='word_1_379' title='bbox 1094 2718 1320 2756; x_wconf 85' lang='lat' dir='ltr'>menstruis</span> <span class='ocrx_word' id='word_1_380' title='bbox 1339 2717 1557 2767; x_wconf 82' lang='lat' dir='ltr'>congiariis</span> <span class='ocrx_word' id='word_1_381' title='bbox 1576 2718 1718 2766; x_wconf 90' lang='lat' dir='ltr'>populi</span> 
     </span>
     <span class='ocr_line' id='line_1_41' title="bbox 131 2782 1776 2833; baseline -0.002 -11"><span class='ocrx_word' id='word_1_382' title='bbox 131 2783 324 2833; x_wconf 87' lang='lat' dir='ltr'>plausum</span> <span class='ocrx_word' id='word_1_383' title='bbox 345 2783 493 2821; x_wconf 89' lang='lat' dir='ltr'>mereri</span> <span class='ocrx_word' id='word_1_384' title='bbox 511 2782 701 2832; x_wconf 87' lang='lat' dir='ltr'>bonaque</span> <span class='ocrx_word' id='word_1_385' title='bbox 720 2796 795 2822; x_wconf 89' lang='lat' dir='ltr'>sua</span> <span class='ocrx_word' id='word_1_386' title='bbox 813 2783 977 2832; x_wconf 85' lang='lat' dir='ltr'>elargiri</span> <span class='ocrx_word' id='word_1_387' title='bbox 999 2784 1043 2820; x_wconf 91' lang='lat' dir='ltr'>in</span> <span class='ocrx_word' id='word_1_388' title='bbox 1063 2782 1251 2821; x_wconf 85' lang='lat' dir='ltr'>animum</span> <span class='ocrx_word' id='word_1_389' title='bbox 1273 2783 1496 2828; x_wconf 83' lang='lat' dir='ltr'>induceret,</span> <span class='ocrx_word' id='word_1_390' title='bbox 1520 2784 1641 2832; x_wconf 84' lang='lat' dir='ltr'>atque</span> <span class='ocrx_word' id='word_1_391' title='bbox 1662 2783 1718 2822; x_wconf 87' lang='lat' dir='ltr'>ita</span> <span class='ocrx_word' id='word_1_392' title='bbox 1737 2788 1776 2829; x_wconf 75' lang='lat'>65</span> 
     </span>
     <span class='ocr_line' id='line_1_42' title="bbox 132 2847 1717 2898; baseline 0 -11"><span class='ocrx_word' id='word_1_393' title='bbox 132 2848 397 2897; x_wconf 87' lang='lat' dir='ltr'>deomnibus</span> <span class='ocrx_word' id='word_1_394' title='bbox 422 2847 572 2886; x_wconf 89' lang='lat' dir='ltr'>mereri</span> <span class='ocrx_word' id='word_1_395' title='bbox 600 2849 646 2886; x_wconf 90' lang='lat' dir='ltr'>vt</span> <span class='ocrx_word' id='word_1_396' title='bbox 674 2848 800 2887; x_wconf 88' lang='lat' dir='ltr'>etiam</span> <span class='ocrx_word' id='word_1_397' title='bbox 830 2848 1081 2898; x_wconf 88' lang='lat' dir='ltr'>primoribus</span> <span class='ocrx_word' id='word_1_398' title='bbox 1110 2850 1150 2886; x_wconf 87' lang='lat' dir='ltr'>et</span> <span class='ocrx_word' id='word_1_399' title='bbox 1180 2848 1396 2887; x_wconf 88' lang='lat' dir='ltr'>ordinibus</span> <span class='ocrx_word' id='word_1_400' title='bbox 1425 2850 1595 2887; x_wconf 84' lang='lat' dir='ltr'>tesseras</span> <span class='ocrx_word' id='word_1_401' title='bbox 1624 2862 1717 2887; x_wconf 87' lang='lat' dir='ltr'>suas</span> 
     </span>
    </p>
   </div>
   <div class='ocr_carea' id='block_1_3' title="bbox 445 2928 1411 2969">
    <p class='ocr_par' dir='ltr' id='par_1_5' title="bbox 445 2928 1411 2969">
     <span class='ocr_line' id='line_1_43' title="bbox 445 2928 1411 2969; baseline 0 -9"><span class='ocrx_word' id='word_1_402' title='bbox 445 2939 496 2968; x_wconf 83' lang='lat'>33.</span> <span class='ocrx_word' id='word_1_403' title='bbox 520 2931 569 2959; x_wconf 82' lang='lat' dir='ltr'>F:</span> <span class='ocrx_word' id='word_1_404' title='bbox 593 2929 755 2960; x_wconf 82' lang='lat' dir='ltr'>omnium</span> <span class='ocrx_word' id='word_1_405' title='bbox 772 2930 841 2969; x_wconf 84' lang='lat' dir='ltr'>ipsi</span> <span class='ocrx_word' id='word_1_406' title='bbox 860 2931 911 2960; x_wconf 83' lang='lat' dir='ltr'>rei</span> <span class='ocrx_word' id='word_1_407' title='bbox 929 2932 964 2959; x_wconf 88' lang='grc' dir='ltr'>Ε.</span> <span class='ocrx_word' id='word_1_408' title='bbox 1100 2938 1150 2968; x_wconf 90' lang='lat'>50.</span> <span class='ocrx_word' id='word_1_409' title='bbox 1181 2928 1358 2963; x_wconf 76' lang='grc' dir='ltr'>βασκαίνως</span> <span class='ocrx_word' id='word_1_410' title='bbox 1374 2932 1411 2960; x_wconf 88' lang='grc' dir='ltr'>Ε.</span> 
     </span>
    </p>
   </div>
   <div class='ocr_carea' id='block_1_4' title="bbox 175 3002 1460 3043">
    <p class='ocr_par' dir='ltr' id='par_1_6' title="bbox 175 3002 1460 3043">
     <span class='ocr_line' id='line_1_44' title="bbox 175 3002 1460 3043; baseline -0.002 -7"><span class='ocrx_word' id='word_1_411' title='bbox 175 3014 228 3043; x_wconf 79' lang='lat'>43.</span> <span class='ocrx_word' id='word_1_412' title='bbox 251 3003 462 3043; x_wconf 84' lang='lat' dir='ltr'>euerriculo]</span> <span class='ocrx_word' id='word_1_413' title='bbox 481 3003 532 3035; x_wconf 83' lang='lat' dir='ltr'>Cf.</span> <span class='ocrx_word' id='word_1_414' title='bbox 552 3003 623 3035; x_wconf 85' lang='lat' dir='ltr'>cic.</span> <span class='ocrx_word' id='word_1_415' title='bbox 641 3004 681 3035; x_wconf 90' lang='lat' dir='ltr'>N.</span> <span class='ocrx_word' id='word_1_416' title='bbox 695 3006 732 3035; x_wconf 92' lang='lat' dir='ltr'>D.</span> <span class='ocrx_word' id='word_1_417' title='bbox 752 3013 782 3043; x_wconf 84' lang='lat'>3.</span> <span class='ocrx_word' id='word_1_418' title='bbox 803 3013 854 3042; x_wconf 86' lang='lat'>30.</span> <span class='ocrx_word' id='word_1_419' title='bbox 876 3014 926 3042; x_wconf 83' lang='lat'>74.</span> <span class='ocrx_word' id='word_1_420' title='bbox 1012 3012 1062 3042; x_wconf 71' lang='lat'>54.</span> <span class='ocrx_word' id='word_1_421' title='bbox 1088 3002 1193 3043; x_wconf 74' lang='lat' dir='ltr'>dicis]</span> <span class='ocrx_word' id='word_1_422' title='bbox 1214 3004 1275 3042; x_wconf 81' lang='lat' dir='ltr'>Ep.</span> <span class='ocrx_word' id='word_1_423' title='bbox 1294 3004 1369 3042; x_wconf 88' lang='lat'>906.</span> <span class='ocrx_word' id='word_1_424' title='bbox 1394 3013 1460 3042; x_wconf 76' lang='lat'><em>¹30.</em></span> 
     </span>
    </p>
   </div>
  </div>
 </body>
</html>
