2034 3433
123 150 218 204 745]
457 155 527 194 ΤΟ
562 157 789 196 ALBERT
828 157 898 196 OF
936 157 1373 196 BRANDENBURG
1634 158 1710 195 177

121 256 328 296 diuersam
356 258 528 297 ditionis
553 262 647 298 tuae
671 262 832 310 partem
857 260 1001 310 procul
1026 262 1068 299 te
1093 260 1335 308 contuleras,
1361 273 1524 298 rursum
1550 260 1620 298 vbi
1643 273 1709 298 me

119 322 342 372 reciperem
369 323 413 362 in
444 324 632 373 patriam,
666 324 748 363 iam
777 325 885 374 apud
915 325 1129 364 Caesarem
1158 325 1303 374 agebas
1330 325 1570 374 Augustae:
1600 326 1707 375 quod

118 387 286 436 quidem
319 389 397 427 iter
435 402 529 428 cum
566 389 672 427 mihi
707 390 772 428 vel
803 391 921 428 eunti
954 390 1020 429 vel
1058 389 1247 429 redeunti
1284 390 1432 429 multis
1470 390 1708 429 nominibus
1728 406 1765 438 ²5

117 451 346 491 infaustum
367 453 501 502 fuerit,
524 454 642 492 nullo
669 456 809 492 tamen
835 455 1043 493 infelicius
1069 468 1194 505 quam
1220 454 1327 505 quod
1347 455 1410 493 tui
1429 467 1515 493 non
1535 454 1709 504 contigit

117 518 242 567 copia.
302 519 430 557 Porro
450 519 550 558 dum
569 519 817 569 posthabitis
841 520 953 558 curis
979 520 1173 558 omnibus
1197 533 1271 570 pro
1294 520 1454 559 viribus
1478 520 1642 558 adnitor
1661 522 1706 558 vt

117 581 285 621 Nouum
324 584 638 623 Testamentum
677 585 813 623 Leone
859 584 1024 632 decimo,
1067 585 1132 623 cui
1170 585 1355 623 dicatum
1397 586 1493 633 erat,
1534 585 1706 634 dignum

115 647 300 696 efficiam,
323 662 368 687 ac
393 649 565 698 proinde
588 649 740 688 iterum
769 651 892 698 atque
911 649 1061 688 iterum
1088 663 1205 689 nouo.
1229 649 1335 688 mihi
1358 663 1460 699 pene
1485 650 1705 688 veternum

114 712 287 763 collegi3
322 714 421 751 dum
450 714 525 752 hoc
552 727 575 751 a
602 715 717 752 senio
745 713 927 761 vindico,
948 714 1053 752 mihi
1082 714 1244 752 senium
1274 714 1484 761 contraxi;
1523 714 1705 764 dumque
1724 724 1765 756 30

114 776 229 824 illud,
252 778 315 816 vti
334 779 491 826 scribis,
521 779 699 829 pristino
723 778 849 816 nitori
874 779 1057 826 restituo,
1086 779 1190 817 mihi
1221 779 1471 829 squallorem
1500 792 1547 817 ac
1575 779 1704 818 situm

114 842 344 883 ooncfliaui,
405 844 511 882 Nam
539 844 654 882 labor
678 844 724 891 is,
753 845 800 881 vt
830 843 1057 892 voluptatis
1082 846 1123 881 et
1148 843 1301 894 gloriae
1326 857 1449 893 quam
1480 844 1703 883 minimum

113 908 248 955 habet,
288 908 345 947 ita
388 908 515 947 taedii
559 909 854 958 molestiaeque
899 908 1140 957 plurimum.
1211 911 1274 947 Ac
1319 922 1424 958 pene
1469 909 1703 958 duplicabat

113 972 349 1012 molestiam
371 974 479 1023 quod
507 973 738 1023 complures
764 973 971 1022 experirer
995 973 1308 1023 ingratissimos,
1332 987 1508 1023 quorum
1530 974 1703 1013 vtilitati

112 1037 375 1085 potissimum
406 1040 574 1077 tantum
604 1038 755 1077 laboris
785 1037 1073 1076 desudabatur.
1146 1038 1331 1077 Tandem
1366 1040 1406 1076 et
1439 1052 1461 1077 a
1493 1039 1701 1078 laboribus
1722 1051 1760 1083 35

111 1102 262 1151 quibus
291 1103 576 1152 distringebar,
603 1105 644 1141 et
672 1117 696 1141 a
723 1103 881 1141 morbis
909 1103 980 1153 qui
1010 1116 1076 1141 me
1105 1104 1404 1153 propemodum
1431 1103 1699 1151 extinxerant,

110 1168 317 1217 vtcunque
346 1168 452 1206 mihi
483 1168 712 1215 restitutus,
747 1167 866 1206 officii
895 1168 979 1206 mei
1006 1168 1248 1206 meminisse
1277 1168 1401 1218 coepi,
1432 1170 1555 1218 atque
1589 1168 1702 1207 hisce

108 1231 251 1280 literis,
283 1234 446 1283 quando
479 1233 612 1272 adhuc
646 1246 762 1271 secus
796 1246 880 1271 non
910 1233 1017 1281 licet,
1048 1233 1367 1283 amplitudinem
1395 1235 1511 1271 tuam
1540 1233 1701 1281 saluto;

108 1296 314 1348 simulque
327 1298 511 1348 gratulor
524 1300 585 1336 tot
598 1298 854 1337 ornamentis
864 1298 949 1336 tuis
961 1298 1246 1337 cardinaliciae
1259 1298 1474 1347 dignitatis
1486 1298 1699 1349 fastigium

107 1362 335 1410 accessisse,
368 1363 478 1401 vnde
508 1362 586 1401 tibi
621 1363 698 1401 hoc
731 1363 855 1401 etiam
885 1363 980 1412 plus
1014 1363 1171 1401 decoris
1204 1363 1447 1401 adiunctum
1482 1365 1555 1410 est,
1590 1364 1698 1412 quod
1719 1377 1760 1407 40

107 1441 130 1465 a
160 1427 364 1467 Pontifice
393 1428 659 1478 integerrimo
689 1441 763 1465 nec
792 1430 982 1477 emptum
1011 1441 1085 1466 nec
1113 1427 1316 1466 ambitum
1345 1427 1504 1477 obtigit,
1535 1429 1575 1466 et
1600 1428 1699 1467 adeo

107 1505 194 1531 non
221 1493 426 1532 ambitum
451 1495 508 1541 vt,
530 1493 613 1531 nisi
642 1493 921 1531 Maximiliani
947 1493 1131 1532 Caesaris
1156 1493 1378 1531 autoritate
1404 1495 1555 1541 motus,
1579 1493 1699 1532 obsti-

105 1560 199 1596 nate
221 1558 350 1597 fueris
370 1560 640 1597 recusaturus.
700 1558 986 1597 Adiunximus
1011 1558 1208 1608 epistolae
1228 1557 1420 1596 libellum
1447 1559 1498 1597 de
1523 1558 1699 1598 Ratione

104 1622 242 1661 Studii
279 1623 527 1673 Theologici,
565 1637 650 1662 non
684 1626 730 1662 vt
764 1623 842 1662 hoc
875 1625 947 1662 tuo
982 1624 1142 1662 nomini
1180 1624 1363 1662 dedicato
1403 1624 1527 1663 fidem
1560 1637 1697 1664 meam

104 1687 288 1736 liberem,
306 1702 452 1727 verum
468 1691 514 1727 vt
534 1689 610 1727 hoc
625 1689 742 1727 velut
760 1689 960 1727 arrabone
976 1690 1071 1728 dato
1091 1689 1224 1739 magis
1243 1702 1289 1728 ac
1304 1689 1437 1739 magis
1455 1689 1692 1740 astringam.
1714 1703 1753 1734 45

157 1753 336 1803 Optabat
363 1754 408 1793 R.
434 1754 478 1792 Τ.
503 1755 551 1793 D.
574 1757 623 1793 vt
649 1753 841 1792 diuorum
861 1754 967 1793 vitas
993 1754 1243 1793 illustrarem
1267 1767 1358 1792 meo
1378 1754 1484 1793 stilo.
1543 1755 1603 1793 At
1621 1769 1695 1805 ego

103 1819 275 1857 conatus
309 1832 401 1857 sum
431 1822 478 1858 vt
510 1820 590 1869 ipsi
623 1819 818 1858 diuorum
851 1820 1028 1869 principi
1061 1832 1152 1858 mea
1186 1819 1459 1869 qualicunque
1490 1819 1694 1858 industria

102 1882 204 1921 lucis
224 1884 421 1922 nonnihil
442 1884 646 1923 adderem.
707 1883 815 1922 Nam
842 1885 991 1934 gaudet
1015 1885 1096 1933 ille,
1119 1884 1249 1922 totius
1273 1884 1425 1934 gloriae
1444 1885 1547 1932 fons,
1570 1885 1695 1923 etiam

103 1947 183 1997 piis
219 1961 390 1987 suorum
426 1950 576 1988 studiis
612 1951 820 2000 vtcunque
857 1950 1080 1988 nobilitari.
1152 1950 1368 1988 Caeterum
1405 1962 1594 1987 sermone
1625 1951 1694 1988 vix

103 2014 297 2063 consequi
317 2028 464 2063 queam
485 2017 736 2064 quantopere
756 2015 941 2053 deamem
963 2015 1145 2053 indolem
1165 2015 1288 2053 istam
1307 2017 1434 2061 tuam,
1455 2015 1520 2052 cui
1538 2014 1690 2062 iuueni,
1714 2028 1754 2060 50

102 2078 210 2116 inter
247 2080 311 2117 tot
349 2079 519 2117 ditionis
557 2079 909 2118 administrandae
947 2079 1191 2118 necessarias
1228 2078 1362 2128 magis
1399 2091 1523 2128 quam
1561 2092 1694 2118 sacras

101 2142 415 2191 sollicitudines,
438 2143 544 2182 illud
570 2143 636 2182 vel
664 2143 708 2181 in
738 2144 884 2193 primis
911 2145 1023 2182 cordi
1052 2146 1125 2191 est,
1153 2146 1199 2182 vt
1226 2144 1416 2181 diuorum
1442 2143 1562 2191 vitae,
1591 2157 1693 2193 quae

101 2207 253 2256 partim
274 2208 481 2246 habentur
500 2208 654 2246 fabulis
672 2208 853 2246 anilibus
879 2208 1128 2255 simillimae,
1152 2209 1305 2258 partim
1325 2222 1372 2246 eo
1392 2208 1576 2257 proditae
1596 2208 1692 2247 stilo

101 2274 145 2310 vt
177 2277 300 2310 nemo
334 2273 478 2311 doctus
515 2275 585 2311 aut
619 2272 758 2322 grauis
790 2273 942 2322 absque
976 2286 1126 2311 nausea
1164 2272 1292 2322 possit
1329 2272 1471 2322 legere,
1508 2273 1690 2321 primum

100 2336 251 2376 maiore
281 2338 441 2376 delectu
470 2338 706 2387 maioreque
732 2337 823 2387 fide,
855 2337 948 2376 dein
978 2351 1165 2376 sermone
1193 2337 1228 2376 si
1257 2350 1341 2375 non
1367 2337 1553 2386 facundo,
1582 2340 1690 2377 certe
1709 2351 1746 2382 55

101 2403 260 2441 mundo
294 2406 485 2452 castoque
519 2403 747 2441 tradantur.
820 2403 1024 2452 Perspicit
1057 2402 1257 2441 nimirum
1291 2404 1360 2440 tua
1396 2402 1616 2451 prudentia
1646 2404 1688 2441 id

143 2561 194 2589 40.
222 2551 288 2582 hoc
303 2551 386 2591 3¹7:
409 2562 467 2583 om.
486 2551 533 2587 32.
670 2550 764 2591 quod
780 2553 844 2586 βδε
870 2551 957 2591 quid
972 2563 1005 2591 γ.
1179 2561 1230 2589 42.
1256 2552 1375 2582 motus
1391 2552 1413 2585 β
1432 2562 1438 2580 :
1462 2553 1642 2590 permotus
1660 2551 1685 2591 ζ.

99 2603 151 2633 55.
177 2593 258 2633 6¹7:
285 2596 315 2625 si
331 2605 404 2626 non
422 2606 584 2627 sermone
600 2595 648 2630 3².

100 2690 145 2711 on
155 2681 453 2713 whichErasmus
465 2683 632 2714 returned
645 2683 859 2715 fromBasle.
970 2692 1021 2721 43.
1048 2682 1292 2713 Adiunximus
1325 2704 1333 2712 .
1365 2707 1372 2714 .
1398 2692 1449 2721 45.
1474 2683 1687 2724 astringam]

99 2724 235 2763 Albert,
256 2726 324 2764 too,
338 2735 412 2756 was
428 2728 465 2757 at
478 2726 675 2766 Augsburg‚
692 2729 730 2758 to
746 2727 789 2756 be
806 2727 860 2757 in·
926 2726 1012 2756 Also
1042 2725 1157 2756 added
1195 2726 1234 2756 in
1276 2727 1368 2765 1518.
1438 2726 1549 2756 There
1580 2727 1609 2756 is
1640 2737 1686 2758 no

100 2767 221 2798 vested
238 2777 276 2798 as
291 2769 454 2800 cardinal
470 2770 517 2809 by
534 2770 715 2809 Caietano,
738 2780 751 2800 1
768 2770 856 2809 Aug.
926 2769 1071 2809 printed
1093 2769 1231 2799 edition
1252 2769 1290 2799 of
1306 2769 1368 2800 the
1390 2771 1479 2799 Ratio
1496 2769 1613 2800 before
1628 2770 1663 2802 βι
1677 2783 1685 2809 ;

103 2811 194 2850 1518.
927 2812 999 2843 and
1016 2814 1045 2842 it
1061 2814 1191 2843 cannot
1203 2812 1293 2842 have
1311 2813 1398 2844 been
1414 2813 1494 2843 sent
1507 2814 1542 2843 to
1557 2813 1684 2844 Albert

142 2863 194 2893 39.
227 2853 408 2893 simulque
432 2879 440 2887 .
464 2879 471 2886 .
500 2879 507 2886 .
540 2865 591 2894 43.
617 2856 859 2897 recusaturus]
928 2857 967 2886 in
989 2865 1065 2893 ms.‚
1085 2856 1138 2886 for
1156 2856 1216 2895 Ep.
1236 2857 1301 2895 976
1318 2856 1458 2895 implies
1479 2856 1559 2887 that
1581 2857 1683 2887 Eras-

98 2898 184 2928 Also
214 2897 330 2928 added
362 2898 401 2928 in
431 2900 536 2938 1518;
559 2899 613 2930 for
639 2899 765 2930 Albert
789 2909 861 2930 was
929 2899 1018 2929 mus'
1048 2899 1123 2929 first
1154 2899 1357 2930 dedication
1387 2901 1423 2930 to
1452 2899 1579 2930 Albert
1610 2910 1683 2931 was

98 2941 183 2980 only
214 2941 357 2972 created
389 2942 551 2972 cardinal
584 2952 629 2973 on
668 2953 708 2981 24
737 2943 859 2975 March
929 2944 1200 2982 contemporary
1214 2943 1305 2973 with
1324 2943 1452 2974 Beatus
1474 2943 1680 2974 Rhenanus‘

100 2984 194 3023 1518.
243 2984 287 3015 So
304 2984 378 3015 also
394 2985 432 3016 ll.
453 2986 538 3025 77‚8.
930 2986 1066 3017 edition
1084 2986 1121 3017 of
1133 2986 1214 3018 Jan.
1235 2996 1328 3026 1519.

160 3050 266 3069 annm(
284 3049 327 3069 ιιι
882 3054 906 3079 N
