2034 3433
152 168 253 239 926]
528 189 599 228 To
636 187 805 240 <J0HN
846 189 1068 228 BRIARD
1109 190 1179 228 or
1218 188 1390 239 ATH‘?)
1676 190 1756 228 539

151 291 301 331 deinde
329 292 589 342 Mechliniae,
612 306 709 332 mox
730 294 1031 344 Antuuerpiae.
1070 293 1154 331 Nec
1173 293 1293 331 video
1314 292 1555 340 remedium,
1578 292 1662 331 nisi
1686 295 1758 332 tua

150 357 373 407 prudentia
387 360 511 410 atque
529 359 730 398 autoritas
744 358 874 397 finem
893 358 1082 408 imponat
1097 359 1194 396 huic
1210 357 1331 397 malo.
1382 358 1444 396 De
1464 358 1590 396 modo
1608 357 1758 408 viaque
1778 371 1795 402 5

151 426 402 462 conuenerat
420 425 557 463 tecum
576 424 619 462 et
638 437 734 463 cum
754 423 921 474 Dorpio.
967 424 1034 462 Me
1051 437 1144 462 mea
1162 423 1413 462 conscientia
1430 436 1516 461 non
1536 423 1758 471 remordet,

153 487 263 538 quod
297 489 465 539 scriptis
491 489 600 528 meis
632 502 809 540 vsquam
843 489 1052 528 effecerim
1083 489 1343 527 Christianae
1372 488 1527 538 pietati.
1587 488 1760 527 Dissidii

152 565 275 592 causa
292 553 423 592 nolim
443 567 543 602 esse,
559 554 712 592 cauebo
727 567 801 603 pro
817 553 933 592 virili
952 567 1004 592 ne
1023 553 1105 592 sim
1122 552 1292 591 occasio.
1340 553 1539 592 Latonius
1559 553 1761 592 inuitarat

151 620 199 657 vt
218 618 423 657 rationem
442 619 594 658 rationi
614 632 940 669 opponeremus:
967 619 1010 656 id
1038 618 1214 657 fecimus
1237 631 1403 656 summa
1427 617 1612 667 lenitate,
1635 620 1694 668 vt,
1716 618 1761 656 ni

151 683 465 723 morosissimus
490 684 557 732 sit,
579 684 735 722 offendi
761 698 847 722 non
874 684 1030 723 debeat.
1089 684 1169 722 Sed
1191 685 1372 733 praestat
1392 684 1532 722 onmia
1551 697 1700 733 coram,
1725 683 1761 723 si
1783 695 1820 716 10

151 747 388 798 dignaberis
414 749 563 788 horam
589 750 882 800 praescribere.
943 749 1161 788 Christum
1185 749 1295 786 mihi
1315 749 1468 787 iratum
1488 749 1701 800 imprecor,
1725 750 1762 788 si

152 812 252 864 quid
273 814 419 853 affecto
442 815 551 865 quod
575 815 742 854 Christo
772 815 990 865 displicere
1015 815 1154 852 sciam.
1218 813 1395 853 Nullum
1421 814 1656 853 conuicium
1675 828 1761 853 non

151 879 294 927 feram,
318 880 445 919 etiam
471 880 760 929 falsissimum,
783 881 908 920 modo
934 894 986 919 ne
1014 881 1117 918 falso
1144 879 1337 918 traducar
1366 880 1620 919 haereticus:
1651 881 1760 931 quod

152 957 176 983 a
195 945 417 984 nonnullis
435 946 527 984 fieri
547 959 744 996 praesens
764 945 931 984 docebo.
989 946 1105 983 Bene
1126 945 1229 983 vale.
1289 942 1390 996 [An.
1416 941 1597 996 M.1›.xv.]

511 1064 665 1107 ⁰¹⁰947‘.
726 1064 792 1105 To
824 1064 991 1104 PHILIP
1023 1064 1396 1105 MELANCHTHON.

200 1121 364 1169 Farrago
382 1135 417 1168 p.
439 1132 517 1167 127.
1475 1120 1653 1156 Louvain.

200 1180 239 1215 F.
258 1192 297 1226 p.
314 1190 404 1226 279:
431 1180 523 1218 HN:
550 1180 665 1216 Lond.
684 1193 715 1216 v.
734 1182 800 1224 38:
829 1179 902 1215 LB.
920 1189 1004 1223 411.
1420 1189 1463 1214 22
1482 1179 1591 1224 April
1612 1188 1712 1224 1519.

276 1273 481 1303 ERASMvs
511 1273 850 1304 ROTERODAMvs
881 1272 1099 1302 PHILIPPO
1130 1271 1500 1302 MELANCHTHONI
1533 1272 1568 1304 S.
1596 1273 1636 1303 D.

207 1348 290 1396 Qv1
318 1361 386 1386 me
416 1347 664 1387 submonuit
691 1348 742 1386 de
769 1350 841 1386 tuo
868 1347 1030 1396 iudicio,
1055 1360 1188 1397 neque
1217 1346 1371 1385 nebulo
1397 1348 1460 1385 est
1482 1360 1616 1397 neque
1640 1347 1763 1396 quad-

152 1413 348 1464 ruplator,
381 1426 528 1452 verum
562 1414 607 1452 in
638 1413 778 1464 paucis
806 1413 1011 1452 candidus
1040 1412 1213 1461 amicus,
1239 1412 1406 1462 vtrique
1435 1414 1627 1450 nostrum
1657 1413 1763 1451 bene

152 1478 311 1518 volens.
371 1478 456 1517 Nec
485 1481 548 1517 est
577 1479 687 1530 quod
714 1479 912 1518 aduersus
945 1479 1069 1517 illum
1101 1480 1316 1527 tantopere
1351 1477 1633 1527 stomacheris,
1667 1491 1763 1517 cum

150 1543 238 1594 ipse
256 1544 425 1583 fatearis
444 1558 592 1584 verum
611 1559 701 1584 esse
720 1545 829 1595 quod
849 1544 921 1582 ille
942 1557 1027 1582 non
1047 1544 1092 1582 in
1113 1543 1175 1582 tui
1196 1543 1412 1592 inuidiam,
1435 1543 1506 1581 sed
1527 1543 1637 1593 quod
1657 1543 1762 1582 forte

150 1610 209 1649 sic
228 1610 339 1649 inter
357 1610 712 1649 confabulandum
732 1609 936 1660 inciderit,
952 1609 1107 1648 retulit.
1170 1609 1417 1658 Quanquam
1432 1607 1504 1647 ille
1525 1621 1610 1646 non
1629 1608 1764 1647 aiebat
1782 1620 1800 1653 5

149 1675 229 1714 tibi
248 1675 506 1726 displicuisse
527 1676 749 1726 quicquam
769 1677 815 1714 in
836 1665 1097 1725 Paraphrasi,
1112 1675 1184 1713 sed
1201 1675 1246 1713 in
1263 1675 1380 1712 Nouo
1397 1674 1664 1713 Testamento
1681 1689 1690 1723 3
1717 1674 1764 1713 in

151 1755 233 1792 quo
261 1741 386 1780 citius
414 1741 672 1781 admissurus
701 1755 814 1780 eram
842 1744 962 1780 tuum
990 1741 1192 1779 iudicium
1217 1753 1343 1791 quam
1363 1740 1406 1777 in
1428 1739 1688 1790 Paraphrasi,
1713 1740 1764 1778 de

152 1820 233 1857 qua
252 1820 377 1845 nemo
395 1806 514 1845 facile
533 1807 840 1858 pronunciabit,
865 1806 947 1845 nisi
968 1806 1039 1856 qui
1061 1805 1396 1856 vigilantissimis
1420 1805 1553 1843 oculis
1571 1807 1764 1844 veterum

151 1872 343 1911 omnium
369 1874 689 1912 commentarios
715 1872 955 1911 excusserit.
1014 1872 1124 1911 Caue
1143 1884 1240 1909 vero
1259 1884 1327 1909 me
1346 1871 1468 1920 putes
1487 1872 1560 1909 aut
1580 1870 1764 1909 amicum

151 1939 239 1976 tam
258 1937 567 1977 inconstantem
581 1940 628 1977 vt
648 1939 701 1976 ob
721 1937 952 1987 quamlibet
973 1937 1176 1975 offensam
1197 1935 1357 1974 amicus
1372 1948 1460 1973 esse
1476 1935 1674 1984 desinam,
1692 1937 1764 1974 aut
1784 1947 1824 1971 10

153 2005 239 2041 tam
268 2016 419 2053 parum
446 2005 660 2042 assuetum
691 2006 743 2055 τῷ
773 2006 890 2043 κακῶς
919 2003 1065 2041 ἀκούειν
1093 2003 1140 2040 vt
1171 2001 1298 2039 huius
1326 2003 1398 2039 aut
1425 1999 1542 2039 illius
1570 1999 1763 2039 liberiore

151 2067 303 2107 iudicio
322 2080 571 2117 magnopere
593 2081 870 2107 commouear.

207 2132 294 2171 Nec
313 2132 431 2172 obsto
458 2146 539 2182 quo
564 2133 708 2171 minus
734 2132 866 2170 libera
893 2132 978 2171 sint
1005 2131 1288 2171 studiosorum
1316 2130 1478 2178 iudicia,
1502 2129 1627 2168 modo
1653 2132 1764 2169 recta

153 2198 250 2236 sint.
310 2197 493 2236 Proinde
526 2199 680 2236 rectius
714 2200 761 2236 tu
790 2198 960 2248 quidem
993 2197 1070 2235 hoc
1099 2197 1243 2235 ordine
1274 2196 1382 2234 mihi
1416 2196 1604 2234 dicturus
1636 2194 1764 2235 fuisse

153 2262 324 2311 videris,
348 2263 358 2282 ‘
374 2262 535 2301 Iudicia
555 2263 836 2301 studiosorum
857 2265 903 2300 vt
924 2262 1064 2310 libera,
1084 2261 1143 2300 ita
1162 2263 1272 2299 recta
1292 2274 1379 2299 esse
1401 2261 1541 2299 decet?
1596 2261 1657 2299 At
1676 2260 1763 2310 ipse
1784 2274 1821 2306 15

154 2327 359 2367 iudicium
396 2328 510 2366 istud
549 2330 672 2367 tuum
716 2328 918 2366 rescindis
965 2330 1006 2366 et
1052 2327 1260 2365 calculum
1309 2339 1488 2365 reuocaS.
1548 2326 1616 2364 Ad
1664 2325 1764 2364 haec

154 2393 414 2433 eruditorum
441 2393 657 2441 iudicium,
682 2394 832 2432 horum
856 2394 1100 2443 praesertim
1128 2393 1200 2443 qui
1223 2392 1438 2431 Musarum
1466 2405 1580 2430 sacra
1607 2391 1761 2439 colunt,

156 2472 242 2498 non
261 2458 400 2498 solum
418 2460 592 2506 rectum,
609 2472 757 2498 verum
777 2461 819 2497 et
841 2473 1020 2509 aequum
1041 2461 1082 2496 et
1102 2458 1326 2497 candidum
1346 2470 1433 2495 esse
1453 2457 1581 2496 decet.
1636 2455 1764 2495 Vides

155 2523 322 2574 quantis
356 2523 462 2562 odiis
492 2525 730 2573 conspirent
762 2524 933 2573 quidam
961 2525 1160 2562 aduersus
1189 2523 1319 2561 bonas
1351 2523 1506 2561 literas.
1566 2521 1763 2570 Aequum

155 2592 220 2628 est
258 2601 335 2628 nos
377 2602 540 2639 quoque
587 2590 858 2641 συγκρητίζειν.
915 2589 1074 2638 Ingens
1122 2588 1375 2638 praesidium
1422 2589 1486 2625 est
1532 2586 1760 2626 concordia.
1783 2599 1824 2623 20

155 2655 373 2694 Caeterum
412 2654 518 2692 illud
559 2654 637 2693 tibi
677 2655 922 2704 persuadeas
961 2654 1098 2701 velim,
1134 2667 1202 2691 me
1236 2652 1483 2703 Philippum
1530 2666 1580 2690 ex
1621 2652 1763 2690 animo

156 2719 329 2770 diligere
357 2721 398 2757 et
426 2719 541 2757 illius
569 2719 809 2759 felicissimo
837 2719 1007 2769 ingenio
1034 2733 1119 2757 non
1150 2718 1382 2768 vulgariter
1410 2718 1558 2756 fauere.

211 2785 306 2823 Dici
335 2784 403 2823 vix
433 2786 569 2834 potest
596 2786 803 2835 quantum
828 2784 1013 2823 arriserit
1038 2785 1223 2832 hymnus
1246 2796 1325 2833 quo
1349 2784 1408 2831 tu,
1429 2784 1612 2821 veterem
1642 2781 1763 2820 illum

201 2883 282 2914 946.
305 2892 336 2922 7.
360 2891 512 2921 vsquam
528 2885 557 2913 Ε
572 2892 580 2913 :
604 2892 793 2922 nunquam
810 2884 852 2914 N.
991 2890 1041 2920 13.
1069 2881 1174 2912 modo
1190 2883 1243 2911 H:
1267 2881 1298 2911 si
1315 2879 1422 2911 modo
1437 2882 1477 2910 E.
1613 2888 1663 2917 14.
1688 2879 1759 2910 An.

158 2935 282 2958 »mxxv
296 2929 372 2957 add.
388 2928 431 2957 H.
569 2926 644 2957 947.
670 2935 701 2965 5.
731 2926 909 2957 inciderat
926 2929 970 2957 H.
1062 2925 1191 2956 retulit
1207 2927 1236 2954 E
1253 2926 1367 2962 Corriq.
1383 2934 1391 2954 z
1417 2922 1561 2954 tettulit
1578 2924 1618 2953 E.

201 3004 279 3036 947.
301 3013 354 3043 23.
380 3001 556 3043 hymnus]
574 3003 809 3034 Forstemann
829 3002 922 3044 (ME.
993 3002 1138 3042 angelos
1154 2999 1338 3039 Graecus’,
1356 2999 1479 3030 which
1500 2999 1539 3030 in
1561 2999 1658 3039 Sept.
1678 2998 1762 3036 1518

159 3049 217 3090 40)
247 3047 431 3079 identifies
453 3047 544 3078 with
569 3046 633 3077 the
662 3046 671 3064 ‘
687 3046 859 3086 Hymnus
886 3047 925 3076 in
994 3044 1255 3077 Melanchthon
1271 3054 1345 3075 was
1358 3044 1468 3074 about
1491 3044 1527 3074 to
1545 3043 1648 3082 print
1666 3042 1759 3082 (ME.
