2034 3433
131 181 226 236 674]
473 182 623 222 FROM
662 182 1020 222 PASCHASIUS
1059 181 1371 221 BERSELIUS
1663 182 1713 218 97

130 287 288 337 misque
308 286 503 325 moribus.
561 285 809 335 Hospitatus
827 288 890 324 est
916 285 1023 335 apud
1048 298 1123 324 nos
1145 298 1334 323 mensem
1353 285 1435 324 fere
1455 287 1713 335 perpetuum,
1736 299 1775 328 ,κε

129 365 210 402 quo
226 354 410 402 tempore
443 350 647 390 Hebraica
678 351 785 388 mihi
822 351 1057 390 rudimenta
1093 350 1268 389 fideliter
1300 349 1498 397 tradidit;
1545 363 1641 388 nam
1675 353 1716 388 et

130 417 351 456 Grecanica
380 429 538 466 quoque
568 415 620 454 ab
644 414 868 460 Alcandro,
896 416 982 454 viro
1008 416 1281 466 vndecunque
1310 415 1560 463 doctissimo,
1592 415 1715 465 paulo

129 485 224 521 ante
240 494 364 532 quam
385 480 483 520 hinc
501 481 545 518 in
561 480 730 518 Italiam
750 481 937 529 solueret,
957 494 1198 531 acceperam.
1249 480 1368 528 Vide,
1389 480 1448 518 mi
1466 483 1713 530 praeceptor,

129 547 230 597 quid
262 545 416 585 moliar.
476 545 618 584 Timeo
647 558 699 582 ne
729 546 829 583 dum
858 546 1017 584 duabus
1045 546 1158 585 sellis
1186 546 1324 584 sedere
1357 545 1506 592 laboro,
1544 547 1717 594 vtraque

128 611 330 650 excludar.
401 611 496 649 Non
534 610 730 648 desistam
768 612 907 648 tamen
945 611 1047 661 quin
1085 611 1129 649 in
1166 610 1207 649 id
1246 610 1381 650 acrius
1418 613 1528 648 totos
1567 622 1716 649 neruos
1736 624 1774 654 35

129 675 372 723 intendam3
400 675 570 714 fortasse
598 675 713 713 labor
740 676 953 725 improbus
981 677 1122 715 onmia
1151 677 1298 715 vincet.
1358 676 1612 715 Commendo
1637 675 1716 714 tibi

129 753 270 779 meum
298 742 602 790 praeceptorem
632 740 898 778 Hebraicum.
956 741 999 779 Is
1032 741 1264 780 Louanium
1299 741 1383 780 adit
1412 743 1458 779 vt
1486 742 1527 779 te
1556 740 1717 779 videat:

129 806 394 845 commodum
426 806 477 844 ad
507 819 582 844 nos
612 807 851 853 reuertetur,
874 808 995 856 atque
1023 807 1186 845 vtinam
1214 820 1295 845 non
1325 807 1413 845 sine
1441 806 1527 844 tuis
1554 805 1712 844 litteris.

131 871 433 920 Desyderamus
464 871 577 908 enim
605 870 737 908 adhuc
766 871 873 920 quod
903 873 943 909 et
971 871 1250 921 superioribus
1277 871 1431 911 nostris
1461 870 1716 921 desyderaui-

129 948 233 982 mus,
257 937 297 974 et
317 935 425 986 quod
451 936 536 974 tuis
561 935 799 974 humaniter
819 947 861 973 es
879 935 1100 985 pollicitus,
1120 936 1307 975 omnium
1330 936 1486 975 scilicet
1511 935 1716 974 librorum
1735 950 1777 981 40

130 1013 233 1050 quos
255 1000 433 1039 edideris
462 1003 502 1039 et
527 1013 629 1050 quos
652 1000 728 1038 sub
754 1000 904 1039 incude
931 1001 1053 1040 habes
1076 1001 1247 1048 titulos:
1277 1002 1312 1039 si
1341 1001 1390 1040 ad
1417 1014 1483 1038 me
1511 1000 1714 1047 venerint,

132 1065 240 1104 nihil
259 1065 367 1104 mihi
387 1066 530 1105 feceris
549 1065 715 1116 gratius.

187 1130 388 1180 Dorpium
424 1132 465 1169 et
502 1130 763 1169 Paludanum
803 1133 894 1169 tuos
933 1132 1036 1170 meis
1073 1132 1210 1171 verbis
1247 1132 1390 1170 saluta.
1449 1132 1562 1169 Amo
1604 1129 1717 1168 enim

131 1198 353 1246 vtrumque
372 1197 645 1244 vehementer,
661 1196 828 1234 tametsi
848 1199 992 1235 neuter
1010 1197 1115 1235 mihi
1137 1197 1272 1235 adhuc
1291 1210 1342 1234 ne
1363 1196 1414 1234 de
1433 1195 1533 1234 facie
1553 1195 1718 1246 quidem

131 1261 184 1299 sit
217 1263 352 1299 notus.
412 1260 529 1298 Nihil
562 1261 668 1310 apud
703 1261 906 1300 Louanios
936 1263 985 1300 iis
1011 1261 1203 1300 heroibus
1228 1262 1273 1300 in
1298 1261 1450 1300 litteris
1476 1260 1716 1299 absolutius.
1737 1277 1777 1309 45

131 1325 244 1374 Vale,
266 1325 500 1364 litterarum
527 1327 569 1364 et
594 1326 870 1365 litteratorum
897 1327 1030 1375 decus,
1053 1329 1094 1366 et
1117 1326 1365 1373 Berselium‚
1385 1325 1563 1364 filiolum
1584 1328 1715 1371 tuum,

132 1391 204 1441 qui
223 1391 268 1430 in
287 1393 328 1430 te
347 1391 525 1430 amando
544 1391 704 1430 nemini
724 1393 899 1441 cesserit,
922 1393 958 1432 si
977 1393 1054 1431 tibi
1073 1393 1211 1432 visum
1230 1391 1365 1439 fuerit,
1389 1391 1563 1430 redama.

186 1457 220 1494 E
241 1456 387 1496 cellula
409 1459 548 1495 nostra
567 1457 673 1507 apud
695 1457 874 1496 Leodios.
936 1471 989 1497 xv
1010 1457 1146 1496 Galen.
1171 1456 1370 1496 Octobris.

506 1592 657 1634 663675.
720 1593 783 1634 ΤΟ
815 1592 1063 1635 CUTHBERT
1094 1592 1345 1635 TUNSTALL.

179 1680 399 1717 Auctarium
416 1693 451 1727 p.
475 1692 549 1726 134.
1053 1714 1059 1723 ,
1331 1682 1507 1718 Louvain.

181 1739 220 1774 F.
239 1751 273 1785 p.
296 1749 382 1782 140:
407 1739 498 1775 HN:
526 1740 642 1776 Lond.
660 1740 713 1776 iii.
733 1752 774 1786 3:
801 1741 873 1777 LB.
894 1753 971 1788 293.
1169 1741 1222 1787 (c.
1243 1751 1282 1785 17
1303 1739 1548 1787 September>
1574 1750 1673 1785 1517.

408 1820 493 1861 [Not
508 1820 592 1861 long
607 1821 699 1852 after
714 1823 779 1862 Ep.
796 1823 860 1861 663
873 1833 880 1861 ;
904 1822 1056 1862 perhaps
1071 1824 1150 1853 sent
1165 1822 1255 1853 with
1272 1823 1335 1862 Ep.
1352 1821 1446 1863 666.]

134 1914 339 1945 ERASMVs
370 1914 702 1945 ROTERODAMVS
737 1915 1008 1946 CLARISSIMO
1038 1916 1148 1946 ero
1183 1915 1413 1947 CVTBERTO
1448 1914 1719 1954 TVNSTALLO,

327 1982 616 2013 SERENISSIMI
646 1983 892 2015 ANGLORVM
924 1984 1055 2015 REGIS
1085 1985 1207 2015 APVD
1236 1984 1527 2016 CATHOLmVM

670 2052 822 2084 REGEM
855 2053 1065 2093 ORAT0R1‚
1097 2054 1131 2084 s.
1159 2054 1201 2083 D.

190 2131 420 2169 PLVRIMVM
444 2131 521 2170 tibi
546 2132 666 2171 debet
693 2136 832 2172 nostra
858 2133 1060 2183 Selandia,
1083 2148 1207 2185 quam
1230 2137 1301 2173 tua
1325 2135 1396 2173 illa
1422 2137 1507 2173 tam
1531 2135 1721 2185 graphica

136 2196 371 2234 ὑποτυπώσει
400 2195 654 2235 nobilitasti:
685 2198 756 2236 sed
784 2201 924 2237 tamen
952 2198 1027 2237 hoc
1057 2199 1120 2237 illi
1149 2200 1281 2246 debes,
1304 2200 1411 2249 quod
1440 2203 1480 2238 te
1509 2199 1574 2238 vel
1604 2199 1721 2238 semi-

138 2260 283 2317 uiuum
310 2260 527 2299 remiserit.
588 2262 859 2302 Famulitium
886 2266 1005 2302 tuum
1025 2264 1223 2303 afflictum
1243 2265 1384 2311 doleo;
1415 2266 1460 2302 tu
1480 2277 1577 2302 vero
1598 2264 1721 2302 etiam

137 2327 259 2376 atque
288 2325 412 2364 etiam
447 2339 543 2365 cura
575 2329 622 2365 vt
654 2327 873 2366 incolumis
904 2330 997 2367 tuae
1031 2328 1213 2367 reddaris
1244 2328 1431 2378 Angliae,
1466 2342 1518 2366 ne
1555 2328 1723 2367 caeteris

136 2390 257 2429 rebus
280 2403 329 2429 ex
355 2391 485 2429 animi
514 2393 719 2430 sententia
743 2393 871 2443 gestis
897 2393 974 2431 hoc
1003 2406 1148 2443 parum
1174 2406 1223 2432 ex
1249 2393 1455 2432 sententia
1475 2393 1592 2432 cedat
1613 2393 1718 2444 quod
1740 2406 1756 2437 5

138 2455 326 2494 omnium
346 2456 527 2495 maxime
545 2457 753 2496 referebat.

193 2520 301 2569 Quae
320 2521 466 2560 scribis
487 2521 535 2559 de
554 2525 695 2560 nostra
713 2523 762 2561 ad
788 2523 968 2561 Fabi-um
987 2523 1198 2574 Apologia,
1223 2536 1458 2573 quanquam
1482 2523 1564 2562 scio
1583 2523 1722 2561 animo

138 2584 211 2623 abs
237 2586 279 2623 te
307 2586 434 2624 scribi
462 2587 724 2635 amicissimo,
747 2588 852 2626 mihi
876 2591 1015 2627 tamen
1043 2588 1107 2626 bis
1129 2588 1302 2626 molesta
1330 2588 1507 2632 fuerunt,
1530 2588 1596 2626 vel
1616 2588 1720 2638 quod

138 2653 321 2688 veterem
346 2651 479 2689 animi
506 2651 692 2691 dolorem
718 2653 923 2700 refricant,
947 2653 1010 2691 vel
1039 2653 1144 2703 quod
1171 2655 1216 2691 tu
1244 2652 1320 2691 hac
1346 2653 1555 2691 occasione
1582 2653 1722 2690 minus

142 2771 226 2801 1519
250 2772 320 2793 was
343 2763 522 2795 Professor
543 2764 581 2795 of
598 2765 751 2796 Hebrew
777 2766 814 2795 in
838 2765 899 2796 the
972 2766 1006 2796 ii.
1019 2775 1070 2804 73,
1085 2764 1157 2795 and
1170 2765 1231 2795 the
1243 2766 1349 2804 entry
1362 2764 1416 2795 for
1430 2766 1468 2795 16
1479 2765 1564 2804 Apr.
1586 2773 1667 2804 1515
1683 2765 1721 2795 in

140 2805 338 2845 Collegium
366 2807 536 2847 trilingue
561 2810 597 2839 at
620 2808 791 2839 Louvain.
838 2809 900 2840 See
968 2808 1176 2839 Aleander’s
1199 2810 1343 2846 Journal,
1366 2808 1421 2839 ed.
1446 2808 1586 2846 Omont,
1612 2818 1643 2848 p.
1670 2809 1719 2839 16.

105 2859 108 2863 ·
140 2849 249 2880 DNB.
296 2848 396 2880 Mate.
420 2850 559 2881 Adrian
588 2852 665 2891 (Ep.
693 2854 768 2883 686.
793 2861 813 2891 5
845 2853 899 2892 n.)
968 2851 1227 2883 Aleanderleft
1242 2851 1295 2882 for
1306 2851 1415 2882 Rome
1432 2852 1470 2881 in
1488 2851 1609 2882 March
1628 2853 1722 2891 1516.

140 2902 206 2923 can
238 2892 368 2932 hardly
392 2893 483 2924 have
505 2895 593 2925 been
615 2897 742 2926 iuuenis
764 2897 800 2925 at
823 2895 899 2926 this
1009 2897 1062 2934 36.
1087 2894 1200 2934 labor]
1219 2894 1270 2926 Cf.
1289 2895 1390 2934 Verg.
1409 2897 1442 2925 G.
1465 2904 1492 2924 1.
1514 2896 1620 2934 145,6.

140 2935 239 2966 time.
1009 2948 1061 2977 39.
1088 2937 1362 2978 Desyderamus]
1394 2938 1460 2968 For
1482 2937 1556 2969 this
1584 2940 1723 2978 request

185 2978 259 3010 674.
277 2988 329 3018 32.
347 2979 544 3021 Aleandro]
556 2981 623 3011 For
638 2981 796 3021 friendly
808 2981 896 3012 rela-
965 2982 1008 3014 cf.
1027 2982 1087 3022 Ep.
1105 2991 1169 3021 492
1185 2981 1316 3014 introd.

141 3022 238 3053 tions
254 3023 415 3054 between
431 3023 531 3055 them
548 3025 585 3055 at
602 3024 704 3064 Liege
722 3025 764 3056 cf.
781 3025 837 3056 Al.
854 3025 891 3056 E.
1008 3027 1059 3062 46.
1080 3024 1249 3065 filiolum]
1257 3025 1473 3057 Forthisuse
1481 3024 1722 3065 cf.Ep.748.46.

207 3088 316 3107 Anum:
337 3088 376 3108 111
914 3093 943 3117 Η
