2034 3433
117 182 218 236 854]
610 186 762 226 FROM
801 186 1070 226 AMBROSE
1109 186 1216 226 LEO
1625 187 1703 225 355

114 288 424 338 elegantissime
453 290 590 329 vertit.
649 289 756 328 Nam
783 290 990 328 orationes
1016 290 1234 341 plerasque
1261 290 1455 329 Isocratis
1484 303 1530 328 ac
1558 290 1704 328 Demo-

113 353 274 392 sthenis
303 356 420 393 tanta
439 355 679 404 Arpinitate
706 354 910 404 expressit
932 357 979 393 vt
1003 355 1240 394 Ciceronem
1259 356 1400 406 ipsum
1426 354 1703 394 nihilominus
1722 366 1762 400 70

114 419 248 468 legere
271 418 474 467 videaris;
497 419 818 470 Aristotelisque
846 419 981 458 multa
1000 421 1127 459 vertit
1154 423 1242 459 tam
1269 420 1442 459 candide
1464 422 1511 459 vt
1536 420 1700 459 Latium

113 483 434 533 gloriabundum
477 484 608 523 dicere
643 486 784 534 possit,
827 485 893 523 En
935 484 1206 524 Aristotelem
1250 487 1440 524 nostrum
1486 485 1698 524 habemus.

114 548 234 587 Idem
254 549 341 598 ipse
360 549 537 598 iuuenis,
559 551 605 588 vt
624 552 688 588 est
706 549 921 588 literarum
942 549 1195 599 optimarum
1210 553 1480 600 vtrarumque
1495 551 1703 589 maximus

114 610 322 659 alumnus,
340 611 400 650 ita
413 611 476 650 tui
492 625 654 662 quoque
673 612 988 651 amantissimus
1007 625 1053 650 ac
1073 613 1308 652 studiorum
1328 615 1497 652 tuorum
1517 613 1706 652 laudator

114 689 316 715 summus.
473 682 486 697 ¹
1623 689 1632 703 “
1722 688 1760 721 75

168 740 222 778 In
247 741 354 779 calce
379 741 429 779 de
455 750 522 779 me
548 742 632 780 iam
655 754 753 779 sene
771 743 813 779 et
832 742 965 780 amico
990 742 1116 780 etiam
1135 743 1290 782 senties
1311 743 1460 792 aliqua.
1520 742 1627 781 Nam
1646 743 1704 781 ita

115 805 299 845 viximus
317 808 537 856 postquam
556 806 655 845 hinc
673 806 851 853 soluisti,
874 808 921 845 vt
940 806 1184 846 viuebamus
1210 810 1301 846 tum
1331 822 1460 858 quum
1486 808 1703 847 nobiscum

116 883 216 918 eras,
247 873 295 909 vt
317 872 443 919 nosti,
464 871 661 910 continuo
687 871 1047 910 summussitando
1073 884 1167 910 cum
1188 872 1343 910 libellis
1363 873 1559 922 Vtrisque,
1582 872 1704 922 idque

115 937 161 973 vt
179 936 337 974 foetum
357 936 536 986 aliquem
559 937 697 975 Leone
721 936 894 986 dignum
914 937 1166 975 senescendo
1187 938 1494 987 conciperemus
1514 951 1523 975 :
1553 951 1639 975 non
1657 940 1704 975 vt

115 1001 323 1049 mulieres,
362 1014 465 1051 quae
501 1001 602 1040 dum
639 1001 800 1051 puellae
837 1003 948 1050 sunt,
983 1000 1126 1040 statim
1163 1004 1350 1052 tempore
1387 1003 1578 1052 grauidae
1615 1015 1704 1041 esse
1721 1007 1762 1038 80

114 1066 272 1113 volunt,
296 1067 419 1117 atque
440 1066 562 1116 paulo
586 1069 678 1116 post
702 1066 924 1105 foetificare
944 1067 1124 1116 gaudent
1143 1081 1152 1114 ;
1181 1081 1357 1116 quarum
1376 1067 1453 1106 filii
1472 1067 1702 1105 imbecilles

115 1132 345 1170 nascuntur
381 1144 456 1170 nec
489 1132 561 1169 diu
597 1131 736 1170 viuere
777 1134 945 1181 queunt.
1004 1131 1278 1181 Concepimus
1316 1133 1488 1182 aliquos,
1526 1145 1704 1182 quorum

114 1196 317 1246 quosdam
342 1196 605 1246 parturimus,
639 1196 840 1246 quosdam
873 1197 1108 1246 peperimus
1137 1197 1263 1247 inque
1292 1197 1427 1236 lucem
1458 1197 1700 1237 aedidimus.

115 1260 372 1311 opusculum
411 1261 524 1299 enim
560 1262 606 1299 in
638 1261 717 1299 tris
755 1261 1004 1300 distinctum
1040 1262 1168 1301 libros
1205 1263 1255 1301 de
1293 1262 1399 1302 Nola
1435 1263 1535 1301 vrbe
1572 1263 1704 1312 patria

114 1329 258 1365 nostra
285 1328 603 1376 composuimus,
636 1327 744 1376 quod
773 1327 1023 1376 impressum
1047 1330 1138 1375 est;
1167 1327 1346 1366 alterum
1375 1341 1573 1377 magnum
1602 1340 1703 1378 opus
1721 1334 1760 1374 85

114 1394 274 1431 sectum
302 1392 348 1429 in
374 1391 502 1429 libros
531 1405 603 1430 sex
632 1383 675 1430 et
699 1392 973 1441 quadraginta
999 1405 1048 1430 ex
1073 1392 1349 1442 Peripatetica
1374 1393 1592 1443 disciplina
1610 1406 1703 1431 con-

114 1458 288 1495 fecimus
317 1457 516 1495 aduersus
545 1457 771 1503 Auerroen,
796 1457 906 1505 quod
930 1457 1056 1495 etiam
1083 1457 1276 1496 incusum
1304 1461 1396 1496 est:
1427 1459 1473 1496 vt
1492 1457 1703 1507 intelligas

114 1535 190 1561 nos
210 1522 336 1561 etiam
355 1521 468 1560 haud
487 1521 734 1560 contriuisse
755 1524 895 1560 noctes
914 1522 959 1560 in
979 1522 1171 1561 culcitris.

167 1588 236 1626 Ad
273 1587 372 1625 haec
409 1586 566 1636 aliquid
600 1586 816 1625 literarum
849 1588 900 1625 ad
934 1600 1011 1626 nos
1039 1587 1166 1626 etiam
1200 1588 1272 1627 des
1303 1588 1454 1627 velim:
1494 1600 1562 1626 eas
1591 1587 1704 1626 enim

113 1665 359 1702 magnopere
385 1652 590 1702 cupimus,
612 1665 699 1690 non
723 1651 859 1690 solum
878 1654 926 1690 vt
951 1652 1234 1703 intelligamus
1252 1655 1294 1692 te
1313 1653 1417 1691 bene
1443 1664 1571 1701 agere,
1594 1652 1703 1701 quod
1720 1669 1764 1700 90

112 1730 373 1766 summopere
398 1719 601 1767 optamus,
623 1717 693 1755 sed
719 1717 847 1755 etiam
872 1720 919 1756 vt
941 1730 965 1756 a
986 1720 1028 1756 te
1048 1719 1264 1758 audiamus
1283 1718 1421 1768 aliqua
1439 1730 1582 1756 eorum
1601 1730 1703 1767 quae

113 1782 224 1821 fiunt
241 1783 350 1832 apud
371 1795 441 1821 eos
467 1782 538 1832 qui
561 1795 611 1820 ex
635 1782 711 1820 hac
736 1782 822 1821 vita
841 1783 1172 1834 commigrauere,
1196 1786 1318 1834 atque
1336 1784 1429 1822 vtra
1446 1783 1501 1821 sit
1521 1783 1632 1833 regio
1651 1783 1701 1822 ad

114 1848 369 1887 manendum
402 1848 758 1887 accommodatior.
833 1847 966 1887 Galles
1004 1848 1119 1887 enim
1155 1850 1372 1898 vtriusque
1409 1848 1702 1895 conditionem,

114 1914 267 1963 quippe
295 1913 367 1963 qui
395 1926 515 1963 saepe
539 1914 624 1952 iam
652 1915 828 1951 mortem
852 1926 947 1952 cum
976 1915 1062 1953 vita
1089 1917 1130 1952 et
1159 1927 1253 1953 cum
1279 1916 1413 1952 morte
1439 1913 1570 1952 vitam
1593 1926 1699 1952 com-

115 1978 300 2016 mutasti.
360 1978 463 2018 Vale
483 1980 525 2016 et
545 1991 620 2017 nos
639 1991 741 2025 ama,
765 1981 812 2016 vt
830 1978 950 2017 soles.
1238 1997 1243 2002 ’
1720 1989 1759 2020 95

168 2042 368 2081 Venetiis.
428 2055 539 2081 XIIII.
562 2043 646 2082 Cal.
669 2044 849 2092 August.
865 2055 1078 2082 M.D.XV111.
1103 2044 1211 2094 apud
1226 2044 1466 2094 speciariam
1486 2043 1702 2082 tabernam

116 2108 270 2147 coralli.

542 2204 690 2244 72ss855.
749 2204 814 2245 To
845 2204 971 2245 PAUL
1003 2205 1276 2246 BOMBASIUS.

161 2283 381 2319 Auctarium
398 2294 433 2327 p.
453 2283 506 2327 36.
1461 2285 1580 2320 Basle.

164 2342 202 2379 F.
221 2354 257 2387 p.
280 2351 366 2386 105:
394 2340 486 2376 HN:
513 2339 629 2375 Lond.
647 2339 686 2374 ii.
706 2350 773 2382 24:
802 2340 876 2374 LB.
894 2350 973 2385 377.
1385 2343 1429 2377 26
1446 2342 1534 2387 July
1555 2344 1654 2388 1518.

231 2422 324 2452 DES.
356 2420 557 2450 ERASMVS
588 2420 917 2450 ROTERODAMVS
947 2421 1091 2451 PAVLO
1123 2422 1347 2452 BOMBASIO
1378 2422 1459 2452 SVO
1489 2422 1521 2453 S.
1544 2423 1586 2453 D.

172 2492 254 2530 Ino
286 2504 368 2541 quo
401 2489 536 2540 potius
569 2489 817 2528 Bombasius
852 2489 923 2528 ille
955 2490 1183 2530 Mauortius
1220 2492 1289 2539 καὶ,
1322 2492 1378 2529 ἵνα
1411 2491 1702 2542 Ὁμηρικώτερον

115 2558 222 2603 λέξω,
252 2556 415 2605 δαΐφρων
443 2567 567 2604 quam
592 2555 643 2592 ad
670 2553 857 2593 Eluetios
871 2556 893 2594 ἱ)
939 2555 1022 2594 Nec
1051 2558 1138 2594 erat
1166 2556 1274 2606 quod
1303 2555 1387 2595 illic
1415 2559 1621 2595 metueres
1648 2569 1701 2595 ne

117 2620 467 2673 quemadmodum
504 2619 720 2658 Trebatius
763 2621 871 2670 apud
913 2621 1140 2659 Britannos
1181 2621 1364 2672 frigeres,
1407 2635 1500 2660 cum
1543 2622 1701 2672 passim

116 2687 243 2726 etiam
263 2686 411 2725 mediis
424 2685 586 2723 brumis
606 2684 780 2723 sudetur
794 2685 839 2724 in
853 2685 1132 2735 hypocaustis.
1178 2686 1335 2725 Distuli
1354 2687 1438 2725 tuis
1459 2687 1702 2736 respondere
1755 2698 1757 2701 ’

159 2779 234 2810 854.
260 2779 489 2852 Βιὲᾳιιαωω
504 2779 556 2808 H:
581 2786 733 2816 quorum
750 2779 789 2808 E.
922 2780 966 2808 F:
992 2778 1195 2809 imbecelles
1210 2781 1248 2810 E.
1395 2779 1447 2817 87.
1471 2779 1635 2809 incusum
1651 2781 1702 2809 E:

117 2831 286 2853 excusum
336 2844 344 2853 .

159 2908 235 2939 854.
261 2908 312 2946 84.
337 2907 571 2947 Opusculum]
596 2910 638 2938 De
659 2910 738 2939 Nola
752 2911 874 2947 patria,
988 2918 1041 2947 97.
1068 2907 1209 2948 coralli]
1226 2908 1279 2939 Cf.
1295 2909 1358 2948 Ep.
1376 2918 1449 2948 450.
1467 2909 1518 2940 28.

118 2952 260 2989 Venice,
278 2951 311 2981 J.
329 2951 479 2990 Rubeus,
498 2962 517 2990 4
534 2952 628 2990 Sept.
649 2960 739 2990 1514.
988 2952 1062 2982 855.
1084 2962 1110 2983 1.
1138 2951 1353 2992 Mauortius]
1370 2953 1421 2983 Cf.
1438 2953 1500 2992 Ep.
1516 2962 1588 2992 251.
1606 2962 1698 2993 15—9.

159 2995 216 3033 85.
239 2995 341 3034 opus]
359 2995 500 3034 Venice,
519 2996 559 3026 B.
583 2995 610 3025 &
632 2995 679 3026 M.
696 2995 739 3025 de
751 2995 873 3033 Vitali,
987 3004 1017 3026 2.
1048 2995 1222 3036 Eluetios]
1255 2995 1306 3027 Cf.
1335 2996 1399 3036 Ep.
1428 3006 1498 3035 134.
1523 3006 1544 3035 3
1568 3007 1602 3028 n.
1628 2997 1700 3028 and

118 3047 160 3078 25
175 3039 269 3078 Sept.
289 3047 369 3077 1517
384 3048 392 3076 ;
409 3038 529 3069 edited
547 3039 592 3078 by
605 3037 778 3070 Camillus
794 3039 875 3069 Leo.
942 3038 1044 3070 BRE.
1063 3039 1115 3070 82.

855 3106 881 3131 A
901 3106 924 3132 a
942 3106 966 3132 2
