2034 3433
131 173 231 228 712]
663 173 734 212 ΤΟ
771 173 958 212 PETER
996 171 1198 212 GILLES
1646 170 1722 208 143

129 279 175 318 Si
193 280 265 318 aut
284 278 398 317 abest
416 279 487 316 aut
506 276 630 327 friget
650 275 826 323 Crullus‚
851 276 1011 315 confido
1043 275 1310 315 Franciscum
1335 287 1420 313 non
1439 276 1718 324 grauaturum.

129 345 245 383 Bene
264 343 367 391 vale,
390 343 618 382 amicorum
638 342 935 392 syncerissime.

181 409 367 448 Louanii.
439 407 791 457 Decimoseptimo
820 407 1020 446 Calendas
1049 406 1263 446 Decembr.
1322 403 1469 458 [Anno
1498 404 1723 444 millesimo
1744 420 1785 452 40

127 474 460 526 quingentesimo
480 470 821 524 decimooctauo.]

590 655 684 694 713.
746 653 809 695 To
839 653 968 695 JOHN
1002 653 1261 696 REUCHLIN.

176 762 284 798 Basle
302 762 379 796 MS.
397 761 454 795 G2.
474 761 502 795 Ι.
523 770 576 805 15.
597 760 637 803 ii,
656 760 681 795 f.
704 761 744 795 18
765 760 830 805 (α).
1363 758 1542 794 Louvain.

176 820 297 856 Illust.
314 820 477 855 virorum
496 818 614 864 epist,
634 818 679 854 f0.
697 818 727 853 s²
744 822 783 852 v⁰
801 818 866 864 (β).
1237 827 1275 862 15
1296 817 1504 853 November
1523 815 1677 863 (1517).

174 917 264 959 [The
279 917 358 947 best
373 917 449 947 text
466 917 496 946 is
512 925 532 946 a
553 925 641 955 copy
658 916 703 954 by
719 915 752 947 J.
769 915 811 946 G.
830 915 955 946 Huber
972 915 1115 955 (†1755)
1132 916 1171 946 in
1196 915 1254 946 his
1270 914 1487 955 collections,
1508 923 1590 945 now
1605 914 1644 943 in
1661 912 1723 944 the

131 961 344 999 University
366 960 517 999 Library
538 961 575 990 at
604 959 724 990 Basle:
761 959 856 989 cited
883 959 931 997 by
955 958 1091 999 Geiger,
1118 959 1188 990 RE.
1216 968 1292 998 235.
1342 958 1408 989 For
1431 960 1453 992 β
1481 967 1538 988 see
1566 958 1631 997 Ep.
1660 967 1725 996 300

129 1004 261 1036 introd.
308 1004 381 1034 The
397 1002 577 1043 year-date
594 1012 678 1042 may
693 1003 735 1033 be
749 1002 913 1042 assigned
929 1002 1020 1033 from
1038 1002 1206 1033 Adrian's
1222 1002 1443 1033 cardinalate
1463 1002 1474 1041 (
1478 1003 1499 1032 1.
1523 1012 1560 1040 17
1578 999 1649 1042 n).]

552 1105 758 1136 ERASMVS
789 1105 1053 1136 REVCHLINO
1085 1106 1168 1136 SVO
1200 1107 1232 1136 S.
1260 1106 1302 1136 D.

183 1201 231 1239 SI
249 1199 371 1247 vales,
389 1197 634 1237 Germaniae
663 1200 826 1236 nostrae
856 1198 992 1245 decus,
1025 1200 1087 1236 est
1116 1197 1225 1236 vnde
1254 1196 1484 1246 plurimum
1512 1196 1725 1246 gaudeam.

130 1264 348 1304 Recutitus
366 1263 438 1302 ille
463 1276 513 1301 ex
539 1262 836 1301 nocentissimo
855 1276 979 1313 verpo
1007 1262 1225 1301 scelerator
1253 1276 1339 1301 non
1369 1262 1628 1301 Christianus
1656 1261 1725 1300 sed

129 1329 456 1376 Christianistes,
478 1328 589 1366 edito
607 1327 760 1374 libello,
785 1341 910 1378 eoque
930 1328 1091 1378 vulgari
1118 1328 1272 1378 lingua,
1294 1340 1347 1366 ne
1373 1341 1460 1366 non
1488 1326 1726 1376 intelligant

130 1396 262 1445 ipsius
280 1394 450 1442 sodales,
470 1393 640 1431 lenones
660 1407 704 1431 ac
725 1396 886 1441 nautae,
906 1394 1048 1432 doctos
1067 1406 1220 1440 omnes,
1244 1395 1291 1432 vt
1317 1393 1451 1439 audio,
1475 1392 1725 1430 nominatim

129 1461 291 1499 lacerat.
351 1459 429 1498 Sed
448 1472 541 1497 meo
568 1458 720 1497 iudicio
749 1461 986 1497 monstrum
1016 1459 1210 1497 omnibus
1240 1458 1379 1496 modis
1408 1457 1632 1506 indignum
1663 1458 1725 1494 est
1745 1472 1761 1503 5

131 1525 248 1564 cuius
266 1525 424 1563 mentio
437 1524 510 1562 fiat
522 1524 566 1562 in
577 1523 712 1562 literis
731 1524 952 1562 hominum
972 1523 1240 1562 eruditorum.
1275 1523 1391 1562 Proh
1407 1523 1543 1561 Deum
1558 1522 1726 1560 immor-

130 1590 268 1637 talem,
284 1589 397 1640 quali
416 1602 570 1638 organo
588 1590 766 1627 vtuntur
784 1589 993 1639 personati
1012 1588 1076 1627 illi
1097 1588 1309 1638 religionis
1339 1588 1574 1626 euersores!
1622 1587 1726 1625 Plus

130 1668 238 1694 vnus
262 1655 332 1692 ille
361 1654 639 1693 semiiudaeus
665 1654 924 1693 Christianus
953 1654 1097 1692 nocuit
1123 1654 1182 1692 rei
1205 1653 1464 1694 Christianae
1493 1666 1617 1703 quam
1640 1652 1727 1691 vni-

130 1733 249 1760 uersa
268 1720 517 1758 Iudaeorum
536 1720 727 1767 sentina3
756 1720 971 1770 planeque,
998 1720 1045 1758 ni
1072 1719 1205 1766 fallor,
1239 1719 1279 1757 id
1306 1732 1404 1757 suae
1429 1717 1543 1768 genti
1562 1717 1726 1767 praebet

131 1785 238 1836 quod
269 1785 392 1824 Dario
423 1785 617 1834 Zopyrus,
654 1797 892 1834 quanquam
926 1785 994 1823 hic
1031 1784 1166 1823 multo
1203 1784 1447 1823 sceleratior.
1527 1783 1623 1831 Nos,
1666 1782 1725 1820 mi
1746 1798 1785 1821 10

132 1850 378 1897 Reuchline,
397 1849 597 1899 neglectis
616 1850 822 1900 portentis
844 1850 888 1889 in
912 1849 1078 1889 Christo
1098 1863 1174 1888 nos
1193 1849 1447 1888 oblectemus
1467 1850 1507 1887 et
1526 1847 1726 1886 honestis·

130 1915 247 1954 simis
265 1915 453 1953 fruamur
467 1914 628 1953 studiis.

187 1980 393 2018 Dominus
421 1980 629 2018 Roffensis
657 1981 698 2018 et
727 1979 895 2018 Coletus
923 1979 1029 2018 belle
1057 1979 1210 2018 valent.
1269 1980 1424 2018 Omnes
1453 1978 1605 2017 eruditi
1638 1991 1726 2028 pro-

133 2044 256 2094 bique
274 2044 355 2082 viri
375 2046 414 2082 te
433 2046 586 2083 amant.
644 2044 919 2094 Expostulaui
936 2057 1032 2083 cum
1053 2044 1207 2094 Dorpio
1234 2058 1360 2095 quare
1387 2044 1486 2082 haec
1505 2043 1728 2082 Academia

137 2123 179 2148 se
198 2109 435 2148 miscuisset
453 2111 525 2147 tuo
545 2109 711 2159 negotio
728 2124 737 2148 ι
766 2123 865 2148 nam
885 2109 1011 2148 huius
1031 2109 1139 2160 stylo
1160 2112 1200 2147 et
1221 2110 1402 2148 stultitia
1421 2109 1539 2147 abusi
1559 2110 1656 2147 sunt
1676 2108 1727 2146 ad
1748 2123 1785 2155 15

136 2176 213 2213 hoc
234 2173 398 2223 negotii.
455 2174 500 2212 Is
518 2174 730 2223 respondit
747 2188 879 2214 vnum
892 2175 1128 2213 Adrianum
1143 2175 1271 2213 fuisse
1289 2175 1517 2222 authorem,
1537 2174 1603 2212 cui
1619 2187 1729 2212 nunc

136 2239 313 2289 contigit
332 2238 629 2285 cardinalatus;
649 2252 725 2277 nec
738 2252 925 2288 vnquam
937 2241 1076 2278 tamen
1091 2239 1218 2278 fuisse
1231 2239 1486 2278 mentionem
1501 2239 1726 2287 haereseos,

136 2304 207 2343 sed
226 2316 415 2342 errorum
437 2303 648 2341 duntaxat.
708 2303 815 2352 Quid
842 2305 982 2342 autem
1002 2307 1120 2343 vacat
1143 2317 1276 2342 errore
1292 2306 1312 2342 ⁶?
1340 2304 1507 2342 tametsi
1527 2317 1601 2353 ego
1620 2303 1728 2341 nihil

135 2369 222 2408 illic
259 2368 410 2407 erroris
445 2368 575 2406 video.
654 2368 808 2407 Curaui
852 2368 1041 2407 libellum
1079 2369 1226 2407 Latine
1263 2369 1511 2407 vertendum
1548 2382 1594 2407 ac
1632 2368 1729 2407 misi

136 2433 334 2473 Roffensi.
390 2433 506 2472 Bene
524 2433 629 2472 vale.
684 2433 865 2472 Louanii
883 2447 991 2472 xvn.
1013 2434 1096 2473 Cal.
1121 2434 1372 2473 Decembris.
1750 2450 1789 2472 20

189 2498 457 2548 Scripsissem
476 2498 689 2548 copiosius,
713 2499 784 2537 sed
804 2498 872 2537 hic
891 2499 1072 2538 incertus
1091 2501 1179 2538 erat
1198 2500 1527 2551 γραμματοφόρος.

184 2631 258 2661 712.
277 2641 329 2668 40.
347 2631 455 2662 Anno
473 2656 480 2663 .
498 2655 506 2663 .
524 2641 575 2670 41.
595 2631 860 2662 decimooctauo
875 2633 947 2662 add.
961 2634 1002 2663 H.
1064 2631 1137 2662 713.
1156 2641 1185 2661 2.
1205 2630 1409 2661 sceleratior
1420 2631 1455 2665 β.
1533 2641 1563 2668 4.
1581 2630 1729 2661 lenones

140 2685 179 2706 ac
195 2676 326 2705 nautae
341 2684 398 2706 om.
418 2676 453 2709 β.
541 2675 759 2705 nominatim
777 2678 849 2706 add.
869 2676 902 2708 β.
1057 2676 1088 2706 6.
1115 2674 1210 2705 Proh
1226 2684 1284 2705 om.
1303 2675 1338 2708 β.
1493 2683 1524 2712 9.
1550 2673 1728 2713 planeque

138 2728 179 2749 a:
201 2717 312 2748 Plane
326 2719 360 2751 β.
516 2718 554 2748 id
569 2721 689 2758 scripsi,
708 2720 746 2757 cs.
765 2720 846 2755 Epp.
866 2728 940 2757 700.
958 2728 1008 2758 21,
1029 2728 1102 2757 701.
1118 2728 1160 2757 23
1179 2728 1186 2749 z
1211 2718 1241 2748 is
1258 2719 1314 2752 αβ.
1484 2727 1533 2748 11.
1559 2718 1598 2747 in
1615 2727 1674 2748 om.
1693 2718 1728 2751 β.

141 2771 191 2801 13.
216 2761 391 2792 Dominus
406 2772 447 2791 a:
471 2761 566 2792 Tuus
581 2763 615 2796 β.
721 2771 772 2801 15.
796 2763 832 2792 et
849 2762 1005 2793 stultitia
1021 2772 1078 2793 om.
1094 2763 1127 2796 β.
1235 2771 1287 2792 20.
1312 2760 1386 2792 Cal.
1403 2762 1534 2798 scripsi:
1561 2759 1729 2792 Calendis

136 2816 156 2834 α
171 2817 177 2836 ;
202 2804 276 2835 KL.
293 2805 327 2838 β.
418 2804 632 2836 Decembres
647 2806 681 2839 β.

188 2925 261 2957 712.
285 2927 337 2964 38.
364 2924 609 2967 Franciscum]
627 2926 838 2960 Berckman.
1010 2937 1041 2966 3.
1067 2925 1206 2967 libello]
1223 2925 1276 2958 Cf.
1290 2926 1353 2966 Ep.
1371 2927 1445 2966 697.
1469 2936 1554 2958 1211.

187 2969 261 3001 713.
276 2978 306 3000 2.
324 2968 525 3010 Recutitus]
533 2969 753 3002 Pfefferkorn
765 2981 773 3010 3
785 2971 827 3002 cf.
837 2971 901 3011 Ep.
1014 2981 1063 3009 17.
1090 2970 1347 3012 cardinalatus]
1369 2980 1384 3000 1
1401 2970 1496 3001 June
1517 2979 1607 3010 1517.

143 3015 219 3053 694.
239 3022 280 3051 34
297 3021 370 3052 seq.
1016 3023 1064 3053 19.
1093 3013 1273 3055 libellum]
1292 3014 1357 3044 See
1373 3013 1396 3044 1.
1416 3023 1446 3053 3.
