2034 3433
129 161 229 217 9233]
1627 165 1702 204 501

530 220 663 275 92395l

171 285 334 332 Farrago
351 297 386 331 p.
408 295 484 330 147.
1425 285 1558 321 Mainz.

174 343 212 380 F.
229 355 265 389 p.
284 354 374 389 294:
399 344 490 380 HN:
515 344 630 380 Lond.
648 344 693 380 vi.
718 355 779 389 13:
808 345 879 380 LB.
900 356 978 391 392.
1323 346 1344 380 6
1362 343 1490 379 March
1510 340 1659 390 <1519>.

129 460 140 491 l
171 418 260 459 [The
270 418 454 503 frear-date
472 420 502 451 is
517 420 621 460 given
638 420 685 460 by
702 419 763 450 the
781 420 985 460 expedition
1002 422 1139 461 against
1156 421 1283 452 Ulrich
1305 420 1342 451 of
1354 420 1604 460 Wiirtemberg
1619 430 1628 459 ς
1651 429 1708 450 see

146 485 153 492 .
170 471 212 502 23
227 472 261 494 n.

722 218 853 260 FROM
884 219 1069 262 ULRICH
1101 219 1308 261 HUTTEN.

252 549 479 582 VLRICHVS
510 550 746 581 HVTTENVS
776 550 917 587 EQVES
946 551 1126 582 ERASMO
1158 550 1459 582 ROTERODAMO
1491 550 1523 581 S.
1546 551 1589 582 D.

182 622 245 661 Tv
273 621 370 661 licet
404 623 545 661 mutus
575 622 643 670 sis,
676 635 748 672 ego
787 624 926 661 tamen
965 635 1049 661 non
1087 622 1273 661 desinam
1310 621 1595 671 frequentibus
1632 620 1710 659 tibi

128 686 315 736 epistolis
351 686 585 737 obstrepere
601 701 610 735 ;
654 688 694 725 et
732 688 771 725 te
810 686 964 734 amabo,
1000 686 1035 725 si
1065 688 1112 725 tu
1147 699 1213 725 me
1241 686 1537 735 contempseris
1571 685 1708 724 etiam.

129 751 329 802 Princeps
354 752 718 802 impatientissimo
738 751 802 790 tui
822 751 1035 801 desyderio
1055 753 1232 789 tenetur.
1289 751 1427 800 Nuper
1447 763 1497 788 ex
1517 750 1711 800 Doringis

127 816 208 855 huc
227 817 400 866 rediens,
422 829 519 856 cum
543 817 608 855 illi
637 817 802 855 obuiam
827 816 1127 866 processissem,
1151 816 1323 854 vixdum
1346 817 1532 854 contacta
1551 816 1712 854 dextera

129 895 234 928 mea,
266 882 370 921 ‘Vbi
397 882 517 921 nobis
553 882 807 921 Erasmus?'
834 881 986 931 inquit.
1046 881 1102 919 Et
1140 881 1190 919 de
1221 880 1361 919 libello
1398 880 1713 930 percontabatur
1731 896 1748 928 5

128 947 281 986 iterum
314 949 436 998 atque
468 947 646 995 iterum;
689 961 769 997 quo
798 948 849 985 de
876 947 1053 985 miratur
1080 947 1186 997 quod
1215 959 1289 996 ego
1316 946 1502 995 ignorem
1531 945 1630 995 quid
1658 946 1713 984 sit

128 1012 234 1051 illud
250 1025 331 1063 quo
347 1026 443 1052 eum
459 1026 592 1052 ornas,
642 1013 767 1052 Putat
781 1013 895 1051 enim
910 1012 1050 1051 omnia
1065 1014 1136 1051 tua
1150 1011 1256 1050 mihi
1271 1024 1359 1050 esse
1375 1011 1560 1062 cognita:
1590 1024 1713 1061 quam

128 1078 174 1114 tu
194 1077 434 1127 opinionem
453 1077 541 1116 eius
560 1077 656 1116 vide
676 1078 816 1127 aliqua
838 1091 880 1115 re
898 1077 1049 1116 firmes.
1109 1078 1236 1115 Amat
1256 1077 1296 1114 te
1315 1076 1512 1114 mirifice:
1543 1075 1714 1114 debetur

129 1142 205 1181 hoc
234 1142 319 1181 tuis
345 1142 513 1192 quidem
541 1142 771 1181 virtutibus
785 1157 796 1190 3
824 1144 984 1193 praeter
1009 1142 1222 1192 vulgarem
1251 1143 1390 1180 tamen
1414 1141 1714 1180 Germanorum

127 1207 363 1257 principum
383 1220 543 1246 morem
563 1209 637 1246 est.

182 1273 320 1323 Atque
350 1273 448 1312 haec
480 1273 528 1311 de
557 1272 752 1322 Principe
781 1275 822 1311 et
849 1275 921 1311 tuo
951 1272 1151 1322 pertinaci
1184 1271 1375 1319 silentio;
1417 1285 1527 1310 nunc
1556 1271 1605 1310 de
1633 1284 1711 1310 me.

131 1337 371 1376 Pertaesum
400 1339 462 1377 est
490 1337 632 1385 aulae;
661 1338 720 1376 ita
742 1338 851 1376 nihil
879 1338 985 1376 mihi
1009 1337 1203 1377 conuenit
1229 1350 1323 1375 cum
1345 1336 1583 1387 purpuratis
1608 1335 1712 1374 istis.

130 1402 380 1453 Impetrasse
406 1403 548 1441 videor
576 1417 600 1441 a
629 1403 823 1453 Principe
851 1405 908 1451 vt,
940 1403 1085 1442 vbiubi
1122 1402 1212 1450 sim,
1245 1402 1449 1451 stipendio
1482 1414 1548 1439 me
1585 1413 1717 1451 prose-

131 1470 304 1518 quatur:
332 1468 410 1506 hoc
429 1468 599 1506 nomine
626 1468 815 1507 laudabis
841 1481 948 1517 eum,
971 1480 1122 1518 magno
1142 1469 1281 1505 nostro
1302 1466 1527 1505 commodo.
1586 1464 1717 1504 Valde

130 1533 285 1572 auxisti
321 1533 508 1571 animum
545 1546 640 1583 erga
668 1533 810 1572 literas
837 1533 904 1571 illi
929 1533 977 1571 in
1004 1532 1363 1571 Annotationibus
1390 1531 1483 1578 tuis,
1516 1530 1587 1569 vbi
1620 1543 1716 1569 eum
1738 1548 1776 1580 15

131 1597 284 1637 idcirco
312 1598 421 1648 quod
450 1611 518 1636 me
546 1598 687 1637 foueat
715 1598 913 1638 extulisti.
973 1597 1179 1636 Stimulus
1210 1597 1291 1636 fuit
1323 1597 1390 1635 hic
1423 1595 1512 1643 illi;
1552 1596 1716 1645 iamque

130 1663 274 1703 statim
294 1663 340 1702 in
360 1663 491 1702 literis
511 1663 595 1702 tuis
615 1677 702 1702 esse
722 1665 851 1714 putat,
874 1663 911 1701 si
931 1676 1054 1713 quem
1080 1664 1189 1701 recte
1211 1662 1421 1700 eruditum
1446 1660 1714 1711 amplexetur.

132 1729 248 1777 Quod
276 1728 419 1767 mirari
447 1741 596 1778 posses,
629 1729 675 1767 in
702 1729 814 1768 Aula
842 1729 1000 1768 iocatus
1037 1741 1130 1766 sum
1159 1729 1246 1766 toto
1274 1727 1351 1766 hoc
1379 1739 1511 1775 anno;
1550 1728 1590 1764 et
1617 1725 1718 1764 alias

133 1794 301 1844 quidem
319 1806 452 1844 nugas
477 1807 591 1833 meas
616 1794 809 1844 accepisti
828 1807 971 1843 nuper.
1030 1793 1205 1832 Febrem
1224 1794 1362 1831 autem
1381 1805 1522 1831 recens
1540 1791 1718 1830 aeditam

134 1872 246 1898 nunc
264 1858 400 1908 mitto,
419 1861 460 1897 et
476 1859 787 1898 Phalarismum
804 1874 813 1898 z
841 1859 912 1898 vbi
931 1859 1202 1909 reprehendes
1221 1858 1433 1896 audaciam
1452 1870 1598 1905 meam,
1622 1856 1718 1904 scio,

134 1925 273 1976 potius
291 1937 413 1974 quam
432 1924 723 1963 fortitudinem
744 1925 897 1963 efferes.

190 1990 250 2028 At
269 2002 343 2039 ego
367 1989 629 2039 expeditioni,
654 2002 756 2038 quae
782 1989 903 2027 nobis
927 1991 1092 2039 paratur
1115 1988 1274 2038 ingens,
1296 1986 1475 2037 equestri
1500 1986 1651 2036 pariter
1674 1998 1719 2024 ac

137 2053 315 2105 pedestri
344 2053 537 2103 exercitu,
560 2054 737 2092 interero
766 2054 879 2104 ipse;
910 2054 1075 2092 tantum
1101 2053 1214 2092 abest
1234 2054 1279 2091 vt
1307 2054 1489 2090 metuam
1514 2051 1719 2089 latronem

136 2121 274 2159 illum.
330 2118 456 2156 Breui
485 2113 617 2157 totam
643 2118 801 2158 turbari
823 2119 1089 2158 Germaniam
1112 2117 1284 2157 videbis.
1342 2116 1387 2155 Si
1415 2129 1481 2154 me
1510 2114 1721 2154 deuorabit

1355 2196 1403 2227 18.
1429 2195 1511 2226 aula
1525 2197 1568 2225 H.

1735 1222 1774 1245 10

1739 1875 1779 1897 20

180 2199 278 2272 &file
295 2198 450 2228 miratur
465 2200 502 2238 E,
520 2200 557 2237 cs.
574 2201 645 2229 HE.
661 2208 713 2237 90.
734 2208 782 2238 13,
805 2208 876 2230 120.
893 2200 914 2229 6
930 2209 938 2229 :
965 2197 1162 2229 demiratur
1176 2199 1218 2229 Η.

138 2253 196 2274 om.
247 2267 254 2274 .

1656 2194 1721 2225 hoc

183 2329 213 2358 3.
234 2318 417 2359 Princeps]
436 2318 538 2349 Card.
555 2320 590 2349 et
605 2319 901 2359 Archiepiscopus

141 2362 395 2403 Magantinus:
421 2362 449 2392 Ε
467 2365 502 2392 in
516 2372 615 2400 mary.

184 2417 214 2445 4.
241 2405 397 2446 rediens]
419 2404 494 2435 The
510 2405 599 2445 Abp.
616 2405 688 2436 had
710 2407 816 2445 spent
838 2405 901 2436 the

141 2450 274 2480 winter
290 2450 453 2488 amongst
468 2448 527 2480 his
542 2449 717 2479 northern
734 2449 899 2488 dioceses,

143 2493 214 2523 and
228 2502 274 2523 on
287 2493 413 2522 return
425 2492 573 2523 entered
586 2492 712 2533 Mainz,
729 2502 766 2531 17
781 2492 902 2523 March

145 2545 238 2575 1519,
265 2535 385 2566 ‘Iouis
407 2537 487 2575 post
514 2535 732 2566 dominicam
756 2536 902 2566 Inuoca-

144 2579 239 2610 uit’:
265 2588 321 2609 see
345 2588 366 2609 a
389 2580 474 2609 note
498 2588 543 2609 on
566 2579 727 2610 Sex-arius
748 2579 787 2609 in
804 2580 844 2610 G.
863 2578 900 2610 C.

144 2622 304 2654 Joannis’
328 2624 389 2653 Res
411 2624 631 2663 Moyuntfflcae,
655 2632 748 2662 1722,
778 2623 801 2654 i.
828 2624 902 2661 827.

144 2667 229 2697 This
245 2665 326 2696 date
342 2665 424 2696 does
440 2666 503 2696 not
512 2666 628 2696 admit
640 2666 678 2696 of
686 2676 758 2705 any
771 2667 882 2697 doubt
895 2676 903 2704 ;

146 2709 217 2740 and
226 2718 263 2740 as
275 2708 458 2748 Hutten’s,
473 2710 542 2749 too,
554 2709 586 2739 is
598 2710 637 2740 in
649 2719 668 2739 a
680 2709 772 2740 form
783 2709 904 2740 which

147 2754 229 2784 does
244 2753 308 2783 not
324 2761 517 2792 encourage
540 2753 744 2793 correction,
764 2754 793 2784 it
808 2754 905 2784 must

146 2798 189 2827 be
206 2795 378 2835 supposed
396 2795 476 2826 that
500 2795 562 2826 the
577 2795 668 2836 Abp.
685 2796 757 2827 had
779 2796 905 2828 halted

147 2839 363 2871 somewhere
379 2839 418 2869 in
435 2839 497 2869 the
512 2839 813 2880 neighbourhood,
827 2849 906 2879 per-

147 2884 237 2922 haps
255 2883 292 2913 at
313 2882 514 2913 Steinheim
530 2882 590 2923 (cf.
613 2882 675 2922 Ep.
693 2884 766 2914 661.
787 2892 828 2922 33
839 2883 904 2924 n.)‚

149 2926 265 2958 before
282 2926 428 2965 making
444 2925 502 2956 his
518 2927 623 2966 entry
639 2926 719 2957 into
734 2926 862 2957 Mainz.

193 2979 222 3009 5.
248 2968 385 3010 libello]
409 2969 481 2999 The
503 2971 594 3000 Ratio
615 2979 700 3000 verae
717 2972 904 3009 Theoloqiae3

150 3022 207 3044 see
223 3012 285 3053 Ep.
306 3021 379 3051 745.

1012 2319 1060 2349 16.
1079 2316 1255 2358 extulisti]
1267 2317 1312 2347 In
1324 2315 1386 2346 the
1397 2315 1522 2355 eulogy
1534 2315 1572 2345 of
1581 2315 1721 2345 Hutten

968 2362 1006 2392 in
1022 2365 1137 2392 Ανιηοι.
1157 2363 1193 2390 in
1208 2361 1250 2391 N.
1265 2362 1362 2391 Instr.
1380 2358 1496 2398 (1516)
1515 2359 1552 2397 ii,
1573 2368 1607 2398 p.
1624 2366 1702 2397 555.

1014 2406 1062 2436 18.
1088 2403 1198 2444 Aula]
1217 2403 1280 2434 See
1297 2402 1362 2442 Ep.
1379 2404 1454 2441 863.
1470 2411 1509 2441 31
1528 2411 1564 2433 n.

1014 2458 1063 2488 19.
1090 2446 1253 2487 Febrem]
1271 2446 1431 2485 Bocking
1453 2446 1642 2476 attributes
1662 2444 1724 2475 the

967 2491 1045 2523 first
1061 2491 1209 2530 edition,
1226 2489 1306 2521 Feb.
1321 2499 1414 2528 1519,
1430 2499 1455 2521 s.
1470 2491 1502 2528 L,
1521 2491 1556 2519 to
1570 2487 1726 2518 Schoffer

967 2538 1004 2565 at
1020 2535 1147 2566 Mainz.
1195 2534 1244 2565 Cf.
1264 2533 1333 2564 Zw.
1353 2532 1406 2563 E2.
1423 2534 1476 2563 66.

1010 2588 1062 2609 20.
1090 2575 1368 2616 Phalarismum]
1391 2576 1464 2606 The
1487 2574 1567 2605 first
1588 2573 1725 2605 edition

968 2623 1007 2652 in
1031 2622 1190 2659 Bocking
1213 2622 1242 2651 is
1262 2619 1369 2651 dated
1398 2618 1520 2649 March
1552 2627 1642 2657 1517.
1691 2617 1727 2648 It

967 2674 1040 2696 was
1056 2664 1238 2704 reprinted
1253 2672 1364 2701 many
1376 2663 1482 2692 times
1499 2662 1538 2692 in
1557 2662 1693 2700 1518-9.

1012 2718 1064 2747 23.
1088 2708 1263 2739 latronem
1279 2705 1403 2746 illum]
1426 2705 1528 2736 Duke
1544 2704 1671 2736 Ulrich
1693 2704 1731 2735 of

967 2751 1228 2791 Wiirtemberg.
1286 2750 1354 2780 For
1383 2749 1444 2779 the
1475 2748 1662 2788 campaign
1692 2748 1732 2778 of

968 2796 1030 2826 the
1054 2795 1219 2826 Swabian
1242 2793 1377 2832 League
1400 2792 1537 2832 against
1562 2791 1640 2822 him
1671 2801 1727 2822 see

969 2839 1104 2878 Geiger‚
1123 2839 1280 2876 Reuchlin,
1295 2846 1330 2876 p.
1342 2844 1416 2875 459.
1463 2834 1636 2866 Hutten's
1650 2843 1725 2874 per—

968 2881 1064 2913 sonal
1098 2881 1199 2912 share
1230 2880 1266 2911 of
1293 2880 1479 2919 grievance
1508 2879 1539 2908 is
1570 2877 1727 2909 detailed

969 2926 1008 2956 in
1022 2925 1160 2964 HE.27‚
1173 2924 1224 2963 28,
1237 2933 1288 2963 30,
1305 2932 1375 2962 119,
1391 2931 1462 2953 120.
1497 2921 1572 2952 The
1587 2921 1726 2961 expedi-

972 2969 1051 3000 tion
1061 2967 1194 2999 started
1211 2966 1364 2997 towards
1377 2965 1438 2996 the
1454 2965 1523 2996 end
1539 2964 1578 2995 of
1590 2964 1727 3005 March,

973 3011 1044 3043 and
1060 3011 1239 3052 Stuttgart
1255 3008 1488 3041 surrendered
1506 3018 1523 3047 7
1546 3008 1661 3049 April.
