2034 3433
255 306 267 314 ,-

252 315 268 337 ῧ

238 633 274 654 10

288 159 368 197 422
747 155 1000 196 LETTERS
1039 156 1109 194 OF
1145 154 1414 193 ERASMUS
1754 151 1792 206 [1
1801 163 1823 201 5
1832 165 1847 189 1
1857 153 1878 188 8

288 261 491 300 Ρ1100111111
519 260 824 309 scripseramus.
883 258 1064 296 Litteras
1096 259 1190 294 tuas
1221 255 1372 306 accepi.
1430 255 1493 293 De
1518 254 1638 292 libris
1665 254 1881 294 silentium

288 331 350 366 est
374 327 480 376 apud
509 324 783 370 Franffiscum,
806 322 925 361 cuius
949 321 1121 360 arbitrio
1147 322 1256 360 male
1283 319 1533 359 commisisti
1558 320 1875 367 estimationem,

289 397 330 432 et
349 404 499 442 paucos
514 391 665 428 Grecos
679 389 829 427 emisti.
889 387 1046 437 Opinor
1060 389 1102 425 te
1115 387 1296 425 indicem
1309 399 1453 424 eorum
1467 398 1572 435 quos
1584 385 1668 422 emi
1682 385 1882 423 iusseram

292 457 527 508 perdidisse.
579 454 868 504 Syngrapham
882 465 1008 503 quam
1023 452 1211 491 Arnoldo
1232 451 1348 489 reddi
1362 450 1565 489 iusseram
1580 449 1784 489 remittis:
1813 450 1884 488 ob-

292 525 404 570 litus,
427 522 583 570 opinor,
609 519 709 569 quid
729 519 1004 557 mandassem.
1066 518 1131 556 Sic
1149 519 1307 567 prestas
1325 516 1507 554 amicum
1527 518 1568 554 et
1588 517 1855 565 compatrem.

347 589 392 626 si
420 587 517 636 quid
540 585 646 623 velis
675 585 766 623 fieri
793 585 843 622 de
873 583 1012 631 lexico,
1037 595 1134 621 cura
1161 581 1403 620 transscribi
1427 594 1506 631 que
1530 583 1629 619 sunt
1652 580 1792 618 addita
1814 593 1886 630 per

293 655 513 698 Cononem,
537 651 683 700 opinor
704 651 747 687 in
767 650 916 688 Lexico
936 649 1063 687 veteri
1082 647 1305 686 Brunonis.
1361 646 1520 685 Deinde
1541 646 1662 685 mitte
1685 645 1886 685 Lexicum

293 719 492 768 scriptum
513 729 661 754 vocum
681 716 992 761 rhetoricarum,
1011 715 1113 752 item
1132 712 1330 750 Lexicum
1350 725 1399 750 ex
1419 712 1691 762 impressione
1711 712 1889 750 Ferrari*

295 797 384 822 01151
403 783 613 829 Mazochii,
636 782 743 831 quod
762 781 832 819 hic
862 792 1069 830 nusquam
1096 779 1311 828 reperitur.
1370 778 1623 816 Adnitemur
1649 790 1723 827 pro
1746 779 1886 815 nostra

294 850 409 888 virili
428 850 472 886 in
493 861 580 886 rem
602 851 725 885 tuam.
786 847 849 884 Tu
868 848 964 885 vide
984 848 1029 884 vt
1048 858 1121 895 pro
1149 848 1222 883 tua
1245 856 1407 894 quoque
1433 843 1621 892 portione
1649 843 1885 881 connitaris.

265 961 274 965 -
296 916 422 953 Fama
440 914 518 951 tibi
536 916 653 962 parta
671 916 743 960 est,
767 925 814 950 ea
832 912 983 962 poterit
1003 911 1079 948 tibi
1098 923 1250 959 magno
1269 909 1553 947 emolumento
1572 921 1676 956 esse,
1691 908 1729 947 si
1747 921 1890 946 curam

297 981 347 1018 de
374 985 447 1018 tuo
476 979 725 1017 adhibueris.
787 979 865 1016 Sed
894 977 1001 1015 mihi
1029 988 1115 1014 non
1143 976 1278 1026 placet
1306 975 1420 1013 domi
1447 977 1543 1013 tuae
1572 987 1748 1024 regnum
1777 975 1893 1013 istud

298 1047 514 1085 muliebre.
572 1045 681 1093 Quid
710 1044 899 1082 mothoni
929 1056 1023 1081 cum
1053 1042 1202 1080 remo?
1270 1042 1330 1080 De
1357 1040 1666 1079 Parisiensibus
1694 1040 1802 1078 nihil
1831 1043 1894 1078 est

299 1113 484 1163 periculi,
519 1112 555 1149 si
589 1118 635 1148 tu
668 1111 727 1148 sis
758 1111 895 1148 homo.
954 1108 1106 1157 Accipe
1138 1120 1227 1145 rem
1264 1107 1393 1144 letam
1426 1109 1466 1144 et
1504 1119 1603 1156 para
1636 1105 1891 1155 euangelion.

300 1178 531 1218 Gauillotus
550 1180 648 1214 tuus
668 1176 853 1213 dissutus
868 1174 1019 1223 Brugis
1038 1179 1102 1211 est
1122 1173 1330 1221 Minorita,
1345 1172 1493 1221 ingens
1507 1171 1716 1210 Ecclesiae
1732 1171 1895 1209 lumen.

302 1244 442 1281 Scribe
460 1243 511 1280 ad
531 1242 654 1288 1111110,
678 1243 714 1279 51
734 1240 833 1291 quid
852 1244 915 1278 est
934 1239 1043 1289 quod
1063 1239 1178 1277 velis.

358 1309 448 1347 Hac
467 1308 657 1345 molestia
676 1311 716 1345 et
736 1309 812 1344 hoc
832 1310 1002 1354 sumptu
1023 1305 1131 1342 nihil
1149 1308 1236 1342 erat
1255 1316 1368 1354 opus,
1391 1303 1426 1342 si
1445 1306 1492 1341 tu
1515 1316 1617 1353 opus
1644 1303 1688 1341 in
1715 1305 1898 1353 tempore

304 1378 451 1413 fuisses
488 1387 714 1424 aggressus.
773 1372 900 1410 Breui
937 1372 1105 1408 mittam
1143 1371 1314 1419 reliqua,
1356 1370 1433 1407 hoc
1471 1374 1535 1407 est
1572 1368 1819 1418 prefationes
1857 1369 1898 1406 et

304 1440 562 1490 appendices.
621 1438 702 1476 Hic
731 1438 895 1476 iuuenis
923 1437 1057 1474 dextri
1075 1436 1242 1474 videtur
1269 1435 1430 1484 ingenii
1454 1436 1496 1472 et
1518 1435 1733 1485 vtriusque
1758 1433 1900 1482 lingue

305 1508 407 1544 satis
434 1506 618 1555 peritus:
646 1508 855 1553 postremo
882 1501 1121 1540 Hollandus
1144 1504 1216 1539 est.
1277 1500 1367 1539 Hac
1394 1513 1465 1549 spe
1491 1500 1606 1538 venit
1631 1500 1683 1538 ad
1706 1502 1758 1547 te,
1782 1501 1828 1537 vt
1855 1498 1902 1535 in

275 1615 285 1620 ,
308 1579 378 1611 tua
398 1572 560 1611 officina
579 1571 716 1609 locum
736 1569 887 1608 habeat
906 1581 1001 1606 cum
1020 1580 1149 1617 aequo
1169 1568 1328 1606 salario.
1386 1567 1547 1606 Sentiat
1574 1562 1729 1617 aliquid
1747 1565 1901 1604 fauoris

308 1644 349 1678 et
368 1652 418 1677 ex
437 1651 528 1676 mea
547 1636 915 1675 commendatione.
977 1634 1224 1683 Quanquam
1244 1634 1352 1683 quod
1371 1634 1461 1682 feci,
1484 1636 1556 1671 tuo
1577 1637 1723 1683 rogatu
1747 1631 1838 1670 feci.

362 1707 524 1744 Iterum
553 1706 676 1752 atque
705 1703 856 1739 iterum
881 1706 922 1738 te
942 1713 1016 1749 pro
1039 1703 1180 1737 nostra
1203 1699 1389 1738 amicicia
1415 1699 1614 1737 admoneo
1637 1711 1688 1736 ne
1711 1697 1900 1747 negligas

310 1774 465 1812 famam
512 1771 692 1808 officinae
736 1772 806 1805 tue
850 1772 1010 1816 partam
1052 1769 1092 1804 et
1134 1767 1346 1804 abstineas
1383 1779 1407 1804 a
1443 1765 1627 1805 consiliis
1672 1765 1900 1803 asinorum.

311 1838 515 1876 Ausculta
533 1837 661 1874 Beato
681 1835 752 1885 qui
773 1835 885 1873 solus
903 1834 1020 1882 sapit.
1081 1833 1188 1871 Dedi
1206 1832 1402 1870 Menardo
1421 1832 1519 1870 huic
1535 1833 1710 1881 quatuor
1723 1830 1900 1869 florenos

311 1916 457 1942 aureos
489 1906 529 1940 et
562 1914 695 1940 vnum
729 1903 930 1948 francum,
967 1911 1069 1948 quos
1102 1898 1265 1936 iubebis
1296 1910 1363 1935 me
1397 1911 1420 1935 a
1457 1897 1675 1935 Francisco
1711 1896 1899 1946 recipere.

312 1973 420 2010 Nam
452 1983 526 2020 ego
560 1969 662 2007 satis
691 1969 758 2017 egi
790 1980 883 2004 meo
917 1967 1088 2014 sumptu
1118 1977 1292 2014 meoque
1319 1964 1515 2013 periculo,
1541 1962 1648 2000 sicut
1674 1975 1725 2000 ex
1752 1960 1905 2000 litteris

313 2038 363 2075 ad
389 2036 565 2074 Beatum
595 2033 699 2072 meis
727 2044 957 2082 cognosces.
1014 2030 1126 2078 Vale,
1155 2031 1365 2079 compater
1386 2028 1637 2076 charissime,
1667 2040 1762 2065 cum
1789 2039 1907 2065 vxor-

315 2107 406 2147 cula
424 2118 469 2144 ac
489 2103 573 2141 tuis
592 2099 787 2139 omnibus
807 2095 1054 2150 [omnibus]

371 2169 558 2211 Louanii.
579 2168 632 2205 xi.
655 2166 738 2203 Cal.
762 2163 967 2202 Nouemb.

371 2238 427 2276 Μ.
448 2233 598 2275 Ioanni
616 2230 836 2277 Frobenio,
855 2227 1111 2279 typographo
1129 2226 1407 2266 celeberrimo.
1466 2223 1640 2264 Basilee.

361 2332 392 2362 5.
417 2321 586 2352 Puceium
602 2319 637 2352 β.
804 2316 835 2346 8.
860 2315 1025 2345 remittas
1040 2314 1076 2346 β.
1249 2318 1296 2339 11.
1326 2308 1559 2339 Conononem
1574 2308 1631 2340 αβ.
1752 2305 1859 2335 mitto
1874 2306 1908 2337 β.

321 2377 371 2398 12.
398 2363 617 2397 Farrariensi
632 2363 665 2395 β.
789 2369 838 2398 19.
863 2359 928 2392 ‹aL-3:
955 2358 971 2387 ‘?
995 2354 1191 2387 Cauillator
1206 2355 1291 2384 tuus
1306 2352 1482 2382 Dissutus.
1601 2360 1653 2381 21.
1679 2349 1757 2380 Hac
1772 2372 1781 2380 .
1799 2373 1808 2381 .
1824 2371 1833 2380 .
1852 2356 1908 2386 35.

320 2410 459 2441 Basilee
475 2418 533 2439 om.
552 2409 574 2441 Β
593 2410 663 2445 (31.
687 2403 840 2444 periculi
854 2404 902 2442 α).

363 2493 393 2522 5.
420 2477 689 2521 scripseramus]
709 2476 770 2515 Ep.
789 2474 863 2504 860.
1154 2468 1242 2508 Epp.
1258 2467 1359 2507 801‚2
1376 2467 1476 2497 show
1491 2465 1572 2496 that
1594 2465 1652 2495 his
1672 2465 1819 2505 support
1836 2471 1912 2493 was

363 2528 395 2559 6.
421 2521 668 2561 Franciscum]
685 2519 897 2550 Berckman.
1153 2511 1308 2542 counted
1335 2520 1382 2540 on
1406 2514 1442 2540 at
1464 2510 1583 2540 Basle.

409 2564 692 2604 estimationem]
708 2563 760 2593 Cf.
777 2562 840 2602 Ep.
858 2562 933 2599 629.
951 2569 970 2598 5
985 2568 1018 2588 n.
1201 2564 1248 2593 17.
1272 2553 1463 2594 muliebre]
1474 2553 1633 2592 Perhaps
1644 2550 1822 2584 Gertrude
1832 2549 1914 2581 Fro-

366 2615 397 2645 8.
421 2610 601 2650 Arnoldo]
618 2606 833 2639 Berckman.
1157 2599 1237 2637 ben,
1264 2598 1400 2637 having
1424 2607 1445 2628 a
1469 2597 1572 2627 share
1597 2597 1638 2626 in
1664 2595 1727 2626 the
1755 2594 1915 2626 business

371 2667 419 2688 11.
444 2651 642 2692 Cononem]
660 2652 722 2681 See
740 2650 804 2689 Ep.
819 2648 893 2687 318.
914 2656 998 2685 1911.
1155 2642 1214 2683 (cf.
1244 2642 1307 2681 Ep.
1338 2651 1413 2680 419.
1444 2641 1483 2671 18
1505 2640 1573 2680 n.),
1603 2649 1676 2670 was
1696 2639 1826 2679 urging
1852 2637 1917 2667 her

412 2696 610 2737 Brunonis]
628 2693 842 2726 Amorbach.
1155 2685 1321 2716 husband
1342 2690 1379 2715 to
1398 2693 1494 2714 more
1514 2683 1672 2724 prudent
1692 2683 1810 2722 policy
1824 2681 1915 2712 than
1978 2721 1981 2723 -

372 2754 421 2775 12.
446 2738 681 2779 Ferrariensi]
700 2736 816 2767 Dated
828 2745 868 2774 27
882 2735 977 2773 Sept.
994 2742 1086 2771 1510.
1156 2729 1323 2759 Erasmus
1337 2727 1489 2759 wished.

374 2798 423 2826 13.
447 2783 637 2824 Mazochii]
653 2782 710 2812 JO.
725 2779 929 2810 Maciochus
942 2777 979 2807 of
995 2777 1087 2806 Bon·
1243 2771 1336 2811 Quid
1352 2771 1534 2812 mothoni]
1551 2771 1603 2802 Cf.
1621 2773 1727 2808 Aday.
1744 2777 1842 2808 2155.

328 2834 419 2863 deno
437 2832 597 2861 between
614 2823 814 2857 Mirandola
835 2822 907 2852 and
928 2821 1085 2851 Ferrara.
1245 2814 1521 2856 Parisiensibus]
1542 2814 1595 2846 Cf.
1616 2814 1679 2854 Ep.
1696 2815 1770 2844 802.
1791 2821 1885 2849 12-4.

330 2877 385 2906 He
403 2872 550 2915 printed
566 2875 601 2902 at
623 2870 769 2900 Ferrara
790 2874 948 2906 1509-17y
968 2873 1035 2894 one
1052 2863 1091 2893 of
1204 2868 1253 2898 19.
1279 2858 1492 2899 Cauillotus]
1503 2858 1576 2889 The
1592 2867 1699 2888 name
1716 2855 1919 2888 canellatus

330 2914 387 2950 his
404 2917 508 2948 books
522 2916 630 2953 being
651 2922 672 2943 a
690 2911 829 2950 reprint
854 2910 892 2940 of
911 2906 1089 2938 Erasmus·
1158 2904 1190 2934 is
1204 2902 1317 2933 found
1334 2904 1373 2933 in
1390 2901 1609 2933 Renouard's
1624 2903 1758 2932 Badius.

330 2965 523 2999 Adayz‘orwn
562 2959 725 2993 Clziliades,
760 2963 799 2992 15
835 2951 960 2983 March
994 2959 1086 2989 1514.
1245 2945 1419 2987 dissutus]
1442 2946 1601 2985 Perhaps
1620 2945 1664 2976 cf.
1679 2944 1742 2984 Ep.
1758 2943 1832 2982 827.
1852 2950 1919 2980 7¹1·

377 3014 425 3044 14.
448 3004 499 3033 Tu
526 3001 625 3041 vide]
658 3000 724 3029 For
755 2996 891 3027 similar
924 2992 1089 3026 stablish-
1202 2990 1254 3019 28.
1278 2989 1475 3030 asinorum]
1494 2989 1548 3020 Of.
1565 2989 1627 3029 Ep.
1645 2997 1719 3027 705.
1734 2987 1767 3018 6.

331 3051 428 3079 ment
443 3047 480 3077 of
490 3045 627 3075 Froben
639 3043 685 3081 by
693 3041 862 3071 Erasmus
874 3048 928 3069 see
940 3038 1003 3077 Ep.
1016 3046 1089 3076 795.
1203 3042 1255 3073 32.
1279 3032 1323 3062 ad
1341 3032 1509 3073 Beatum]
1527 3032 1589 3072 Ep.
1607 3033 1682 3070 867.
