2034 3433
230 931 246 960 5

211 1264 248 1284 10

214 1592 252 1623 15

219 1921 258 1942 20

225 2574 265 2604 30

259 141 312 177 58
720 140 975 180 LETTERS
1013 140 1083 179 OF
1121 140 1388 179 ERASMUS
1733 138 1771 193 [1
1782 152 1802 188 5
1814 153 1826 176 1
1838 149 1858 187 7

520 262 618 303 636.
679 260 743 301 To
774 260 1024 310 HERMANN‚
1056 258 1215 301 Coum*
1247 271 1303 302 OF
1334 259 1616 302 NEL'ENAHR.

308 351 495 388 Deventer
512 350 589 386 MS.
610 361 668 396 91,
686 350 712 387 f.
731 361 789 396 49.
1561 350 1738 386 Louvain.

308 409 382 444 LB.
401 410 497 455 App.
519 410 596 445 168.
1485 418 1527 454 25
1545 408 1693 455 August
1713 416 1813 454 1517.

409 489 708 531 [Contemporary
725 490 814 520 with
831 489 895 529 Ep.
912 489 987 528 622,
1006 489 1127 520 which
1144 489 1245 520 (leals
1261 490 1352 521 with
1369 490 1431 521 the
1448 500 1545 522 same
1562 489 1704 530 topies.]

290 578 499 608 ERASMVS
531 577 804 608 CLARISSIMO
835 576 996 608 COMITI
1026 577 1067 610 D.
1097 577 1352 608 HERMANNO
1382 578 1580 608 NEAETIO
1613 577 1696 607 SVO
1727 577 1760 608 S.
1786 575 1828 607 D.

317 659 413 697 Sem*
442 661 530 697 tota
558 657 754 698 sodalitas
784 658 1028 697 Basiliensis
1057 658 1164 697 mihi
1192 672 1354 709 semper
1377 659 1638 709 displicuisse
1657 657 1866 708 Epistolas

263 738 364 775 quas
396 724 699 774 inscripserunt
732 724 1013 763 Obscurorum
1038 724 1264 773 Virorum3
1305 738 1389 763 non
1423 726 1531 775 quod
1563 725 1809 764 abhorream
1842 737 1866 761 a

262 790 424 828 festiuis
441 789 551 837 iocis,
568 790 638 828 sed
655 790 765 840 quod
779 803 865 828 non
880 789 1041 840 placeat
1053 791 1293 840 exemplum
1307 790 1474 829 ledendi
1487 791 1641 829 famam
1658 790 1839 829 alienam
1856 803 1866 827 ε

264 855 372 906 quod
398 868 444 893 ea
469 868 533 893 res
560 855 693 893 cuiuis
719 855 774 894 sit
800 855 846 894 in
871 858 1081 906 promptu.
1140 857 1340 895 Lusimus
1362 859 1402 896 et
1430 870 1508 895 nos
1532 856 1636 895 olim
1657 857 1704 895 in
1723 854 1864 901 Moria‚

265 922 334 959 sed
356 921 514 959 nullius
534 934 689 959 nomen
708 935 731 960 a
750 921 872 960 nobis
890 922 1159 971 perstrictum
1178 925 1251 962 est.
1311 923 1373 961 At
1392 922 1474 970 ist-i,
1498 922 1734 972 quicunque
1754 920 1866 967 sunt⁷

265 999 349 1024 non
371 986 556 1024 contenti
575 986 634 1025 sic
653 987 861 1036 ineptisse‚
884 985 1163 1039 add<id>erunt
1182 989 1361 1027 alterum
1377 987 1440 1026 illi
1461 987 1645 1026 similem
1664 986 1867 1033 libellum,

266 1053 310 1090 in
340 1065 421 1101 quo
452 1051 632 1090 demiror
660 1065 734 1091 cur
762 1066 830 1091 me
864 1053 989 1093 toties
1022 1054 1328 1093 nominandum
1361 1054 1574 1104 putarunt.
1632 1052 1803 1091 Etenim
1835 1050 1871 1088 si

266 1120 371 1157 bene
389 1118 539 1157 volunt
559 1119 745 1167 Erasmo⁷
770 1132 842 1157 cur
867 1119 976 1158 mihi
1002 1122 1164 1159 tantam
1191 1121 1374 1159 conflant
1403 1120 1610 1159 inuidiam
1625 1120 1646 1158 ἵ)
1702 1119 1737 1157 si
1762 1117 1871 1156 male

266 1184 424 1233 volunt,
448 1197 521 1222 cur
541 1185 587 1223 in
607 1184 772 1223 diuersa
800 1188 963 1236 ponunt
983 1188 1099 1236 parte
1118 1188 1240 1237 atque
1267 1199 1315 1225 ea
1335 1199 1462 1236 quam
1489 1186 1568 1224 hoc
1587 1184 1729 1224 libello
1748 1182 1872 1234 petie-

268 1251 399 1288 runt?
457 1250 575 1298 Quod
604 1251 641 1289 si
669 1254 843 1301 pergant
872 1251 921 1290 ad
951 1252 1081 1290 istum
1110 1253 1259 1302 nugari
1282 1252 1467 1300 modum,
1488 1251 1666 1291 efficient
1687 1252 1733 1288 vt
1753 1247 1873 1288 bonis

268 1316 395 1354 etiam
414 1315 685 1366 scriptoribus
702 1315 945 1366 imponatur
963 1316 1191 1356 silentium.

323 1382 496 1420 Etenim
530 1381 705 1420 Iacobus
735 1395 855 1422 meus
888 1396 1022 1433 nuper
1054 1384 1226 1423 Colonia
1255 1396 1447 1423 reuersus
1476 1383 1621 1423 retulit
1649 1382 1758 1421 mihi
1782 1379 1875 1418 istic

270 1460 462 1498 sparsum
482 1447 675 1486 libellum
696 1448 834 1486 nescio
852 1461 976 1498 quem
991 1450 1041 1488 de
1058 1449 1169 1488 Iulio
1183 1450 1397 1497 Pontifice,
1416 1449 1594 1488 ridiculo
1612 1447 1873 1499 argumento.

271 1513 397 1552 Haud
428 1512 510 1551 scio
538 1525 592 1551 an
621 1513 801 1552 eundem
831 1514 882 1553 de
910 1528 991 1565 quo
1020 1515 1181 1566 pridem
1208 1515 1351 1554 audiui
1374 1515 1572 1561 fabulam,
1593 1515 1645 1554 ab
1671 1511 1877 1563 Hispanio

272 1579 410 1617 nescio
443 1592 523 1628 quo
557 1579 838 1629 conscriptum
871 1580 1073 1628 Lutetiae,
1102 1583 1141 1619 et
1177 1581 1336 1619 Gallice
1369 1594 1562 1620 versum:
1600 1581 1741 1619 actum
1773 1576 1879 1616 inibi

272 1644 480 1694 regalibus
522 1644 650 1691 festis,
693 1644 845 1694 quibus
886 1646 1058 1684 solenne
1097 1649 1159 1685 est
1189 1646 1435 1686 huiusmodi
1480 1645 1643 1685 naeniis
1689 1642 1879 1683 lasciuire

273 1709 542 1749 scholasticis.
603 1709 781 1748 Addidit
807 1712 947 1749 autem
974 1712 1083 1761 quod
1103 1711 1175 1750 vix
1202 1712 1351 1762 opinor
1378 1724 1467 1751 esse
1492 1724 1650 1759 verum,
1677 1723 1763 1749 esse
1786 1708 1879 1747 istic

274 1774 500 1814 nonnullos
529 1775 601 1825 qui
629 1775 893 1825 suspicentur
921 1789 1062 1816 meum
1092 1778 1317 1816 inuentum
1343 1791 1441 1826 esse,
1466 1777 1517 1816 ob
1536 1777 1590 1825 id,
1612 1779 1659 1816 vt
1680 1776 1748 1823 ait,
1771 1773 1880 1825 quod

274 1841 480 1880 Latinitas
499 1840 554 1878 sit
573 1840 806 1879 mediocris.
864 1842 970 1880 Mihi
998 1855 1096 1881 vero
1126 1856 1200 1881 nec
1231 1843 1308 1881 ocii
1336 1844 1502 1881 tantum
1531 1844 1594 1881 est
1621 1843 1668 1880 vt
1696 1840 1880 1890 aliquam

276 1907 473 1946 horarum
507 1906 744 1945 istiusmodi
773 1907 896 1957 nugis
923 1908 1194 1958 impertiam3
1235 1921 1311 1947 nec
1339 1908 1507 1947 animus
1535 1910 1623 1946 tam
1652 1907 1807 1957 impius
1834 1907 1881 1943 vt

277 1986 492 2012 summum
515 1972 766 2012 Pontificem
792 1973 919 2012 velim
946 1974 1098 2023 ludere,
1121 1987 1196 2013 nec
1221 1977 1310 2014 tam
1339 1973 1494 2013 stultus
1517 1976 1564 2013 vt
1586 1974 1631 2012 in
1658 1986 1727 2012 eos
1752 1971 1881 2011 velim

277 2039 456 2078 scribere
473 2038 545 2089 qui
557 2040 735 2089 possunt
747 2040 1011 2089 proscribere.
1058 2041 1193 2089 Quam
1207 2041 1257 2079 ob
1272 2054 1361 2079 rem
1378 2042 1420 2079 te
1436 2040 1636 2079 maiorem
1648 2039 1694 2078 in
1706 2038 1881 2078 modum

276 2119 387 2156 rogo,
411 2104 653 2144 charissime
674 2105 833 2153 Comes,
856 2108 914 2154 vt,
938 2106 1035 2144 licet
1055 2119 1100 2145 ea
1120 2119 1186 2144 res
1209 2105 1317 2145 nihil
1335 2106 1387 2145 ad
1412 2119 1478 2144 me
1502 2105 1719 2155 pertineat,
1740 2106 1883 2143 tamen

278 2171 329 2210 ob
359 2183 626 2209 communem
656 2170 915 2209 eruditorum
944 2171 1168 2210 hominum
1197 2171 1414 2219 inuidiam,
1443 2171 1479 2210 si
1507 2184 1655 2210 verum
1681 2172 1745 2210 est
1773 2170 1883 2220 quod

242 2249 256 2279 .·
279 2237 403 2276 audio
432 2237 482 2276 de
512 2236 589 2275 tali
618 2236 774 2284 libello,
806 2240 851 2276 vt
881 2250 998 2276 cures
1035 2237 1311 2288 premendum
1341 2237 1408 2275 vel
1435 2236 1575 2288 potius
1602 2236 1883 2282 abolendum;

278 2304 351 2342 aut
389 2304 426 2341 si
464 2302 565 2352 quid
603 2305 665 2340 est
701 2302 817 2342 aliud
854 2303 1003 2342 simile.
1087 2303 1175 2354 Ego
1213 2305 1308 2342 ante
1346 2303 1566 2342 biennium
1603 2301 1884 2352 Triumphum

281 2367 505 2406 Reuchlini
524 2368 608 2406 iam
627 2371 721 2406 tum
740 2370 932 2418 paratum
947 2368 1122 2408 editioni
1140 2369 1185 2407 in
1206 2368 1429 2407 Germania
1440 2367 1714 2418 premendum
1729 2366 1880 2411 curaui,

281 2436 321 2472 et
351 2433 454 2471 item
482 2433 661 2472 alterum
686 2434 905 2483 quendam,
927 2434 1179 2484 inscriptum
1206 2433 1473 2473 Monachum.
1531 2432 1599 2470 Sic
1626 2431 1740 2470 enim
1766 2432 1884 2470 faueo

282 2499 514 2537 Reuchlino
544 2498 595 2537 ob
625 2499 904 2538 eruditionem
923 2501 971 2538 vt
998 2500 1105 2538 mihi
1135 2512 1230 2537 cum
1257 2498 1509 2536 Hochstrato
1538 2499 1610 2535 aut
1637 2496 1730 2535 aliis
1760 2495 1887 2535 huius

282 2564 476 2603 factionis
499 2564 664 2602 nullum
687 2564 859 2603 omnino
878 2565 933 2603 sit
952 2564 1123 2612 bellum,
1146 2577 1241 2602 cum
1263 2564 1314 2602 ad
1334 2577 1400 2601 me
1420 2575 1541 2602 causa
1559 2562 1668 2600 nihil
1687 2561 1886 2600 attineat:

512 2663 565 2691 27.
589 2653 781 2684 Reuchlini
797 2657 929 2691 scripsi:
952 2654 1160 2686 Reuchlinsl
1175 2656 1244 2685 MS.
1264 2664 1270 2683 τ
1295 2652 1573 2684 Reuchlinicum
1589 2654 1653 2683 ΕΒ.

334 2753 383 2780 14.
408 2742 601 2783 Hispanio]
628 2742 680 2774 Cf.
700 2742 762 2781 Ep.
779 2743 856 2781 961.
1121 2741 1241 2772 March
1264 2750 1345 2779 1515
1371 2741 1534 2781 (Spongia,
1554 2740 1623 2770 LB.
1640 2750 1672 2771 x.
1702 2740 1785 2770 1668
1801 2740 1887 2780 DE);

330 2796 382 2817 22.
407 2784 641 2826 proscribere]
679 2786 840 2825 Bocking
871 2795 1052 2826 compares
1120 2784 1193 2815 and
1231 2783 1425 2824 published
1470 2785 1609 2823 against
1652 2783 1709 2814 his
1747 2783 1883 2814 advice.

288 2829 434 2860 Pollio's
461 2830 602 2860 dictum
627 2829 667 2860 in
695 2829 848 2860 Macrob.
874 2832 941 2860 Sat.
967 2839 998 2860 2.
1023 2840 1052 2867 4.
1121 2828 1291 2867 Bocking‚
1322 2828 1403 2858 who
1434 2828 1552 2867 prints
1582 2827 1611 2857 it
1644 2828 1683 2858 in
1714 2826 1887 2858 Hutten's

288 2882 341 2903 21.
1123 2874 1228 2911 Opera,
1268 2871 1321 2901 iii.
1362 2881 1426 2910 413
1454 2881 1538 2911 seq„
1573 2871 1671 2901 dates
1709 2871 1772 2901 the
1810 2870 1888 2900 first

334 2917 386 2946 26.
412 2915 653 2956 Triumphum
674 2915 883 2957 Reuchlini]
901 2917 934 2947 A
953 2925 1056 2956 poem
1121 2915 1259 2946 edition
1279 2915 1370 2953 1518.
1417 2914 1472 2946 Of.
1489 2915 1577 2955 Epp.
1596 2924 1674 2954 923,
1690 2923 1765 2953 951.

289 2960 336 2999 by
347 2960 500 2998 Hutten,
517 2960 643 2990 shown
653 2961 690 2990 to
702 2959 871 2990 Erasmus
888 2964 924 2990 at
939 2960 1056 2991 Mainz
1166 2959 1218 2989 28.
1245 2957 1479 2998 Monachum]
1513 2958 1710 2990 Unknown
1745 2959 1781 2988 to
1819 2966 1888 2988 me.

291 3004 330 3033 in
347 3004 437 3042 Aug.
457 3012 537 3041 1514
556 3002 627 3034 and
641 3003 745 3043 again
763 3005 798 3033 at
813 3003 1004 3033 Frank-fort
1017 3003 1055 3032 in
1125 3001 1281 3041 Perhaps
1298 3001 1459 3033 likewise
1478 3003 1523 3042 by
1540 3001 1692 3033 Hutten.
