2034 3433
145 160 245 215 854]
639 164 790 203 FROM
828 165 1097 204 AMBROSE
1135 164 1242 204 LEO
1656 168 1735 206 353

143 267 183 297 in
201 276 266 298 ms.
302 270 407 307 Aday.
424 269 511 299 2666
526 268 636 300 refers
652 271 689 300 to
705 269 764 300 his
781 272 972 306 Qnaestiones
994 280 1039 300 on
1062 269 1217 309 subjecte
1234 270 1272 300 of
1284 270 1430 300 natural
1447 270 1594 309 history,
1613 271 1735 302 which

143 319 236 341 were
259 311 413 351 perhaps
435 312 626 352 published
651 314 690 343 in
714 322 821 352 1523?
845 314 907 344 but
932 314 950 344 I
973 313 1066 345 have
1090 315 1154 344 not
1176 323 1258 344 seen
1283 323 1302 343 a
1326 323 1424 353 copy.
1473 313 1529 344 Hc
1553 314 1628 345 also
1652 314 1735 346 took

145 356 240 384 some
259 356 341 394 part
358 356 397 385 in
414 355 477 386 the
493 356 626 387 Aldine
642 357 781 388 edition
798 356 836 387 of
849 357 1044 388 Pontanus'
1057 367 1156 398 prose
1168 357 1295 392 works,
1310 357 1405 387 June
1423 357 1517 396 1518.
1551 357 1626 388 The
1638 367 1736 389 news

143 397 182 427 of
203 398 264 429 his
289 398 399 430 death
428 399 580 431 reached
606 399 774 431 Erasmus
801 410 830 431 c.
855 402 930 431 Oct.
962 410 1044 440 1525
1072 400 1199 441 (Lond.
1227 401 1330 431 xviii.
1358 410 1406 440 10,
1435 401 1505 432 LB.
1536 402 1624 440 769).
1671 402 1734 432 See

143 440 179 472 F.
205 442 247 473 A.
277 441 388 482 Soria‚
419 445 529 474 Storici
552 445 748 483 Namusam,
776 445 868 484 1782,
896 445 932 475 ii.
957 453 1096 484 347-51.
1140 443 1254 475 There
1280 445 1310 474 is
1335 454 1382 474 an
1406 445 1604 485 autograph
1629 445 1736 476 letter

142 484 236 515 from
252 484 330 516 him
347 487 383 517 to
400 486 612 527 Sannazaro,
631 487 737 518 dated
754 488 855 528 Nola,
876 497 913 526 14
932 488 1017 519 Nov.
1042 498 1134 527 1493,
1155 488 1192 518 in
1210 488 1272 518 the
1282 487 1420 518 Vienna
1436 488 1506 519 MS.
1525 487 1659 529 9737⁰.]

182 584 435 615 AMBROSIVS
465 586 551 616 LEO
581 586 788 616 NOLANVS
818 586 1018 618 MEDICVS
1049 586 1227 617 ERASMO
1257 586 1564 617 ROTERODAMO
1595 587 1628 617 S.
1650 587 1693 618 D.

195 653 434 701 HAcrans‚
465 656 637 694 Erasme
672 656 923 703 charissime,
955 669 1086 706 nugas
1119 656 1213 694 illas
1246 669 1336 694 esse
1369 657 1514 706 putaui
1548 670 1650 707 quas
1685 658 1735 696 de

142 718 378 769 Pythagora
410 722 452 759 et
485 720 637 760 Proteo
670 722 871 771 scripsere
907 723 1079 769 veteres,
1115 721 1239 759 illum
1271 734 1390 770 saepe
1423 721 1473 760 ad
1513 722 1585 761 has
1622 723 1734 761 vitae

139 797 260 823 auras
280 798 493 825 reuersum
521 787 651 826 fuisse
670 787 926 836 totidemque
952 789 1130 826 mortem
1151 787 1383 836 oppetiisse,
1404 786 1516 825 hunc
1536 788 1581 825 in
1601 788 1734 826 varias

140 849 296 889 formas
323 853 506 890 mutasse
535 864 633 899 sese,
655 865 750 891 cum
778 852 991 891 libuisset:
1021 853 1177 890 factum
1204 852 1318 890 enim
1344 852 1515 890 alterius
1533 853 1584 890 ab
1604 853 1733 892 altero

139 927 289 965 parum
327 915 492 955 differre
525 917 649 955 nosti.
709 917 830 955 Nunc
867 931 964 956 vero
1003 931 1088 956 non
1126 930 1267 966 nugas,
1307 929 1391 955 non
1429 917 1601 957 fabellas
1638 918 1769 959 illasf»

140 981 335 1029 ridemus,
377 982 571 1021 historias
610 982 826 1030 credimus,
868 982 1206 1033 quandoquidem
1244 982 1290 1020 in
1328 984 1367 1020 te
1405 995 1489 1021 vno
1525 984 1733 1033 vtrunque

140 1047 366 1096 contigisse
399 1048 605 1086 nouimus.
663 1048 800 1086 Pauca
828 1048 940 1086 enim
971 1049 1083 1086 intra
1110 1049 1295 1097 tempora
1322 1049 1410 1085 tam
1443 1060 1562 1097 saepe
1591 1048 1732 1088 obiisti

139 1114 182 1151 et
214 1111 377 1151 rediisti
404 1113 455 1151 ad
484 1113 605 1151 viuos
633 1126 756 1163 quam
786 1113 836 1151 de
868 1113 1001 1152 forma
1030 1113 1076 1151 111
1105 1113 1282 1150 formam
1311 1112 1467 1151 variam
1497 1126 1731 1163 nouamque

139 1179 328 1216 mutatus
347 1191 402 1217 es.
460 1179 653 1217 Primum
682 1179 795 1216 enim
824 1179 1065 1217 audiuimus
1092 1178 1218 1216 etiam
1248 1177 1299 1216 ab
1325 1177 1446 1225 Aldo,
1469 1179 1510 1216 te
1530 1178 1575 1215 in
1596 1178 1731 1217 Gallia

138 1243 298 1291 obiisse,
321 1256 472 1293 paucos
498 1245 592 1293 post
615 1256 747 1281 annos
774 1244 974 1282 reuixisse
1001 1244 1047 1282 in
1077 1243 1312 1282 Germania.
1369 1242 1529 1281 Deinde
1552 1243 1729 1282 relatum
1752 1254 1790 1276 10

137 1310 203 1347 est
239 1310 281 1347 te
320 1309 611 1359 desyderatum
650 1322 739 1347 esse
771 1309 816 1346 in
856 1309 1090 1358 Germania,
1127 1308 1198 1358 qui
1236 1308 1357 1357 paulo
1396 1310 1491 1357 post
1527 1309 1573 1346 in
1606 1308 1732 1347 Italia

138 1374 378 1424 apparuisti.
439 1374 656 1413 Postremo
688 1374 972 1413 intelleximus
1009 1375 1231 1425 oppetiisse
1264 1378 1305 1412 te
1343 1375 1451 1424 apud
1489 1374 1728 1420 Britannos,

139 1452 251 1478 nunc
275 1439 326 1478 ab
351 1441 521 1479 Auerno
546 1452 757 1479 reuocasse
781 1439 955 1490 gradum
981 1440 1027 1479 in
1052 1440 1198 1487 Gallia,
1220 1439 1330 1478 vnde
1350 1441 1392 1478 et
1411 1439 1461 1478 ad
1482 1452 1556 1478 nos
1577 1440 1732 1477 nostra-

136 1506 281 1553 tesque
295 1505 406 1543 viros
420 1507 462 1544 et
476 1505 616 1544 literas
631 1505 783 1544 dedisti
797 1507 840 1544 et
854 1505 986 1544 salute
1001 1505 1137 1544 multa
1150 1505 1404 1554 impartiisti.
1451 1504 1730 1553 Quamobrem

137 1569 316 1608 alterum
348 1569 463 1609 visus
490 1583 584 1608 sum
614 1571 751 1609 videre
779 1570 1073 1620 Pythagoram.
1134 1570 1374 1618 Quinetiam
1407 1583 1490 1608 non
1524 1569 1648 1608 modo
1681 1582 1731 1607 ex
1751 1581 1788 1612 15

137 1634 246 1673 Italo
278 1636 467 1674 mutatus
498 1649 541 1673 es
569 1636 615 1673 in
646 1635 814 1674 Gallum
846 1637 890 1674 et
916 1636 965 1674 de
998 1634 1119 1674 Gallo
1149 1635 1194 1673 in
1225 1635 1482 1673 Germanum
1509 1634 1727 1682 transiisti,

135 1701 335 1750 tanquam
355 1700 405 1738 de
424 1700 559 1739 vitulo
578 1701 623 1739 in
643 1713 762 1739 auem
782 1703 823 1739 et
842 1700 893 1739 de
911 1714 988 1739 aue
1006 1701 1051 1739 in
1070 1701 1274 1739 frumenti
1297 1713 1436 1750 genus,
1460 1699 1569 1750 quod
1589 1713 1729 1739 semen

136 1765 243 1814 apud
276 1765 469 1804 Plinium
506 1765 616 1804 male
650 1766 819 1815 legunt;
853 1767 1129 1805 verumetiam
1163 1766 1212 1805 de
1250 1767 1369 1815 poeta
1406 1765 1451 1803 in
1488 1765 1729 1815 theologum

136 1830 327 1869 inuersus
356 1844 399 1869 es
424 1844 470 1870 ac
496 1831 546 1870 de
572 1831 764 1881 theologo
788 1833 834 1870 in
863 1832 1056 1881 cynicum
1082 1831 1378 1880 philosophum
1406 1831 1726 1880 transmigrasti,

138 1896 239 1934 item
268 1897 437 1935 demum
467 1896 658 1946 cynicum
687 1909 782 1935 cum
813 1898 973 1935 oratore
1003 1896 1293 1936 commutasti:
1323 1909 1425 1946 quae
1453 1896 1580 1934 mirae
1606 1898 1730 1935 meta·
1749 1903 1788 1924 20

136 1961 380 2011 morphoses
393 1962 536 2001 Protei
550 1961 665 2000 illius
681 1962 809 2000 solius
824 1961 1084 2001 videbantur.
1145 1961 1341 2000 Vidimus
1354 1961 1468 1999 enim
1487 1961 1729 2000 innumeros

136 2025 264 2064 libros
290 2027 386 2065 tuos
417 2027 652 2076 impressos,
687 2027 836 2076 quibus
869 2029 1118 2066 memoratas
1149 2026 1217 2065 vel
1248 2026 1433 2064 hominis
1471 2026 1538 2064 vel
1571 2025 1728 2075 ingenii

135 2103 332 2140 personas
368 2094 410 2130 et
437 2091 591 2130 formas
618 2091 797 2138 variasti,
828 2092 953 2142 idque
987 2104 1137 2142 magna
1173 2105 1268 2130 cum
1301 2090 1490 2129 omnium
1527 2090 1648 2129 laude
1685 2093 1727 2130 et

136 2155 409 2194 admiratione
438 2158 480 2194 et
504 2156 769 2204 lectitatione,
791 2157 917 2195 etiam
943 2159 985 2195 te
1009 2158 1050 2194 et
1074 2157 1184 2194 dicta
1213 2158 1285 2194 tua
1314 2156 1552 2205 saepissime
1576 2158 1727 2195 testan—

136 2222 272 2269 tium3
301 2234 385 2259 non
418 2223 465 2259 vt
499 2234 607 2258 vnus
634 2221 825 2270 idemque
854 2221 1158 2259 sententiarum
1189 2233 1435 2270 magnarum
1465 2223 1583 2259 autor
1606 2221 1723 2271 fores,
1745 2230 1782 2262 ²5

136 2286 205 2325 sed
225 2288 426 2335 tanquam
445 2288 529 2324 tres
549 2287 776 2335 quatuorue
796 2288 959 2324 autores
978 2286 1150 2324 illarum
1168 2287 1319 2324 essent.

190 2351 387 2400 Quinimo
417 2350 468 2388 ob
497 2352 588 2389 tuas
618 2350 821 2389 eiusmodi
859 2350 1231 2389 transmutationes
1258 2350 1364 2388 illud
1399 2350 1505 2388 mihi
1534 2351 1721 2400 contigit.

136 2416 348 2466 Siquidem
385 2416 469 2454 iam
510 2415 672 2465 pridem
715 2415 899 2454 ridebam
940 2415 1236 2465 Pythagoram,
1278 2416 1350 2463 qui
1391 2415 1640 2453 renascendo
1682 2418 1724 2454 et

133 2483 368 2531 agnosceret
382 2483 423 2520 et
438 2483 688 2520 memoraret
704 2494 746 2519 se
761 2481 842 2520 alio
858 2483 1044 2530 tempore
1059 2480 1215 2519 vixisse
1232 2494 1241 2526 ;
1266 2480 1461 2530 quoniam
1476 2481 1725 2519 Aristoteles

134 2547 436 2585 demonstrarat
465 2546 572 2585 nihil
598 2546 644 2583 in
672 2548 807 2585 morte
834 2559 1046 2585 remanere
1072 2546 1297 2584 memoriae
1326 2559 1468 2584 eorum
1494 2559 1595 2596 quae
1614 2549 1724 2585 ante·
1742 2555 1784 2587 30

134 2614 223 2651 acta
254 2614 390 2651 essent
423 2612 467 2650 in
501 2612 598 2651 vita.
658 2611 780 2650 Nunc
816 2625 914 2650 vero
949 2612 1021 2651 vbi
1054 2611 1236 2650 vidimus
1271 2613 1311 2649 te
1345 2611 1469 2649 toties
1503 2611 1722 2661 oppetiisse

134 2677 382 2727 rediisseque
411 2676 461 2715 ad
490 2676 652 2715 lumina
680 2676 793 2724 solis,
822 2677 956 2715 nostri
984 2689 1029 2715 ac
1058 2676 1285 2714 amicorum
1314 2688 1540 2714 memorem
1570 2689 1722 2714 memo—

783 2772 814 2800 3.
842 2762 1017 2801 oppetisse
1034 2763 1078 2791 H.

179 2852 208 2881 7.
241 2841 376 2883 obiisti]
408 2842 520 2873 There
546 2853 639 2874 were
668 2853 832 2875 rumours
855 2843 894 2874 of
1008 2853 1057 2882 17.
1080 2842 1256 2873 frumenti
1276 2841 1402 2883 genus]
1420 2842 1468 2872 To
1482 2851 1583 2882 carry
1595 2852 1640 2873 011
1658 2843 1721 2874 1119

134 2885 310 2917 Erasmus'
330 2885 435 2916 death
449 2887 487 2916 in
504 2888 587 2925 1506
601 2887 677 2926 (Ep.
692 2897 763 2926 194.
777 2886 889 2927 9-15),
961 2886 1045 2926 play
1061 2895 1107 2916 on
1125 2885 1241 2916 words
1264 2885 1293 2916 it
1314 2895 1428 2916 seems
1449 2886 1530 2916 that
1547 2896 1669 2923 germen
1690 2887 1721 2916 is

134 2930 174 2959 in
192 2937 273 2967 1513
290 2927 371 2968 (Ep.
393 2940 456 2968 270
479 2930 640 2971 introd.)‚
658 2931 730 2961 and
753 2930 792 2961 in
812 2931 893 2969 1516
962 2929 1146 2968 required:
1172 2929 1235 2959 hut
1253 2928 1271 2958 Ι
1289 2930 1418 2959 cannot
1441 2929 1517 2959 find
1533 2938 1605 2968 any
1620 2929 1721 2968 place

137 2973 215 3012 (Ep.
229 2981 300 3011 479.
319 2976 367 3010 3).
413 2973 448 3003 It
470 2973 501 3003 is
524 2975 588 3004 not
613 2974 706 3004 clear
729 2974 893 3005 whether
961 2973 1081 3003 where
1108 2973 1170 3003 the
1196 2971 1342 3012 printed
1369 2971 1523 3003 editions
1547 2972 1585 3004 of
1612 2972 1721 3013 Pliny

135 3015 204 3047 Leo
220 3015 250 3046 is
266 3014 440 3056 referring
454 3018 491 3047 to
508 3026 579 3056 any
596 3016 633 3047 of
644 3017 756 3050 these.
962 3019 1002 3048 N.
1016 3019 1059 3048 H.
1079 3016 1163 3047 read
1178 3026 1280 3047 semen
1294 3015 1446 3046 instead.

201 3080 308 3100 Ant-m«
326 3080 367 3100 111
892 3084 920 3109 A
940 3084 963 3110 a
