<?xml version="1.0" encoding="UTF-8"?>
<!DOCTYPE html PUBLIC "-//W3C//DTD XHTML 1.0 Transitional//EN"
    "http://www.w3.org/TR/xhtml1/DTD/xhtml1-transitional.dtd">
<html xmlns="http://www.w3.org/1999/xhtml" xml:lang="en" lang="en">
 <head>
  <title>
</title>
<meta http-equiv="Content-Type" content="text/html;charset=utf-8" />
  <meta name='ocr-system' content='tesseract 3.04.00' />
  <meta name='ocr-capabilities' content='ocr_page ocr_carea ocr_par ocr_line ocrx_word'/>
</head>
<body>
  <div class='ocr_page' id='page_1' title='image "./opusepistolarumd03erasuoft_0274.png"; bbox 0 0 2034 3433; ppageno 0'>
   <div class='ocr_carea' id='block_1_1' title="bbox 267 115 1852 170">
    <p class='ocr_par' dir='ltr' id='par_1_1' title="bbox 267 115 1852 170">
     <span class='ocr_line' id='line_1_1' title="bbox 267 115 1852 170; baseline -0.003 -12"><span class='ocrx_word' id='word_1_1' title='bbox 267 120 345 159; x_wconf 81' lang='lat'>232</span> <span class='ocrx_word' id='word_1_2' title='bbox 726 118 974 158; x_wconf 82' lang='lat' dir='ltr'><strong>LETTERS</strong></span> <span class='ocrx_word' id='word_1_3' title='bbox 1014 118 1081 156; x_wconf 88' lang='lat' dir='ltr'>OF</span> <span class='ocrx_word' id='word_1_4' title='bbox 1120 118 1385 157; x_wconf 81' lang='lat' dir='ltr'><strong>ERASMUS</strong></span> <span class='ocrx_word' id='word_1_5' title='bbox 1727 115 1852 170; x_wconf 77' lang='lat'><strong>[1518</strong></span> 
     </span>
    </p>
   </div>
   <div class='ocr_carea' id='block_1_2' title="bbox 204 221 1863 2747">
    <p class='ocr_par' dir='ltr' id='par_1_2' title="bbox 262 221 1854 338">
     <span class='ocr_line' id='line_1_2' title="bbox 262 221 1854 273; baseline -0.001 -11"><span class='ocrx_word' id='word_1_6' title='bbox 262 225 546 273; x_wconf 88' lang='lat' dir='ltr'>praecellentis</span> <span class='ocrx_word' id='word_1_7' title='bbox 572 224 777 263; x_wconf 85' lang='lat' dir='ltr'>doctrinae</span> <span class='ocrx_word' id='word_1_8' title='bbox 795 221 1030 261; x_wconf 87' lang='lat' dir='ltr'>reuerentia</span> <span class='ocrx_word' id='word_1_9' title='bbox 1049 223 1139 269; x_wconf 78' lang='lat' dir='ltr'>est3</span> <span class='ocrx_word' id='word_1_10' title='bbox 1167 223 1328 260; x_wconf 88' lang='lat' dir='ltr'>tantam</span> <span class='ocrx_word' id='word_1_11' title='bbox 1353 234 1514 271; x_wconf 91' lang='lat' dir='ltr'>quoque</span> <span class='ocrx_word' id='word_1_12' title='bbox 1541 223 1582 259; x_wconf 91' lang='lat' dir='ltr'>et</span> <span class='ocrx_word' id='word_1_13' title='bbox 1607 221 1758 261; x_wconf 86' lang='lat' dir='ltr'>eximia</span> <span class='ocrx_word' id='word_1_14' title='bbox 1782 225 1854 261; x_wconf 88' lang='lat' dir='ltr'>tua</span> 
     </span>
     <span class='ocr_line' id='line_1_3' title="bbox 263 286 1853 338; baseline -0.001 -11"><span class='ocrx_word' id='word_1_15' title='bbox 263 290 455 329; x_wconf 82' lang='lat' dir='ltr'>facundia</span> <span class='ocrx_word' id='word_1_16' title='bbox 473 290 724 338; x_wconf 78' lang='lat' dir='ltr'>scientiaque</span> <span class='ocrx_word' id='word_1_17' title='bbox 743 290 836 326; x_wconf 91' lang='lat' dir='ltr'>tum</span> <span class='ocrx_word' id='word_1_18' title='bbox 860 287 1002 325; x_wconf 87' lang='lat' dir='ltr'>diuina</span> <span class='ocrx_word' id='word_1_19' title='bbox 1021 287 1113 323; x_wconf 89' lang='lat' dir='ltr'>tum</span> <span class='ocrx_word' id='word_1_20' title='bbox 1136 286 1444 325; x_wconf 87' lang='lat' dir='ltr'>absolutissima</span> <span class='ocrx_word' id='word_1_21' title='bbox 1463 286 1581 324; x_wconf 91' lang='lat' dir='ltr'>velut</span> <span class='ocrx_word' id='word_1_22' title='bbox 1601 287 1853 336; x_wconf 82' lang='lat' dir='ltr'>singularem</span> 
     </span>
    </p>

    <p class='ocr_par' dir='ltr' id='par_1_3' title="bbox 207 354 789 393">
     <span class='ocr_line' id='line_1_4' title="bbox 207 354 789 393; baseline -0.009 1"><span class='ocrx_word' id='word_1_23' title='bbox 207 368 245 389; x_wconf 94' lang='lat'>10</span> <span class='ocrx_word' id='word_1_24' title='bbox 263 355 340 393; x_wconf 90' lang='lat' dir='ltr'>tibi</span> <span class='ocrx_word' id='word_1_25' title='bbox 358 355 500 393; x_wconf 89' lang='lat' dir='ltr'>attulit</span> <span class='ocrx_word' id='word_1_26' title='bbox 520 354 789 392; x_wconf 85' lang='lat' dir='ltr'>maiestatem.</span> 
     </span>
    </p>

    <p class='ocr_par' dir='ltr' id='par_1_4' title="bbox 263 414 1855 660">
     <span class='ocr_line' id='line_1_5' title="bbox 318 414 1853 469; baseline -0.003 -11"><span class='ocrx_word' id='word_1_27' title='bbox 318 420 400 458; x_wconf 89' lang='lat' dir='ltr'>Nec</span> <span class='ocrx_word' id='word_1_28' title='bbox 421 434 494 469; x_wconf 86' lang='lat' dir='ltr'>ego</span> <span class='ocrx_word' id='word_1_29' title='bbox 513 420 558 457; x_wconf 91' lang='lat' dir='ltr'>in</span> <span class='ocrx_word' id='word_1_30' title='bbox 581 417 908 469; x_wconf 72' lang='lat' dir='ltr'>praesentiarum</span> <span class='ocrx_word' id='word_1_31' title='bbox 937 416 988 454; x_wconf 90' lang='lat' dir='ltr'>ad</span> <span class='ocrx_word' id='word_1_32' title='bbox 1009 417 1049 453; x_wconf 92' lang='lat' dir='ltr'>te</span> <span class='ocrx_word' id='word_1_33' title='bbox 1076 414 1222 453; x_wconf 89' lang='lat' dir='ltr'>Latine</span> <span class='ocrx_word' id='word_1_34' title='bbox 1242 415 1508 464; x_wconf 80' lang='lat' dir='ltr'>scripsissem,</span> <span class='ocrx_word' id='word_1_35' title='bbox 1531 415 1653 465; x_wconf 87' lang='lat' dir='ltr'>plane</span> <span class='ocrx_word' id='word_1_36' title='bbox 1675 415 1790 455; x_wconf 90' lang='lat' dir='ltr'>rudis</span> <span class='ocrx_word' id='word_1_37' title='bbox 1813 419 1853 454; x_wconf 91' lang='lat' dir='ltr'>et</span> 
     </span>
     <span class='ocr_line' id='line_1_6' title="bbox 263 479 1854 534; baseline -0.003 -11"><span class='ocrx_word' id='word_1_38' title='bbox 263 487 375 523; x_wconf 89' lang='lat' dir='ltr'>totus</span> <span class='ocrx_word' id='word_1_39' title='bbox 398 484 566 534; x_wconf 90' lang='lat' dir='ltr'>quidem</span> <span class='ocrx_word' id='word_1_40' title='bbox 591 483 760 529; x_wconf 89' lang='lat' dir='ltr'>aduena,</span> <span class='ocrx_word' id='word_1_41' title='bbox 790 483 993 531; x_wconf 85' lang='lat' dir='ltr'>quantum</span> <span class='ocrx_word' id='word_1_42' title='bbox 1019 480 1070 519; x_wconf 90' lang='lat' dir='ltr'>ad</span> <span class='ocrx_word' id='word_1_43' title='bbox 1097 479 1292 518; x_wconf 87' lang='lat' dir='ltr'>cultiores</span> <span class='ocrx_word' id='word_1_44' title='bbox 1316 479 1460 518; x_wconf 77' lang='lat' dir='ltr'>literas</span> <span class='ocrx_word' id='word_1_45' title='bbox 1487 480 1648 528; x_wconf 89' lang='lat' dir='ltr'>attinet,</span> <span class='ocrx_word' id='word_1_46' title='bbox 1679 480 1762 519; x_wconf 89' lang='lat' dir='ltr'>nisi</span> <span class='ocrx_word' id='word_1_47' title='bbox 1788 494 1854 519; x_wconf 91' lang='lat' dir='ltr'>me</span> 
     </span>
     <span class='ocr_line' id='line_1_7' title="bbox 265 544 1854 597; baseline -0.002 -9"><span class='ocrx_word' id='word_1_48' title='bbox 265 549 432 588; x_wconf 89' lang='lat' dir='ltr'>omnino</span> <span class='ocrx_word' id='word_1_49' title='bbox 460 551 507 587; x_wconf 92' lang='lat' dir='ltr'>tu</span> <span class='ocrx_word' id='word_1_50' title='bbox 531 548 777 597; x_wconf 87' lang='lat' dir='ltr'>impulisses.</span> <span class='ocrx_word' id='word_1_51' title='bbox 837 546 1005 585; x_wconf 82' lang='lat' dir='ltr'>Etenim</span> <span class='ocrx_word' id='word_1_52' title='bbox 1028 545 1073 584; x_wconf 90' lang='lat' dir='ltr'>in</span> <span class='ocrx_word' id='word_1_53' title='bbox 1099 544 1393 595; x_wconf 83' lang='lat' dir='ltr'>posterioribus</span> <span class='ocrx_word' id='word_1_54' title='bbox 1423 545 1506 583; x_wconf 87' lang='lat' dir='ltr'>illis</span> <span class='ocrx_word' id='word_1_55' title='bbox 1535 545 1668 585; x_wconf 90' lang='lat' dir='ltr'>literis</span> <span class='ocrx_word' id='word_1_56' title='bbox 1693 546 1779 585; x_wconf 88' lang='lat' dir='ltr'>tuis</span> <span class='ocrx_word' id='word_1_57' title='bbox 1803 547 1854 586; x_wconf 87' lang='lat' dir='ltr'>ad</span> 
     </span>
     <span class='ocr_line' id='line_1_8' title="bbox 264 610 1855 660; baseline -0.002 -7"><span class='ocrx_word' id='word_1_58' title='bbox 264 615 464 653; x_wconf 89' lang='lat' dir='ltr'>Ioannem</span> <span class='ocrx_word' id='word_1_59' title='bbox 494 612 785 652; x_wconf 89' lang='lat' dir='ltr'>Molendinum</span> <span class='ocrx_word' id='word_1_60' title='bbox 823 613 1012 650; x_wconf 91' lang='lat' dir='ltr'>nostrum</span> <span class='ocrx_word' id='word_1_61' title='bbox 1042 611 1159 660; x_wconf 87' lang='lat' dir='ltr'>(quas</span> <span class='ocrx_word' id='word_1_62' title='bbox 1192 610 1301 648; x_wconf 89' lang='lat' dir='ltr'>mihi</span> <span class='ocrx_word' id='word_1_63' title='bbox 1328 610 1502 649; x_wconf 83' lang='lat' dir='ltr'>tradidit</span> <span class='ocrx_word' id='word_1_64' title='bbox 1530 611 1652 650; x_wconf 90' lang='lat' dir='ltr'>modo</span> <span class='ocrx_word' id='word_1_65' title='bbox 1683 611 1855 650; x_wconf 85' lang='lat' dir='ltr'>nudius-</span> 
     </span>
    </p>

    <p class='ocr_par' dir='ltr' id='par_1_5' title="bbox 207 675 1857 989">
     <span class='ocr_line' id='line_1_9' title="bbox 207 675 1856 729; baseline -0.001 -13"><span class='ocrx_word' id='word_1_66' title='bbox 207 695 242 726; x_wconf 81' lang='lat'>15</span> <span class='ocrx_word' id='word_1_67' title='bbox 265 682 435 729; x_wconf 86' lang='lat' dir='ltr'>quartus</span> <span class='ocrx_word' id='word_1_68' title='bbox 457 678 724 727; x_wconf 86' lang='lat' dir='ltr'>lectitandas),</span> <span class='ocrx_word' id='word_1_69' title='bbox 747 691 815 716; x_wconf 88' lang='lat' dir='ltr'>me</span> <span class='ocrx_word' id='word_1_70' title='bbox 843 690 938 716; x_wconf 84' lang='lat' dir='ltr'>cum</span> <span class='ocrx_word' id='word_1_71' title='bbox 961 676 1046 715; x_wconf 88' lang='lat' dir='ltr'>tuis</span> <span class='ocrx_word' id='word_1_72' title='bbox 1070 676 1208 714; x_wconf 90' lang='lat' dir='ltr'>verbis</span> <span class='ocrx_word' id='word_1_73' title='bbox 1235 675 1406 714; x_wconf 89' lang='lat' dir='ltr'>salutari</span> <span class='ocrx_word' id='word_1_74' title='bbox 1428 676 1605 724; x_wconf 88' lang='lat' dir='ltr'>iuberes,</span> <span class='ocrx_word' id='word_1_75' title='bbox 1626 690 1709 715; x_wconf 91' lang='lat' dir='ltr'>non</span> <span class='ocrx_word' id='word_1_76' title='bbox 1733 677 1856 716; x_wconf 89' lang='lat' dir='ltr'>modo</span> 
     </span>
     <span class='ocr_line' id='line_1_10' title="bbox 262 741 1854 794; baseline -0.001 -12"><span class='ocrx_word' id='word_1_77' title='bbox 262 747 485 794; x_wconf 87' lang='lat' dir='ltr'>patronum</span> <span class='ocrx_word' id='word_1_78' title='bbox 505 744 575 782; x_wconf 90' lang='lat' dir='ltr'>sed</span> <span class='ocrx_word' id='word_1_79' title='bbox 594 743 764 782; x_wconf 84' lang='lat' dir='ltr'>vnieum</span> <span class='ocrx_word' id='word_1_80' title='bbox 781 755 941 792; x_wconf 90' lang='lat' dir='ltr'>quoque</span> <span class='ocrx_word' id='word_1_81' title='bbox 961 744 1083 780; x_wconf 92' lang='lat' dir='ltr'>tuum</span> <span class='ocrx_word' id='word_1_82' title='bbox 1103 742 1327 792; x_wconf 85' lang='lat' dir='ltr'>patronum</span> <span class='ocrx_word' id='word_1_83' title='bbox 1347 755 1414 780; x_wconf 89' lang='lat' dir='ltr'>me</span> <span class='ocrx_word' id='word_1_84' title='bbox 1437 741 1642 792; x_wconf 88' lang='lat' dir='ltr'>appellare</span> <span class='ocrx_word' id='word_1_85' title='bbox 1657 741 1828 780; x_wconf 89' lang='lat' dir='ltr'>voluisti</span> <span class='ocrx_word' id='word_1_86' title='bbox 1845 755 1854 779; x_wconf 90' lang='lat'>:</span> 
     </span>
     <span class='ocr_line' id='line_1_11' title="bbox 262 807 1856 857; baseline -0.002 -9"><span class='ocrx_word' id='word_1_87' title='bbox 262 810 369 848; x_wconf 90' lang='lat' dir='ltr'>vnde</span> <span class='ocrx_word' id='word_1_88' title='bbox 389 823 483 848; x_wconf 90' lang='lat' dir='ltr'>sum</span> <span class='ocrx_word' id='word_1_89' title='bbox 508 809 681 848; x_wconf 85' lang='lat' dir='ltr'>affectus</span> <span class='ocrx_word' id='word_1_90' title='bbox 703 821 788 847; x_wconf 91' lang='lat' dir='ltr'>non</span> <span class='ocrx_word' id='word_1_91' title='bbox 815 807 1011 846; x_wconf 89' lang='lat' dir='ltr'>mediocri</span> <span class='ocrx_word' id='word_1_92' title='bbox 1030 807 1196 857; x_wconf 90' lang='lat' dir='ltr'>pudore,</span> <span class='ocrx_word' id='word_1_93' title='bbox 1221 820 1316 844; x_wconf 90' lang='lat' dir='ltr'>cum</span> <span class='ocrx_word' id='word_1_94' title='bbox 1340 809 1481 845; x_wconf 88' lang='lat' dir='ltr'>tamen</span> <span class='ocrx_word' id='word_1_95' title='bbox 1501 809 1657 846; x_wconf 88' lang='lat' dir='ltr'>caetera</span> <span class='ocrx_word' id='word_1_96' title='bbox 1675 807 1856 845; x_wconf 82' lang='lat' dir='ltr'>maxime</span> 
     </span>
     <span class='ocr_line' id='line_1_12' title="bbox 263 872 1857 921; baseline -0.001 -8"><span class='ocrx_word' id='word_1_97' title='bbox 263 875 514 913; x_wconf 83' lang='lat' dir='ltr'>delectarent</span> <span class='ocrx_word' id='word_1_98' title='bbox 552 874 700 912; x_wconf 83' lang='lat' dir='ltr'>omnia.</span> <span class='ocrx_word' id='word_1_99' title='bbox 774 872 875 921; x_wconf 80' lang='lat' dir='ltr'>Quis</span> <span class='ocrx_word' id='word_1_100' title='bbox 911 872 1025 911; x_wconf 90' lang='lat' dir='ltr'>enim</span> <span class='ocrx_word' id='word_1_101' title='bbox 1059 873 1192 911; x_wconf 89' lang='lat' dir='ltr'>nescit</span> <span class='ocrx_word' id='word_1_102' title='bbox 1229 874 1270 910; x_wconf 88' lang='lat' dir='ltr'>te</span> <span class='ocrx_word' id='word_1_103' title='bbox 1308 872 1594 921; x_wconf 86' lang='lat' dir='ltr'>gratissimum</span> <span class='ocrx_word' id='word_1_104' title='bbox 1627 873 1758 921; x_wconf 87' lang='lat' dir='ltr'>(tanta</span> <span class='ocrx_word' id='word_1_105' title='bbox 1794 874 1857 911; x_wconf 87' lang='lat' dir='ltr'>est</span> 
     </span>
     <span class='ocr_line' id='line_1_13' title="bbox 264 928 1857 989; baseline -0.002 -11"><span class='ocrx_word' id='word_1_106' title='bbox 264 940 506 979; x_wconf 84' lang='lat' dir='ltr'>eruditionis</span> <span class='ocrx_word' id='word_1_107' title='bbox 521 942 615 979; x_wconf 85' lang='lat' dir='ltr'>tuae</span> <span class='ocrx_word' id='word_1_108' title='bbox 630 928 896 989; x_wconf 83' lang='lat' dir='ltr'>praestantia)</span> <span class='ocrx_word' id='word_1_109' title='bbox 911 940 951 976; x_wconf 90' lang='lat' dir='ltr'>et</span> <span class='ocrx_word' id='word_1_110' title='bbox 971 938 1136 988; x_wconf 83' lang='lat' dir='ltr'>regibus</span> <span class='ocrx_word' id='word_1_111' title='bbox 1155 938 1196 975; x_wconf 88' lang='lat' dir='ltr'>et</span> <span class='ocrx_word' id='word_1_112' title='bbox 1215 937 1472 987; x_wconf 87' lang='lat' dir='ltr'>principibus</span> <span class='ocrx_word' id='word_1_113' title='bbox 1487 937 1589 988; x_wconf 87' lang='lat' dir='ltr'>ipsis</span> <span class='ocrx_word' id='word_1_114' title='bbox 1600 939 1620 977; x_wconf 66' lang='grc' dir='ltr'>’Β</span> <span class='ocrx_word' id='word_1_115' title='bbox 1649 939 1690 976; x_wconf 88' lang='lat' dir='ltr'>et</span> <span class='ocrx_word' id='word_1_116' title='bbox 1705 938 1857 976; x_wconf 84' lang='lat' dir='ltr'>horum</span> 
     </span>
    </p>

    <p class='ocr_par' dir='ltr' id='par_1_6' title="bbox 207 1002 1859 1316">
     <span class='ocr_line' id='line_1_14' title="bbox 207 1002 1858 1055; baseline -0.001 -12"><span class='ocrx_word' id='word_1_117' title='bbox 207 1022 245 1043; x_wconf 87' lang='lat'>20</span> <span class='ocrx_word' id='word_1_118' title='bbox 262 1007 309 1043; x_wconf 91' lang='lat' dir='ltr'>vt</span> <span class='ocrx_word' id='word_1_119' title='bbox 339 1005 511 1055; x_wconf 88' lang='lat' dir='ltr'>quisque</span> <span class='ocrx_word' id='word_1_120' title='bbox 543 1007 607 1043; x_wconf 90' lang='lat' dir='ltr'>est</span> <span class='ocrx_word' id='word_1_121' title='bbox 644 1003 852 1042; x_wconf 82' lang='lat' dir='ltr'>maximus</span> <span class='ocrx_word' id='word_1_122' title='bbox 890 1005 1014 1053; x_wconf 85' lang='lat' dir='ltr'>atque</span> <span class='ocrx_word' id='word_1_123' title='bbox 1052 1003 1247 1053; x_wconf 74' lang='lat' dir='ltr'>optimus,</span> <span class='ocrx_word' id='word_1_124' title='bbox 1280 1002 1337 1040; x_wconf 89' lang='lat' dir='ltr'>ita</span> <span class='ocrx_word' id='word_1_125' title='bbox 1374 1003 1682 1053; x_wconf 84' lang='lat' dir='ltr'>impensissime</span> <span class='ocrx_word' id='word_1_126' title='bbox 1720 1003 1858 1042; x_wconf 88' lang='lat' dir='ltr'>fauere</span> 
     </span>
     <span class='ocr_line' id='line_1_15' title="bbox 264 1069 1858 1120; baseline -0.001 -11"><span class='ocrx_word' id='word_1_127' title='bbox 264 1071 469 1109; x_wconf 84' lang='lat' dir='ltr'>Erasmo‘?</span> <span class='ocrx_word' id='word_1_128' title='bbox 538 1069 635 1108; x_wconf 89' lang='lat' dir='ltr'>Noli</span> <span class='ocrx_word' id='word_1_129' title='bbox 669 1069 798 1120; x_wconf 87' lang='lat' dir='ltr'>igitur</span> <span class='ocrx_word' id='word_1_130' title='bbox 827 1069 1009 1119; x_wconf 87' lang='lat' dir='ltr'>posthac,</span> <span class='ocrx_word' id='word_1_131' title='bbox 1038 1081 1146 1118; x_wconf 84' lang='lat' dir='ltr'>rogo,</span> <span class='ocrx_word' id='word_1_132' title='bbox 1180 1081 1246 1106; x_wconf 89' lang='lat' dir='ltr'>me</span> <span class='ocrx_word' id='word_1_133' title='bbox 1285 1070 1444 1118; x_wconf 87' lang='lat' dir='ltr'>praeter</span> <span class='ocrx_word' id='word_1_134' title='bbox 1473 1072 1653 1108; x_wconf 88' lang='lat' dir='ltr'>caeteros</span> <span class='ocrx_word' id='word_1_135' title='bbox 1681 1069 1858 1108; x_wconf 88' lang='lat' dir='ltr'>homun-</span> 
     </span>
     <span class='ocr_line' id='line_1_16' title="bbox 263 1133 1859 1184; baseline -0.001 -10"><span class='ocrx_word' id='word_1_136' title='bbox 263 1136 421 1174; x_wconf 88' lang='lat' dir='ltr'>tionem</span> <span class='ocrx_word' id='word_1_137' title='bbox 449 1149 619 1174; x_wconf 88' lang='lat' dir='ltr'>onerare</span> <span class='ocrx_word' id='word_1_138' title='bbox 646 1137 733 1174; x_wconf 85' lang='lat' dir='ltr'>tam</span> <span class='ocrx_word' id='word_1_139' title='bbox 763 1134 940 1184; x_wconf 89' lang='lat' dir='ltr'>superbo</span> <span class='ocrx_word' id='word_1_140' title='bbox 968 1133 1105 1173; x_wconf 89' lang='lat' dir='ltr'>titulo.</span> <span class='ocrx_word' id='word_1_141' title='bbox 1162 1133 1306 1172; x_wconf 87' lang='lat' dir='ltr'>Habes</span> <span class='ocrx_word' id='word_1_142' title='bbox 1339 1136 1384 1172; x_wconf 90' lang='lat' dir='ltr'>tu</span> <span class='ocrx_word' id='word_1_143' title='bbox 1418 1134 1597 1184; x_wconf 88' lang='lat' dir='ltr'>quidem,</span> <span class='ocrx_word' id='word_1_144' title='bbox 1636 1135 1672 1173; x_wconf 87' lang='lat' dir='ltr'>si</span> <span class='ocrx_word' id='word_1_145' title='bbox 1702 1147 1768 1173; x_wconf 90' lang='lat' dir='ltr'>res</span> <span class='ocrx_word' id='word_1_146' title='bbox 1801 1134 1859 1172; x_wconf 91' lang='lat' dir='ltr'>ita</span> 
     </span>
     <span class='ocr_line' id='line_1_17' title="bbox 263 1198 1859 1251; baseline -0.001 -12"><span class='ocrx_word' id='word_1_147' title='bbox 263 1200 493 1251; x_wconf 89' lang='lat' dir='ltr'>postularit,</span> <span class='ocrx_word' id='word_1_148' title='bbox 516 1201 584 1239; x_wconf 88' lang='lat' dir='ltr'>vel</span> <span class='ocrx_word' id='word_1_149' title='bbox 605 1202 801 1250; x_wconf 86' lang='lat' dir='ltr'>patronos</span> <span class='ocrx_word' id='word_1_150' title='bbox 819 1199 886 1238; x_wconf 88' lang='lat' dir='ltr'>vel</span> <span class='ocrx_word' id='word_1_151' title='bbox 904 1199 1125 1238; x_wconf 85' lang='lat' dir='ltr'>aduocatos</span> <span class='ocrx_word' id='word_1_152' title='bbox 1144 1198 1213 1238; x_wconf 88' lang='lat' dir='ltr'>vel</span> <span class='ocrx_word' id='word_1_153' title='bbox 1234 1199 1543 1237; x_wconf 87' lang='lat' dir='ltr'>amantissimos</span> <span class='ocrx_word' id='word_1_154' title='bbox 1561 1198 1624 1238; x_wconf 90' lang='lat' dir='ltr'>tui</span> <span class='ocrx_word' id='word_1_155' title='bbox 1642 1199 1755 1238; x_wconf 89' lang='lat' dir='ltr'>viros</span> <span class='ocrx_word' id='word_1_156' title='bbox 1775 1212 1859 1237; x_wconf 91' lang='lat' dir='ltr'>non</span> 
     </span>
     <span class='ocr_line' id='line_1_18' title="bbox 263 1265 1859 1316; baseline -0.001 -11"><span class='ocrx_word' id='word_1_157' title='bbox 263 1268 399 1306; x_wconf 86' lang='lat' dir='ltr'>solum</span> <span class='ocrx_word' id='word_1_158' title='bbox 418 1267 463 1305; x_wconf 91' lang='lat' dir='ltr'>in</span> <span class='ocrx_word' id='word_1_159' title='bbox 490 1266 670 1305; x_wconf 83' lang='lat' dir='ltr'>maxima</span> <span class='ocrx_word' id='word_1_160' title='bbox 695 1267 896 1316; x_wconf 82' lang='lat' dir='ltr'>potestate</span> <span class='ocrx_word' id='word_1_161' title='bbox 921 1265 1178 1313; x_wconf 87' lang='lat' dir='ltr'>constitutos,</span> <span class='ocrx_word' id='word_1_162' title='bbox 1201 1265 1478 1303; x_wconf 84' lang='lat' dir='ltr'>verumetiam</span> <span class='ocrx_word' id='word_1_163' title='bbox 1500 1265 1652 1316; x_wconf 87' lang='lat' dir='ltr'>vbique</span> <span class='ocrx_word' id='word_1_164' title='bbox 1670 1265 1859 1315; x_wconf 85' lang='lat' dir='ltr'>gentium</span> 
     </span>
    </p>

    <p class='ocr_par' dir='ltr' id='par_1_7' title="bbox 204 1329 1861 1641">
     <span class='ocr_line' id='line_1_19' title="bbox 204 1329 1860 1380; baseline -0.001 -10"><span class='ocrx_word' id='word_1_165' title='bbox 204 1349 244 1380; x_wconf 83' lang='lat'>25</span> <span class='ocrx_word' id='word_1_166' title='bbox 264 1335 304 1371; x_wconf 91' lang='lat' dir='ltr'>et</span> <span class='ocrx_word' id='word_1_167' title='bbox 318 1331 620 1371; x_wconf 90' lang='lat' dir='ltr'>eruditissimos</span> <span class='ocrx_word' id='word_1_168' title='bbox 634 1333 674 1369; x_wconf 91' lang='lat' dir='ltr'>et</span> <span class='ocrx_word' id='word_1_169' title='bbox 689 1330 959 1369; x_wconf 86' lang='lat' dir='ltr'>doctissimos.</span> <span class='ocrx_word' id='word_1_170' title='bbox 1018 1329 1062 1368; x_wconf 81' lang='lat' dir='ltr'>Si</span> <span class='ocrx_word' id='word_1_171' title='bbox 1081 1343 1173 1368; x_wconf 90' lang='lat' dir='ltr'>mea</span> <span class='ocrx_word' id='word_1_172' title='bbox 1188 1331 1330 1368; x_wconf 86' lang='lat' dir='ltr'>tamen</span> <span class='ocrx_word' id='word_1_173' title='bbox 1346 1343 1476 1379; x_wconf 88' lang='lat' dir='ltr'>opera,</span> <span class='ocrx_word' id='word_1_174' title='bbox 1495 1331 1860 1380; x_wconf 87' lang='lat' dir='ltr'>quantulacunque</span> 
     </span>
     <span class='ocr_line' id='line_1_20' title="bbox 264 1394 1859 1446; baseline -0.001 -10"><span class='ocrx_word' id='word_1_175' title='bbox 264 1397 330 1446; x_wconf 89' lang='lat' dir='ltr'>sit,</span> <span class='ocrx_word' id='word_1_176' title='bbox 363 1397 440 1435; x_wconf 88' lang='lat' dir='ltr'>tibi</span> <span class='ocrx_word' id='word_1_177' title='bbox 469 1397 570 1434; x_wconf 91' lang='lat' dir='ltr'>olim</span> <span class='ocrx_word' id='word_1_178' title='bbox 602 1395 754 1446; x_wconf 85' lang='lat' dir='ltr'>poterit</span> <span class='ocrx_word' id='word_1_179' title='bbox 785 1394 881 1434; x_wconf 87' lang='lat' dir='ltr'>vsui</span> <span class='ocrx_word' id='word_1_180' title='bbox 912 1407 1009 1443; x_wconf 84' lang='lat' dir='ltr'>esse,</span> <span class='ocrx_word' id='word_1_181' title='bbox 1044 1394 1099 1443; x_wconf 86' lang='lat' dir='ltr'>(id</span> <span class='ocrx_word' id='word_1_182' title='bbox 1128 1394 1207 1433; x_wconf 89' lang='lat' dir='ltr'>tibi</span> <span class='ocrx_word' id='word_1_183' title='bbox 1237 1394 1365 1433; x_wconf 88' lang='lat' dir='ltr'>velim</span> <span class='ocrx_word' id='word_1_184' title='bbox 1397 1396 1655 1445; x_wconf 85' lang='lat' dir='ltr'>persuasum)</span> <span class='ocrx_word' id='word_1_185' title='bbox 1688 1395 1859 1434; x_wconf 88' lang='lat' dir='ltr'>beneuo-</span> 
     </span>
     <span class='ocr_line' id='line_1_21' title="bbox 264 1459 1855 1501; baseline -0.001 0"><span class='ocrx_word' id='word_1_186' title='bbox 264 1463 485 1501; x_wconf 87' lang='lat' dir='ltr'>lentiorem</span> <span class='ocrx_word' id='word_1_187' title='bbox 516 1462 736 1500; x_wconf 88' lang='lat' dir='ltr'>habiturus</span> <span class='ocrx_word' id='word_1_188' title='bbox 769 1474 813 1499; x_wconf 91' lang='lat' dir='ltr'>es</span> <span class='ocrx_word' id='word_1_189' title='bbox 844 1460 1053 1498; x_wconf 90' lang='lat' dir='ltr'>neminem</span> <span class='ocrx_word' id='word_1_190' title='bbox 1087 1459 1154 1498; x_wconf 89' lang='lat' dir='ltr'>vel</span> <span class='ocrx_word' id='word_1_191' title='bbox 1187 1460 1418 1498; x_wconf 89' lang='lat' dir='ltr'>amicorum</span> <span class='ocrx_word' id='word_1_192' title='bbox 1452 1462 1621 1499; x_wconf 90' lang='lat' dir='ltr'>tuorum</span> <span class='ocrx_word' id='word_1_193' title='bbox 1656 1461 1855 1499; x_wconf 83' lang='lat' dir='ltr'>omnium.</span> 
     </span>
     <span class='ocr_line' id='line_1_22' title="bbox 266 1524 1860 1578; baseline -0.001 -12"><span class='ocrx_word' id='word_1_194' title='bbox 266 1528 332 1566; x_wconf 91' lang='lat' dir='ltr'>Me</span> <span class='ocrx_word' id='word_1_195' title='bbox 360 1527 488 1578; x_wconf 88' lang='lat' dir='ltr'>igitur</span> <span class='ocrx_word' id='word_1_196' title='bbox 514 1527 592 1565; x_wconf 87' lang='lat' dir='ltr'>tibi</span> <span class='ocrx_word' id='word_1_197' title='bbox 620 1540 695 1577; x_wconf 93' lang='lat' dir='ltr'>pro</span> <span class='ocrx_word' id='word_1_198' title='bbox 721 1526 879 1565; x_wconf 89' lang='lat' dir='ltr'>viribus</span> <span class='ocrx_word' id='word_1_199' title='bbox 904 1526 1087 1564; x_wconf 86' lang='lat' dir='ltr'>amicum</span> <span class='ocrx_word' id='word_1_200' title='bbox 1114 1524 1244 1563; x_wconf 90' lang='lat' dir='ltr'>velim</span> <span class='ocrx_word' id='word_1_201' title='bbox 1271 1525 1492 1573; x_wconf 80' lang='lat' dir='ltr'>existimes,</span> <span class='ocrx_word' id='word_1_202' title='bbox 1523 1525 1558 1564; x_wconf 91' lang='lat' dir='ltr'>si</span> <span class='ocrx_word' id='word_1_203' title='bbox 1583 1528 1722 1564; x_wconf 89' lang='lat' dir='ltr'>tamen</span> <span class='ocrx_word' id='word_1_204' title='bbox 1751 1526 1860 1565; x_wconf 89' lang='lat' dir='ltr'>inter</span> 
     </span>
     <span class='ocr_line' id='line_1_23' title="bbox 266 1591 1861 1641; baseline -0.001 -8"><span class='ocrx_word' id='word_1_205' title='bbox 266 1598 358 1633; x_wconf 88' lang='lat' dir='ltr'>tuos</span> <span class='ocrx_word' id='word_1_206' title='bbox 373 1594 485 1632; x_wconf 89' lang='lat' dir='ltr'>hunc</span> <span class='ocrx_word' id='word_1_207' title='bbox 505 1592 732 1631; x_wconf 87' lang='lat' dir='ltr'>amiculum</span> <span class='ocrx_word' id='word_1_208' title='bbox 747 1591 931 1641; x_wconf 86' lang='lat' dir='ltr'>digneris</span> <span class='ocrx_word' id='word_1_209' title='bbox 946 1591 1178 1629; x_wconf 87' lang='lat' dir='ltr'>asscribere.</span> <span class='ocrx_word' id='word_1_210' title='bbox 1229 1591 1475 1640; x_wconf 81' lang='lat' dir='ltr'>Quanquam</span> <span class='ocrx_word' id='word_1_211' title='bbox 1490 1604 1564 1640; x_wconf 88' lang='lat' dir='ltr'>pro</span> <span class='ocrx_word' id='word_1_212' title='bbox 1582 1593 1655 1629; x_wconf 87' lang='lat' dir='ltr'>tua</span> <span class='ocrx_word' id='word_1_213' title='bbox 1674 1592 1861 1631; x_wconf 90' lang='lat' dir='ltr'>humani—</span> 
     </span>
    </p>

    <p class='ocr_par' dir='ltr' id='par_1_8' title="bbox 204 1656 1862 1959">
     <span class='ocr_line' id='line_1_24' title="bbox 204 1656 1859 1708; baseline 0 -12"><span class='ocrx_word' id='word_1_214' title='bbox 204 1675 247 1706; x_wconf 73' lang='lat'>30</span> <span class='ocrx_word' id='word_1_215' title='bbox 265 1662 359 1708; x_wconf 82' lang='lat' dir='ltr'>tate,</span> <span class='ocrx_word' id='word_1_216' title='bbox 381 1660 492 1697; x_wconf 85' lang='lat' dir='ltr'>certo</span> <span class='ocrx_word' id='word_1_217' title='bbox 511 1657 605 1705; x_wconf 81' lang='lat' dir='ltr'>scio,</span> <span class='ocrx_word' id='word_1_218' title='bbox 628 1657 693 1695; x_wconf 92' lang='lat' dir='ltr'>vel</span> <span class='ocrx_word' id='word_1_219' title='bbox 713 1657 833 1706; x_wconf 83' lang='lat' dir='ltr'>longe</span> <span class='ocrx_word' id='word_1_220' title='bbox 860 1656 1099 1694; x_wconf 86' lang='lat' dir='ltr'>inferiorem</span> <span class='ocrx_word' id='word_1_221' title='bbox 1122 1669 1208 1694; x_wconf 90' lang='lat' dir='ltr'>non</span> <span class='ocrx_word' id='word_1_222' title='bbox 1235 1658 1489 1704; x_wconf 89' lang='lat' dir='ltr'>contemnes,</span> <span class='ocrx_word' id='word_1_223' title='bbox 1510 1657 1674 1707; x_wconf 90' lang='lat' dir='ltr'>quando</span> <span class='ocrx_word' id='word_1_224' title='bbox 1693 1660 1859 1696; x_wconf 88' lang='lat' dir='ltr'>tantum</span> 
     </span>
     <span class='ocr_line' id='line_1_25' title="bbox 264 1721 1860 1772; baseline -0.002 -8"><span class='ocrx_word' id='word_1_225' title='bbox 264 1725 381 1764; x_wconf 86' lang='lat' dir='ltr'>abest</span> <span class='ocrx_word' id='word_1_226' title='bbox 412 1726 460 1763; x_wconf 91' lang='lat' dir='ltr'>vt</span> <span class='ocrx_word' id='word_1_227' title='bbox 489 1723 631 1761; x_wconf 88' lang='lat' dir='ltr'>eodem</span> <span class='ocrx_word' id='word_1_228' title='bbox 660 1722 704 1760; x_wconf 91' lang='lat' dir='ltr'>in</span> <span class='ocrx_word' id='word_1_229' title='bbox 732 1722 840 1770; x_wconf 76' lang='lat' dir='ltr'>ludo,</span> <span class='ocrx_word' id='word_1_230' title='bbox 863 1721 971 1772; x_wconf 88' lang='lat' dir='ltr'>quod</span> <span class='ocrx_word' id='word_1_231' title='bbox 1000 1721 1127 1769; x_wconf 84' lang='lat' dir='ltr'>aiunt,</span> <span class='ocrx_word' id='word_1_232' title='bbox 1158 1721 1290 1759; x_wconf 88' lang='lat' dir='ltr'>simus</span> <span class='ocrx_word' id='word_1_233' title='bbox 1319 1721 1440 1770; x_wconf 80' lang='lat' dir='ltr'>docti⁷</span> <span class='ocrx_word' id='word_1_234' title='bbox 1469 1723 1515 1760; x_wconf 93' lang='lat' dir='ltr'>vt</span> <span class='ocrx_word' id='word_1_235' title='bbox 1542 1735 1617 1772; x_wconf 84' lang='lat' dir='ltr'>ego</span> <span class='ocrx_word' id='word_1_236' title='bbox 1645 1722 1860 1762; x_wconf 86' lang='lat' dir='ltr'>literarum</span> 
     </span>
     <span class='ocr_line' id='line_1_26' title="bbox 265 1786 1862 1837; baseline 0 -9"><span class='ocrx_word' id='word_1_237' title='bbox 265 1791 348 1828; x_wconf 85' lang='lat' dir='ltr'>fere</span> <span class='ocrx_word' id='word_1_238' title='bbox 377 1801 532 1837; x_wconf 78' lang='lat' dir='ltr'>expers,</span> <span class='ocrx_word' id='word_1_239' title='bbox 564 1790 611 1825; x_wconf 92' lang='lat' dir='ltr'>tu</span> <span class='ocrx_word' id='word_1_240' title='bbox 642 1787 810 1837; x_wconf 87' lang='lat' dir='ltr'>quidem</span> <span class='ocrx_word' id='word_1_241' title='bbox 839 1787 905 1825; x_wconf 90' lang='lat' dir='ltr'>vel</span> <span class='ocrx_word' id='word_1_242' title='bbox 932 1800 982 1825; x_wconf 85' lang='lat' dir='ltr'>ex</span> <span class='ocrx_word' id='word_1_243' title='bbox 1011 1786 1194 1825; x_wconf 87' lang='lat' dir='ltr'>confesso</span> <span class='ocrx_word' id='word_1_244' title='bbox 1223 1786 1415 1836; x_wconf 87' lang='lat' dir='ltr'>princeps</span> <span class='ocrx_word' id='word_1_245' title='bbox 1444 1788 1635 1826; x_wconf 89' lang='lat' dir='ltr'>omnium</span> <span class='ocrx_word' id='word_1_246' title='bbox 1664 1788 1721 1827; x_wconf 89' lang='lat' dir='ltr'>sis</span> <span class='ocrx_word' id='word_1_247' title='bbox 1750 1789 1862 1828; x_wconf 87' lang='lat' dir='ltr'>solus</span> 
     </span>
     <span class='ocr_line' id='line_1_27' title="bbox 267 1852 1862 1905; baseline 0 -12"><span class='ocrx_word' id='word_1_248' title='bbox 267 1855 337 1905; x_wconf 89' lang='lat' dir='ltr'>qui</span> <span class='ocrx_word' id='word_1_249' title='bbox 357 1867 468 1893; x_wconf 87' lang='lat' dir='ltr'>nunc</span> <span class='ocrx_word' id='word_1_250' title='bbox 491 1853 582 1891; x_wconf 92' lang='lat' dir='ltr'>luce</span> <span class='ocrx_word' id='word_1_251' title='bbox 611 1854 828 1891; x_wconf 85' lang='lat' dir='ltr'>fruuntur:</span> <span class='ocrx_word' id='word_1_252' title='bbox 859 1852 900 1890; x_wconf 88' lang='lat' dir='ltr'>id</span> <span class='ocrx_word' id='word_1_253' title='bbox 922 1852 1029 1902; x_wconf 89' lang='lat' dir='ltr'>quod</span> <span class='ocrx_word' id='word_1_254' title='bbox 1055 1865 1129 1901; x_wconf 86' lang='lat' dir='ltr'>ego</span> <span class='ocrx_word' id='word_1_255' title='bbox 1155 1854 1360 1901; x_wconf 84' lang='lat' dir='ltr'>praestare</span> <span class='ocrx_word' id='word_1_256' title='bbox 1388 1853 1558 1891; x_wconf 86' lang='lat' dir='ltr'>caeteris</span> <span class='ocrx_word' id='word_1_257' title='bbox 1588 1853 1862 1903; x_wconf 85' lang='lat' dir='ltr'>dignitatibus</span> 
     </span>
     <span class='ocr_line' id='line_1_28' title="bbox 266 1921 414 1959; baseline -0.014 0"><span class='ocrx_word' id='word_1_258' title='bbox 266 1921 414 1959; x_wconf 84' lang='lat' dir='ltr'>iudico.</span> 
     </span>
    </p>

    <p class='ocr_par' dir='ltr' id='par_1_9' title="bbox 206 1981 1862 2297">
     <span class='ocr_line' id='line_1_29' title="bbox 206 1981 1862 2035; baseline 0.001 -13"><span class='ocrx_word' id='word_1_259' title='bbox 206 1999 246 2030; x_wconf 75' lang='lat'>35</span> <span class='ocrx_word' id='word_1_260' title='bbox 321 1986 462 2035; x_wconf 89' lang='lat' dir='ltr'>Neque</span> <span class='ocrx_word' id='word_1_261' title='bbox 483 1997 566 2022; x_wconf 92' lang='lat' dir='ltr'>non</span> <span class='ocrx_word' id='word_1_262' title='bbox 585 1996 757 2033; x_wconf 84' lang='lat' dir='ltr'>possum</span> <span class='ocrx_word' id='word_1_263' title='bbox 781 1995 867 2021; x_wconf 88' lang='lat' dir='ltr'>esse</span> <span class='ocrx_word' id='word_1_264' title='bbox 891 1982 971 2020; x_wconf 89' lang='lat' dir='ltr'>tibi</span> <span class='ocrx_word' id='word_1_265' title='bbox 990 1981 1279 2030; x_wconf 86' lang='lat' dir='ltr'>amicissimus,</span> <span class='ocrx_word' id='word_1_266' title='bbox 1303 1996 1398 2021; x_wconf 88' lang='lat' dir='ltr'>cum</span> <span class='ocrx_word' id='word_1_267' title='bbox 1420 1996 1488 2022; x_wconf 91' lang='lat' dir='ltr'>eos</span> <span class='ocrx_word' id='word_1_268' title='bbox 1510 1997 1654 2022; x_wconf 92' lang='lat' dir='ltr'>omnes</span> <span class='ocrx_word' id='word_1_269' title='bbox 1683 1985 1755 2034; x_wconf 90' lang='lat' dir='ltr'>qui</span> <span class='ocrx_word' id='word_1_270' title='bbox 1779 1986 1862 2023; x_wconf 90' lang='lat' dir='ltr'>mei</span> 
     </span>
     <span class='ocr_line' id='line_1_30' title="bbox 267 2047 1862 2098; baseline -0.001 -9"><span class='ocrx_word' id='word_1_271' title='bbox 267 2053 365 2089; x_wconf 87' lang='lat' dir='ltr'>sunt</span> <span class='ocrx_word' id='word_1_272' title='bbox 402 2051 600 2097; x_wconf 87' lang='lat' dir='ltr'>amantes,</span> <span class='ocrx_word' id='word_1_273' title='bbox 637 2062 721 2086; x_wconf 92' lang='lat' dir='ltr'>non</span> <span class='ocrx_word' id='word_1_274' title='bbox 750 2048 937 2098; x_wconf 83' lang='lat' dir='ltr'>ignorem</span> <span class='ocrx_word' id='word_1_275' title='bbox 975 2047 1037 2085; x_wconf 92' lang='lat' dir='ltr'>tui</span> <span class='ocrx_word' id='word_1_276' title='bbox 1074 2048 1230 2097; x_wconf 87' lang='lat' dir='ltr'>pariter</span> <span class='ocrx_word' id='word_1_277' title='bbox 1266 2048 1578 2087; x_wconf 84' lang='lat' dir='ltr'>amantissimos</span> <span class='ocrx_word' id='word_1_278' title='bbox 1616 2062 1715 2088; x_wconf 89' lang='lat' dir='ltr'>esse.</span> <span class='ocrx_word' id='word_1_279' title='bbox 1787 2049 1862 2088; x_wconf 86' lang='lat' dir='ltr'>Est</span> 
     </span>
     <span class='ocr_line' id='line_1_31' title="bbox 267 2112 1858 2165; baseline 0 -11"><span class='ocrx_word' id='word_1_280' title='bbox 267 2117 380 2154; x_wconf 86' lang='lat' dir='ltr'>enim</span> <span class='ocrx_word' id='word_1_281' title='bbox 403 2114 602 2165; x_wconf 86' lang='lat' dir='ltr'>singulari</span> <span class='ocrx_word' id='word_1_282' title='bbox 624 2115 670 2152; x_wconf 90' lang='lat' dir='ltr'>in</span> <span class='ocrx_word' id='word_1_283' title='bbox 698 2127 766 2152; x_wconf 90' lang='lat' dir='ltr'>me</span> <span class='ocrx_word' id='word_1_284' title='bbox 792 2112 1079 2152; x_wconf 90' lang='lat' dir='ltr'>beneuolentia</span> <span class='ocrx_word' id='word_1_285' title='bbox 1103 2113 1212 2152; x_wconf 90' lang='lat' dir='ltr'>Baro</span> <span class='ocrx_word' id='word_1_286' title='bbox 1240 2113 1418 2152; x_wconf 89' lang='lat' dir='ltr'>illustris</span> <span class='ocrx_word' id='word_1_287' title='bbox 1441 2114 1678 2163; x_wconf 88' lang='lat' dir='ltr'>Montioius,</span> <span class='ocrx_word' id='word_1_288' title='bbox 1703 2117 1745 2154; x_wconf 89' lang='lat' dir='ltr'>et</span> <span class='ocrx_word' id='word_1_289' title='bbox 1769 2115 1858 2163; x_wconf 82' lang='lat' dir='ltr'>tibi,</span> 
     </span>
     <span class='ocr_line' id='line_1_32' title="bbox 266 2178 1861 2231; baseline 0 -12"><span class='ocrx_word' id='word_1_290' title='bbox 266 2184 311 2218; x_wconf 92' lang='lat' dir='ltr'>vt</span> <span class='ocrx_word' id='word_1_291' title='bbox 340 2180 431 2228; x_wconf 74' lang='lat' dir='ltr'>sqis,</span> <span class='ocrx_word' id='word_1_292' title='bbox 454 2182 539 2219; x_wconf 91' lang='lat' dir='ltr'>toto</span> <span class='ocrx_word' id='word_1_293' title='bbox 564 2181 726 2229; x_wconf 83' lang='lat' dir='ltr'>pectore</span> <span class='ocrx_word' id='word_1_294' title='bbox 755 2178 930 2217; x_wconf 89' lang='lat' dir='ltr'>deditus.</span> <span class='ocrx_word' id='word_1_295' title='bbox 991 2178 1211 2216; x_wconf 89' lang='lat' dir='ltr'>Praetereo</span> <span class='ocrx_word' id='word_1_296' title='bbox 1239 2178 1506 2217; x_wconf 83' lang='lat' dir='ltr'>Tunstallum</span> <span class='ocrx_word' id='word_1_297' title='bbox 1533 2182 1574 2218; x_wconf 90' lang='lat' dir='ltr'>et</span> <span class='ocrx_word' id='word_1_298' title='bbox 1601 2180 1709 2219; x_wconf 90' lang='lat' dir='ltr'>comi</span> <span class='ocrx_word' id='word_1_299' title='bbox 1728 2181 1861 2231; x_wconf 86' lang='lat' dir='ltr'>graui-</span> 
     </span>
     <span class='ocr_line' id='line_1_33' title="bbox 267 2243 1862 2297; baseline 0.001 -13"><span class='ocrx_word' id='word_1_300' title='bbox 267 2248 351 2284; x_wconf 83' lang='lat' dir='ltr'>tate</span> <span class='ocrx_word' id='word_1_301' title='bbox 374 2248 416 2284; x_wconf 90' lang='lat' dir='ltr'>et</span> <span class='ocrx_word' id='word_1_302' title='bbox 442 2258 532 2284; x_wconf 84' lang='lat' dir='ltr'>rara</span> <span class='ocrx_word' id='word_1_303' title='bbox 555 2244 742 2284; x_wconf 87' lang='lat' dir='ltr'>doctrina</span> <span class='ocrx_word' id='word_1_304' title='bbox 770 2245 921 2283; x_wconf 90' lang='lat' dir='ltr'>virum.</span> <span class='ocrx_word' id='word_1_305' title='bbox 982 2243 1043 2281; x_wconf 94' lang='lat' dir='ltr'>De</span> <span class='ocrx_word' id='word_1_306' title='bbox 1073 2244 1203 2282; x_wconf 86' lang='lat' dir='ltr'>Paceo</span> <span class='ocrx_word' id='word_1_307' title='bbox 1230 2244 1338 2282; x_wconf 90' lang='lat' dir='ltr'>nihil</span> <span class='ocrx_word' id='word_1_308' title='bbox 1368 2245 1538 2295; x_wconf 87' lang='lat' dir='ltr'>quidem</span> <span class='ocrx_word' id='word_1_309' title='bbox 1567 2247 1628 2284; x_wconf 88' lang='lat' dir='ltr'>est</span> <span class='ocrx_word' id='word_1_310' title='bbox 1655 2247 1764 2296; x_wconf 85' lang='lat' dir='ltr'>quod</span> <span class='ocrx_word' id='word_1_311' title='bbox 1788 2259 1862 2297; x_wconf 81' lang='lat' dir='ltr'>ego</span> 
     </span>
    </p>

    <p class='ocr_par' dir='ltr' id='par_1_10' title="bbox 205 2309 1863 2620">
     <span class='ocr_line' id='line_1_34' title="bbox 205 2309 1861 2360; baseline 0.001 -11"><span class='ocrx_word' id='word_1_312' title='bbox 205 2324 250 2354; x_wconf 84' lang='lat'>40</span> <span class='ocrx_word' id='word_1_313' title='bbox 267 2312 449 2359; x_wconf 87' lang='lat' dir='ltr'>referam,</span> <span class='ocrx_word' id='word_1_314' title='bbox 480 2324 575 2349; x_wconf 91' lang='lat' dir='ltr'>cum</span> <span class='ocrx_word' id='word_1_315' title='bbox 604 2312 764 2360; x_wconf 90' lang='lat' dir='ltr'>praeter</span> <span class='ocrx_word' id='word_1_316' title='bbox 793 2309 1066 2348; x_wconf 82' lang='lat' dir='ltr'>excellentem</span> <span class='ocrx_word' id='word_1_317' title='bbox 1091 2309 1181 2347; x_wconf 90' lang='lat' dir='ltr'>eius</span> <span class='ocrx_word' id='word_1_318' title='bbox 1207 2309 1485 2348; x_wconf 88' lang='lat' dir='ltr'>eruditionem</span> <span class='ocrx_word' id='word_1_319' title='bbox 1513 2312 1630 2349; x_wconf 88' lang='lat' dir='ltr'>tanta</span> <span class='ocrx_word' id='word_1_320' title='bbox 1655 2311 1708 2349; x_wconf 88' lang='lat' dir='ltr'>sit</span> <span class='ocrx_word' id='word_1_321' title='bbox 1735 2311 1861 2350; x_wconf 85' lang='lat' dir='ltr'>etiam</span> 
     </span>
     <span class='ocr_line' id='line_1_35' title="bbox 267 2374 1863 2425; baseline 0 -11"><span class='ocrx_word' id='word_1_322' title='bbox 267 2377 312 2414; x_wconf 90' lang='lat' dir='ltr'>in</span> <span class='ocrx_word' id='word_1_323' title='bbox 345 2389 489 2414; x_wconf 88' lang='lat' dir='ltr'>omnes</span> <span class='ocrx_word' id='word_1_324' title='bbox 522 2375 792 2422; x_wconf 88' lang='lat' dir='ltr'>humanitate,</span> <span class='ocrx_word' id='word_1_325' title='bbox 825 2377 872 2413; x_wconf 80' lang='lat' dir='ltr'>vt</span> <span class='ocrx_word' id='word_1_326' title='bbox 904 2374 1070 2413; x_wconf 76' lang='lat' dir='ltr'>homine</span> <span class='ocrx_word' id='word_1_327' title='bbox 1108 2374 1216 2412; x_wconf 88' lang='lat' dir='ltr'>nihil</span> <span class='ocrx_word' id='word_1_328' title='bbox 1251 2375 1381 2423; x_wconf 89' lang='lat' dir='ltr'>possit</span> <span class='ocrx_word' id='word_1_329' title='bbox 1418 2375 1553 2425; x_wconf 89' lang='lat' dir='ltr'>optari</span> <span class='ocrx_word' id='word_1_330' title='bbox 1585 2375 1754 2414; x_wconf 89' lang='lat' dir='ltr'>suauius</span> <span class='ocrx_word' id='word_1_331' title='bbox 1790 2380 1863 2414; x_wconf 91' lang='lat' dir='ltr'>aut</span> 
     </span>
     <span class='ocr_line' id='line_1_36' title="bbox 266 2438 1862 2490; baseline -0.001 -11"><span class='ocrx_word' id='word_1_332' title='bbox 266 2440 493 2480; x_wconf 87' lang='lat' dir='ltr'>mellitius:</span> <span class='ocrx_word' id='word_1_333' title='bbox 522 2453 644 2490; x_wconf 87' lang='lat' dir='ltr'>quem</span> <span class='ocrx_word' id='word_1_334' title='bbox 670 2454 744 2490; x_wconf 87' lang='lat' dir='ltr'>ego</span> <span class='ocrx_word' id='word_1_335' title='bbox 763 2441 922 2490; x_wconf 90' lang='lat' dir='ltr'>praeter</span> <span class='ocrx_word' id='word_1_336' title='bbox 939 2439 1042 2478; x_wconf 91' lang='lat' dir='ltr'>alios</span> <span class='ocrx_word' id='word_1_337' title='bbox 1060 2438 1122 2487; x_wconf 85' lang='lat' dir='ltr'>(vt</span> <span class='ocrx_word' id='word_1_338' title='bbox 1142 2451 1253 2477; x_wconf 88' lang='lat' dir='ltr'>nunc</span> <span class='ocrx_word' id='word_1_339' title='bbox 1273 2442 1335 2477; x_wconf 89' lang='lat' dir='ltr'>est</span> <span class='ocrx_word' id='word_1_340' title='bbox 1354 2439 1481 2477; x_wconf 89' lang='lat' dir='ltr'>etiam</span> <span class='ocrx_word' id='word_1_341' title='bbox 1500 2440 1540 2477; x_wconf 92' lang='lat' dir='ltr'>et</span> <span class='ocrx_word' id='word_1_342' title='bbox 1560 2439 1667 2489; x_wconf 91' lang='lat' dir='ltr'>apud</span> <span class='ocrx_word' id='word_1_343' title='bbox 1688 2440 1862 2490; x_wconf 86' lang='lat' dir='ltr'>Regiam</span> 
     </span>
     <span class='ocr_line' id='line_1_37' title="bbox 267 2503 1863 2555; baseline 0 -11"><span class='ocrx_word' id='word_1_344' title='bbox 267 2507 521 2544; x_wconf 86' lang='lat' dir='ltr'>maiestatem</span> <span class='ocrx_word' id='word_1_345' title='bbox 536 2507 575 2543; x_wconf 89' lang='lat' dir='ltr'>et</span> <span class='ocrx_word' id='word_1_346' title='bbox 588 2505 694 2554; x_wconf 88' lang='lat' dir='ltr'>apud</span> <span class='ocrx_word' id='word_1_347' title='bbox 707 2503 1103 2543; x_wconf 89' lang='lat' dir='ltr'>reuerendissimum</span> <span class='ocrx_word' id='word_1_348' title='bbox 1116 2503 1378 2542; x_wconf 87' lang='lat' dir='ltr'>Cardinalem</span> <span class='ocrx_word' id='word_1_349' title='bbox 1394 2504 1631 2542; x_wconf 90' lang='lat' dir='ltr'>autoritatis</span> <span class='ocrx_word' id='word_1_350' title='bbox 1642 2505 1863 2555; x_wconf 85' lang='lat' dir='ltr'>maximae)</span> 
     </span>
     <span class='ocr_line' id='line_1_38' title="bbox 267 2568 1863 2620; baseline 0.001 -12"><span class='ocrx_word' id='word_1_351' title='bbox 267 2571 457 2617; x_wconf 87' lang='lat' dir='ltr'>amicum,</span> <span class='ocrx_word' id='word_1_352' title='bbox 480 2572 702 2620; x_wconf 89' lang='lat' dir='ltr'>patronum</span> <span class='ocrx_word' id='word_1_353' title='bbox 728 2571 768 2607; x_wconf 89' lang='lat' dir='ltr'>et</span> <span class='ocrx_word' id='word_1_354' title='bbox 795 2569 1040 2607; x_wconf 88' lang='lat' dir='ltr'>aduocatum</span> <span class='ocrx_word' id='word_1_355' title='bbox 1068 2568 1210 2606; x_wconf 79' lang='lat' dir='ltr'>habeo.</span> <span class='ocrx_word' id='word_1_356' title='bbox 1271 2568 1365 2606; x_wconf 88' lang='lat' dir='ltr'>Non</span> <span class='ocrx_word' id='word_1_357' title='bbox 1393 2581 1467 2617; x_wconf 86' lang='lat' dir='ltr'>par</span> <span class='ocrx_word' id='word_1_358' title='bbox 1495 2570 1557 2606; x_wconf 91' lang='lat' dir='ltr'>est</span> <span class='ocrx_word' id='word_1_359' title='bbox 1586 2571 1727 2608; x_wconf 90' lang='lat' dir='ltr'>autem</span> <span class='ocrx_word' id='word_1_360' title='bbox 1753 2583 1863 2620; x_wconf 89' lang='lat' dir='ltr'>prae·</span> 
     </span>
    </p>

    <p class='ocr_par' dir='ltr' id='par_1_11' title="bbox 207 2630 1862 2747">
     <span class='ocr_line' id='line_1_39' title="bbox 207 2630 1862 2681; baseline 0.001 -11"><span class='ocrx_word' id='word_1_361' title='bbox 207 2647 248 2677; x_wconf 74' lang='lat'>45</span> <span class='ocrx_word' id='word_1_362' title='bbox 268 2633 387 2670; x_wconf 88' lang='lat' dir='ltr'>terire</span> <span class='ocrx_word' id='word_1_363' title='bbox 410 2633 575 2670; x_wconf 88' lang='lat' dir='ltr'>Morum</span> <span class='ocrx_word' id='word_1_364' title='bbox 600 2634 799 2679; x_wconf 88' lang='lat' dir='ltr'>nostrum,</span> <span class='ocrx_word' id='word_1_365' title='bbox 822 2631 889 2669; x_wconf 88' lang='lat' dir='ltr'>vel</span> <span class='ocrx_word' id='word_1_366' title='bbox 912 2630 1050 2681; x_wconf 86' lang='lat' dir='ltr'>potius</span> <span class='ocrx_word' id='word_1_367' title='bbox 1073 2630 1287 2677; x_wconf 86' lang='lat' dir='ltr'>omnium;</span> <span class='ocrx_word' id='word_1_368' title='bbox 1317 2630 1389 2680; x_wconf 89' lang='lat' dir='ltr'>qui</span> <span class='ocrx_word' id='word_1_369' title='bbox 1415 2633 1621 2680; x_wconf 89' lang='lat' dir='ltr'>quantum</span> <span class='ocrx_word' id='word_1_370' title='bbox 1645 2632 1779 2671; x_wconf 88' lang='lat' dir='ltr'>valeat</span> <span class='ocrx_word' id='word_1_371' title='bbox 1797 2633 1862 2671; x_wconf 86' lang='lat' dir='ltr'>vel</span> 
     </span>
     <span class='ocr_line' id='line_1_40' title="bbox 267 2695 1861 2747; baseline 0.001 -12"><span class='ocrx_word' id='word_1_372' title='bbox 267 2697 497 2735; x_wconf 88' lang='lat' dir='ltr'>eruditione</span> <span class='ocrx_word' id='word_1_373' title='bbox 534 2696 600 2735; x_wconf 87' lang='lat' dir='ltr'>vel</span> <span class='ocrx_word' id='word_1_374' title='bbox 638 2696 793 2747; x_wconf 85' lang='lat' dir='ltr'>ingenii</span> <span class='ocrx_word' id='word_1_375' title='bbox 826 2696 1065 2744; x_wconf 70' lang='lat' dir='ltr'>fesffluitate,</span> <span class='ocrx_word' id='word_1_376' title='bbox 1100 2695 1313 2734; x_wconf 90' lang='lat' dir='ltr'>neminem</span> <span class='ocrx_word' id='word_1_377' title='bbox 1351 2696 1492 2745; x_wconf 86' lang='lat' dir='ltr'>fugere</span> <span class='ocrx_word' id='word_1_378' title='bbox 1522 2698 1659 2745; x_wconf 88' lang='lat' dir='ltr'>potest</span> <span class='ocrx_word' id='word_1_379' title='bbox 1689 2697 1760 2747; x_wconf 88' lang='lat' dir='ltr'>qui</span> <span class='ocrx_word' id='word_1_380' title='bbox 1797 2698 1861 2736; x_wconf 88' lang='lat' dir='ltr'>vel</span> 
     </span>
    </p>
   </div>
   <div class='ocr_carea' id='block_1_3' title="bbox 383 2814 1747 2854">
    <p class='ocr_par' dir='ltr' id='par_1_12' title="bbox 383 2814 1747 2854">
     <span class='ocr_line' id='line_1_41' title="bbox 383 2814 1747 2854; baseline 0.002 -11"><span class='ocrx_word' id='word_1_381' title='bbox 383 2816 434 2846; x_wconf 84' lang='lat'>26.</span> <span class='ocrx_word' id='word_1_382' title='bbox 458 2815 590 2854; x_wconf 86' lang='lat' dir='ltr'>poterit</span> <span class='ocrx_word' id='word_1_383' title='bbox 606 2816 716 2844; x_wconf 89' lang='lat' dir='ltr'><strong><em>DLB:</em></strong></span> <span class='ocrx_word' id='word_1_384' title='bbox 742 2814 860 2854; x_wconf 88' lang='lat' dir='ltr'>potuit</span> <span class='ocrx_word' id='word_1_385' title='bbox 876 2816 972 2845; x_wconf 77' lang='lat' dir='ltr'>Lond.</span> <span class='ocrx_word' id='word_1_386' title='bbox 1107 2823 1158 2852; x_wconf 85' lang='lat'>30.</span> <span class='ocrx_word' id='word_1_387' title='bbox 1187 2814 1281 2843; x_wconf 78' lang='lat' dir='ltr'>certe</span> <span class='ocrx_word' id='word_1_388' title='bbox 1297 2815 1332 2843; x_wconf 87' lang='lat' dir='ltr'>F.</span> <span class='ocrx_word' id='word_1_389' title='bbox 1470 2823 1522 2852; x_wconf 88' lang='lat'>41.</span> <span class='ocrx_word' id='word_1_390' title='bbox 1550 2815 1690 2846; x_wconf 90' lang='lat' dir='ltr'>homini</span> <span class='ocrx_word' id='word_1_391' title='bbox 1706 2818 1747 2847; x_wconf 92' lang='lat' dir='ltr'>N.</span> 
     </span>
    </p>
   </div>
   <div class='ocr_carea' id='block_1_4' title="bbox 312 2928 1862 3017">
    <p class='ocr_par' dir='ltr' id='par_1_13' title="bbox 312 2928 1862 3017">
     <span class='ocr_line' id='line_1_42' title="bbox 317 2928 1862 2971; baseline 0.003 -13"><span class='ocrx_word' id='word_1_392' title='bbox 317 2940 364 2968; x_wconf 82' lang='lat'>13.</span> <span class='ocrx_word' id='word_1_393' title='bbox 393 2928 522 2968; x_wconf 75' lang='lat' dir='ltr'>literis]</span> <span class='ocrx_word' id='word_1_394' title='bbox 541 2929 602 2968; x_wconf 88' lang='lat' dir='ltr'>Ep.</span> <span class='ocrx_word' id='word_1_395' title='bbox 625 2938 696 2967; x_wconf 84' lang='lat'>755.</span> <span class='ocrx_word' id='word_1_396' title='bbox 716 2938 767 2966; x_wconf 83' lang='lat'>31.</span> <span class='ocrx_word' id='word_1_397' title='bbox 1143 2937 1195 2966; x_wconf 85' lang='lat'>45.</span> <span class='ocrx_word' id='word_1_398' title='bbox 1223 2928 1378 2968; x_wconf 84' lang='lat' dir='ltr'>Morum]</span> <span class='ocrx_word' id='word_1_399' title='bbox 1404 2929 1556 2960; x_wconf 84' lang='lat' dir='ltr'>Thomas</span> <span class='ocrx_word' id='word_1_400' title='bbox 1584 2929 1714 2970; x_wconf 87' lang='lat' dir='ltr'>Morus,</span> <span class='ocrx_word' id='word_1_401' title='bbox 1744 2931 1862 2971; x_wconf 75' lang='lat' dir='ltr'>regius</span> 
     </span>
     <span class='ocr_line' id='line_1_43' title="bbox 312 2972 1561 3017; baseline 0.002 -15"><span class='ocrx_word' id='word_1_402' title='bbox 312 2983 363 3011; x_wconf 81' lang='lat'>42.</span> <span class='ocrx_word' id='word_1_403' title='bbox 390 2972 501 3012; x_wconf 84' lang='lat' dir='ltr'>nunc]</span> <span class='ocrx_word' id='word_1_404' title='bbox 521 2972 572 3003; x_wconf 85' lang='lat' dir='ltr'>Cf.</span> <span class='ocrx_word' id='word_1_405' title='bbox 591 2972 652 3011; x_wconf 86' lang='lat' dir='ltr'>Ep.</span> <span class='ocrx_word' id='word_1_406' title='bbox 676 2974 746 3017; x_wconf 73' lang='lat'><strong>706.</strong></span> <span class='ocrx_word' id='word_1_407' title='bbox 767 2981 806 3010; x_wconf 87' lang='lat'>27</span> <span class='ocrx_word' id='word_1_408' title='bbox 827 2981 858 3002; x_wconf 89' lang='lat' dir='ltr'>n.</span> <span class='ocrx_word' id='word_1_409' title='bbox 1101 2972 1319 3003; x_wconf 84' lang='lat' dir='ltr'>secretarius.</span> <span class='ocrx_word' id='word_1_410' title='bbox 1363 2972 1394 3002; x_wconf 94' lang='lat' dir='ltr'>D</span> <span class='ocrx_word' id='word_1_411' title='bbox 1410 2975 1446 3002; x_wconf 75' lang='lat' dir='ltr'>in</span> <span class='ocrx_word' id='word_1_412' title='bbox 1463 2983 1561 3011; x_wconf 73' lang='lat' dir='ltr'>mary.</span> 
     </span>
    </p>
   </div>
  </div>
 </body>
</html>
