2034 3433
323 161 378 200 28
787 164 1037 204 LETTERS
1075 164 1144 203 or
1180 165 1444 204 ERASMUS
1783 162 1906 217 [1517

322 265 553 306 scribendis
579 267 700 307 libris
724 268 957 319 praeuisore
983 267 1115 305 vtitur
1141 266 1367 316 Egnatius:
1401 268 1472 318 qui
1497 281 1564 306 me
1591 267 1736 306 ordine
1761 268 1905 306 saluta-

320 333 430 370 runt.
482 333 714 372 Productus
729 336 790 372 est
807 333 931 371 etiam
947 332 1086 370 infans
1101 331 1283 371 Aldinus
1302 334 1343 371 et
1361 333 1498 372 iussus
1513 333 1651 371 osculo
1669 331 1908 371 Huttenum

321 397 513 447 accipere.
572 399 746 437 Munera
779 398 925 436 deinde
960 398 1108 445 oblata,
1136 397 1357 437 Suetonius
1383 396 1462 451 [et]
1489 398 1639 449 quique
1667 400 1760 447 post
1785 398 1908 436 illum

261 474 304 505 45
322 462 430 502 vitas
460 464 679 502 Caesarum
712 464 980 513 scripserunt,
1011 463 1073 501 De
1107 463 1249 502 officiis
1283 464 1382 502 libri
1412 465 1630 513 Ciceronis,
1663 466 1705 503 et
1738 463 1910 514 Egnacii

323 528 512 567 Caesares
546 542 677 578 nuper
709 530 820 577 editi,
855 529 1027 578 dataque
1061 529 1174 578 optio
1207 530 1305 579 quid
1337 530 1487 570 vellem
1519 534 1739 582 praeterea.
1800 530 1910 568 Deos

320 607 467 632 omnes
495 595 651 642 adiuro,
685 595 924 632 charissime
952 594 1133 642 Erasme,
1166 594 1366 634 maiorem
1395 596 1699 636 humanitatem
1730 609 1815 634 non
1845 595 1909 633 in-

320 659 493 706 uenisse,
537 660 575 698 si
621 659 760 697 orbem
807 659 1150 709 peregrinationis
1196 673 1312 698 meae
1357 663 1548 700 retexam.
1622 662 1812 701 Venetiis
1858 661 1909 698 ad

323 726 550 763 Germanos
584 727 747 763 nostros
778 725 906 772 redii;
935 738 1110 774 cumque
1150 726 1383 775 Augustam
1419 727 1683 776 appulissem,
1725 727 1768 765 in
1807 726 1909 764 Peu-

260 801 303 832 50
322 789 540 839 tingerum,
577 790 777 828 Iacobum
811 789 981 840 Spighel
1015 793 1057 828 et
1090 791 1280 829 Stabium
1313 791 1656 830 mathematicum
1693 791 1832 838 incidi,
1868 792 1910 828 et

320 855 542 903 productus
570 855 621 892 ab
649 854 735 893 illis
762 855 813 893 ad
843 855 1066 905 Caesarem,
1090 869 1239 895 corona
1263 856 1422 907 poetica
1450 856 1496 894 in
1525 869 1675 906 magno
1703 856 1909 894 nobilium

318 922 524 957 conuentu
543 919 721 958 donatus
739 933 847 959 sum.

375 984 478 1022 Ecce
497 984 576 1022 tibi
594 985 764 1024 annales
782 999 907 1034 meos,
929 1000 1041 1025 nunc
1060 987 1112 1025 ad
1138 987 1228 1026 alia.
1287 986 1389 1025 Vidi
1409 987 1577 1025 Nouum
1596 987 1910 1024 Testamentum

319 1063 394 1088 suo
422 1050 496 1088 abs
523 1052 565 1088 te
593 1050 801 1100 splendori
829 1052 1066 1100 redditum3
1094 1052 1193 1099 vidi,
1215 1052 1398 1102 inquam,
1424 1054 1465 1091 et
1494 1051 1766 1091 honorificam
1794 1051 1910 1089 illam

262 1128 301 1158 55
321 1115 369 1152 de
401 1128 468 1153 me
498 1114 580 1165 legi
609 1116 878 1155 mentionem.
948 1117 1106 1166 Quaeso
1140 1117 1238 1167 quid
1270 1121 1309 1156 te
1343 1118 1478 1156 mouit
1511 1117 1618 1156 tanti
1648 1117 1779 1155 facere
1811 1118 1911 1155 me‘?

319 1181 408 1218 Aut
434 1180 532 1229 quid
559 1181 731 1219 omnino
759 1185 846 1220 erat
872 1182 917 1220 in
943 1196 1009 1221 me
1035 1183 1117 1221 tale
1141 1185 1188 1221 vt
1211 1183 1386 1233 dignum
1415 1183 1581 1221 duceres
1607 1184 1679 1221 tuo
1704 1182 1911 1231 precone?

319 1246 638 1284 Humanissime
657 1247 838 1297 Erasme,
858 1261 984 1298 quam
1002 1249 1156 1287 videris
1173 1261 1311 1287 amare
1327 1249 1565 1287 Huttenum
1580 1250 1588 1287 1
1618 1248 1691 1298 qui
1709 1250 1750 1286 te
1769 1249 1911 1286 tamen

319 1310 435 1348 nullo
451 1324 634 1360 vnquam
654 1313 801 1351 merito
818 1313 1046 1352 obnoxium
1060 1313 1142 1352 sibi
1158 1315 1350 1352 reddidit.
1398 1317 1407 1334 ‘
1420 1314 1532 1352 Pene
1551 1313 1658 1352 mihi
1678 1311 1911 1361 exciderat,’

319 1377 471 1426 inquis.
528 1377 589 1416 Ne
621 1378 657 1416 si
690 1379 767 1417 tibi
803 1380 1057 1429 excidissem,
1092 1382 1192 1418 tunc
1228 1394 1302 1430 ego
1340 1381 1455 1418 omni
1491 1378 1619 1418 semel
1656 1377 1910 1428 posteritatis

259 1444 303 1475 60
321 1443 547 1492 cognitioni
575 1445 828 1484 excidissem.
886 1446 958 1484 Dii
983 1448 1024 1484 te
1053 1446 1175 1485 nobis
1203 1448 1381 1494 seruent,
1410 1445 1483 1484 lux
1510 1444 1769 1491 Germaniae,
1790 1457 1834 1482 ac
1860 1445 1908 1482 tu

319 1507 453 1557 cogita
482 1522 533 1547 ne
564 1523 737 1560 vsquam
770 1524 857 1550 esse
887 1511 1009 1549 malis
1041 1524 1165 1560 quam
1197 1511 1242 1549 in
1272 1513 1343 1549 tua
1374 1510 1604 1550 Germania.
1653 1508 1910 1547 Caecutiunt

318 1573 525 1623 principes
544 1575 687 1620 nostri,
706 1576 776 1613 sed
796 1578 846 1624 te,
871 1578 983 1625 puto,
1006 1576 1204 1614 videbunt
1223 1578 1309 1614 tam
1329 1576 1500 1625 clarum,
1522 1577 1609 1614 tam
1628 1574 1906 1624 splendidum.

321 1637 382 1676 De
411 1652 479 1677 me
507 1640 606 1678 satis
636 1654 721 1679 non
751 1641 834 1680 scio
865 1642 963 1692 quid
995 1642 1076 1681 fiet.
1136 1643 1237 1680 Tres
1263 1642 1345 1681 viri
1374 1655 1476 1692 quos
1505 1641 1713 1692 praefatus
1741 1653 1835 1678 sum
1863 1641 1909 1678 in

319 1705 457 1743 aulam
477 1705 660 1744 Caesaris
679 1707 871 1756 inuitant,
893 1707 1041 1746 multis
1056 1708 1153 1746 inde
1168 1707 1498 1746 retrahentibus:
1527 1706 1654 1758 aliqui
1673 1706 1724 1744 ad
1741 1705 1908 1756 Magun-

257 1774 299 1814 65
318 1769 467 1808 tinum.
527 1771 635 1818 Quid
654 1784 799 1821 sequar
817 1773 1003 1812 nondum
1023 1773 1158 1812 statui.
1219 1773 1272 1811 In
1291 1786 1465 1821 summa,
1489 1772 1547 1811 ita
1573 1786 1639 1811 me
1664 1771 1723 1809 dii
1741 1774 1910 1810 seruent

319 1836 443 1884 atque
479 1835 537 1873 ita
576 1837 621 1873 tu
658 1849 732 1886 pro
773 1838 986 1876 communi
1025 1838 1326 1876 Germanorum
1361 1838 1490 1886 gloria
1522 1836 1755 1875 diutissime
1789 1835 1909 1874 nobis

319 1900 510 1949 supersis,
550 1901 674 1939 sicuti
714 1902 821 1940 nulli
859 1915 944 1941 non
980 1902 1208 1941 conditioni
1244 1903 1549 1952 praepositurus
1587 1915 1691 1950 sum,
1726 1901 1764 1941 si
1800 1901 1909 1940 mihi

319 1968 456 2004 tecum
493 1980 581 2005 esse
617 1967 750 2016 liceat,
786 1971 833 2007 vt
869 1969 975 2007 illud
1013 1969 1198 2007 excolam
1233 1969 1451 2019 ingenium
1488 1969 1598 2019 quod
1635 1969 1794 2018 placere
1830 1967 1910 2006 tibi

319 2031 494 2069 videtur.
565 2032 610 2070 Si
646 2033 771 2071 habes
809 2034 1039 2081 consilium,
1074 2034 1242 2084 explica.
1311 2036 1548 2084 Augustam
1585 2034 1661 2072 has
1697 2033 1820 2072 mitto
1857 2032 1908 2071 ad

262 2110 302 2143 70
321 2097 518 2135 Iacobum
552 2098 724 2148 Spiegel,
758 2100 829 2150 qui
861 2113 903 2138 se
933 2100 991 2138 ait
1021 2100 1256 2149 frequentes
1285 2100 1336 2138 ad
1370 2101 1411 2139 te
1439 2100 1620 2139 viatores
1649 2100 1822 2138 habere:
1859 2112 1908 2138 eo

319 2163 516 2203 rescribes
535 2165 651 2203 mihi.
711 2166 836 2204 Dedit
854 2168 894 2204 et
920 2165 1111 2215 Baptista
1136 2166 1308 2213 litteras,
1331 2179 1435 2213 quae
1458 2165 1586 2204 simul
1610 2166 1723 2204 eunt.
1781 2165 1910 2204 Vides

319 2230 420 2279 quid
435 2230 538 2269 velit
555 2231 607 2269 ad
627 2233 742 2270 tuam
763 2232 991 2282 epistolam,
1012 2245 1249 2282 quanquam
1269 2232 1488 2281 magnifica
1506 2231 1641 2282 magis
1659 2232 1821 2270 locutus
1839 2232 1906 2270 sit.

373 2297 436 2335 Tu
464 2297 555 2335 vale
582 2311 628 2336 ac
656 2298 884 2337 rectissime
912 2297 1003 2337 vale
1028 2301 1070 2336 et
1097 2301 1219 2336 tuum
1247 2297 1487 2337 Huttenum
1511 2311 1649 2336 amare
1675 2311 1727 2336 ne
1753 2298 1904 2346 desine,

318 2364 568 2410 rumpantur
582 2364 628 2400 vt
646 2362 716 2401 ilia
735 2363 929 2402 Obscuris
948 2363 1074 2411 viris3
1103 2362 1175 2413 qui
1194 2363 1278 2401 iam
1297 2377 1376 2413 qua
1396 2376 1471 2402 nos
1489 2363 1905 2412 excommunicamur,

261 2437 300 2471 75
320 2426 533 2475 ingentem
551 2427 851 2467 circumferunt
870 2428 1038 2467 bullam.
1090 2429 1203 2466 Bene
1222 2428 1383 2467 bullam
1398 2443 1408 2477 ;
1437 2428 1537 2479 quid
1555 2428 1670 2466 enim
1689 2428 1905 2476 tumidius,

362 2519 415 2556 46.
441 2517 607 2549 Caesares
621 2522 695 2551 add.
712 2518 757 2551 αἳ.
867 2531 918 2560 49.
948 2520 1204 2560 Pentingerum
1219 2531 1249 2551 α.
1349 2522 1406 2553 61.
1428 2530 1504 2552 esse
1520 2519 1626 2552 malis
1641 2530 1749 2560 quam
1764 2523 1838 2552 add.
1858 2519 1904 2553 αἳ.

317 2563 371 2601 69.
396 2561 596 2601 Angustam
611 2574 640 2594 α.
776 2574 826 2603 75.
849 2565 946 2595 Bene
961 2564 1096 2595 bullam
1112 2567 1187 2596 add.
1207 2563 1250 2595 αἳ.

364 2671 417 2700 43.
442 2661 563 2692 infans
577 2661 751 2702 Aldinus]
768 2663 858 2694 Paul
879 2663 1088 2702 Manutius3
1189 2672 1243 2702 55.
1268 2662 1510 2704 mentionem]
1527 2663 1580 2695 Cf.
1592 2663 1655 2704 Ep.
1679 2666 1742 2704 365
1766 2663 1900 2695 introd.

322 2714 377 2735 see
395 2705 457 2744 Ep.
474 2706 547 2744 589.
565 2715 607 2744 55
630 2715 665 2736 n.
1188 2708 1240 2745 63.
1268 2707 1352 2737 Tres
1368 2706 1452 2747 viri]
1471 2707 1523 2738 Cf.
1542 2708 1579 2738 ll.
1596 2718 1647 2748 49,
1663 2717 1718 2746 50.
1765 2702 1780 2716 ⁶

364 2759 416 2786 44.
442 2748 651 2790 Suetonius]
668 2749 817 2789 printed
833 2750 880 2790 by
895 2751 959 2781 the
984 2749 1077 2789 firm,
1188 2752 1243 2788 64.
1267 2750 1538 2792 Maguntinum]
1592 2752 1685 2791 Abp.
1745 2751 1875 2783 Albert
1895 2761 1905 2791 ς

319 2792 411 2830 Aug.
430 2792 523 2830 1516.
1145 2803 1203 2824 see
1219 2803 1252 2832 p.
1265 2794 1318 2832 84.

364 2844 414 2872 45.
439 2833 745 2876 ciceronis]‘June
764 2845 855 2874 1517.
1190 2846 1241 2875 71.
1267 2836 1421 2875 litteras]
1438 2836 1501 2876 Ep.
1515 2838 1591 2876 588.

363 2880 415 2915 46.
440 2878 619 2919 Caesares]
636 2878 689 2910 Cf.
706 2879 767 2918 Ep.
786 2880 862 2917 588.
879 2889 920 2918 55
932 2889 966 2911 n.
1190 2889 1241 2918 72.
1269 2880 1458 2919 magnifica
1473 2881 1599 2922 magis]
1617 2881 1679 2921 Ep.
1697 2882 1773 2921 588.
1793 2882 1864 2912 1-6.

364 2930 416 2959 51.
442 2931 570 2952 corona
615 2922 767 2962 poetica]
824 2923 1080 2953 Maximilian's
1190 2932 1241 2962 75.
1269 2923 1423 2963 bullam]
1462 2924 1502 2955 of
1549 2934 1587 2964 15
1626 2925 1750 2956 March
1791 2934 1871 2964 1517
1893 2935 1903 2955 t

319 2964 488 3003 diploma,
514 2964 589 2995 HE.
612 2975 667 3004 57,
691 2966 723 2996 is
749 2966 856 2997 dated
879 2968 1076 3007 Augsburg,
1144 2965 1290 3006 printed
1308 2967 1401 2997 with
1415 2967 1477 3000 No.
1496 2969 1517 2998 6
1534 2969 1571 2999 of
1584 2969 1645 2999 the
1664 2972 1801 3000 Lament.
1820 2970 1903 3000 Obsc-

321 3017 361 3039 12
376 3007 463 3047 July
482 3017 573 3047 1517.
1149 3011 1214 3041 Vir.
1231 3010 1305 3051 (see
1321 3010 1386 3050 Ep.
1404 3011 1493 3053 622).
1539 3011 1592 3044 Cf.
1609 3011 1673 3052 Ep.
1689 3012 1765 3043 808.
