2034 3433
148 167 243 222 715]
672 169 743 208 rro
780 169 966 208 PETER
1007 168 1209 208 GILLEs
1661 170 1736 208 147

148 274 322 313 feliciter
359 286 659 322 consenescere,
696 276 738 312 et
767 287 816 312 ex
847 273 1020 323 optimis
1052 272 1193 311 liberis
1225 271 1561 312 honestissimam
1600 286 1739 322 capere

148 340 417 390 voluptatem.
477 339 591 378 Bene
620 338 722 386 vale,
754 338 885 377 amice
913 337 1260 387 incomparabilis.

201 405 391 444 Louanii.
452 403 593 457 [Anno
613 401 816 456 M.1).X1x.]

579 553 731 594 ⁷⁰⁹716.
793 553 856 593 To
887 552 1036 593 JAMES
1069 552 1298 594 BANISIUS.

193 628 360 672 Farrago
378 639 413 673 p.
436 627 513 670 167.
1433 625 1611 662 Louvain.

192 685 231 720 F.
250 698 285 730 p.
305 696 394 730 309:
423 685 513 720 HN:
543 684 655 720 Lond.
673 684 719 719 vi.
738 694 802 729 35:
830 684 900 718 LB.
921 693 998 729 355.
1310 682 1543 730 <November
1564 683 1687 730 1517.)

190 765 279 807 [The
295 765 478 806 year-date
494 766 601 804 given
617 765 657 795 in
674 765 702 796 E
719 774 801 803 may
816 764 859 795 be
875 763 1056 794 corrected
1070 775 1077 802 ;
1101 763 1156 794 for
1176 763 1345 794 Erasmus
1369 764 1399 794 is
1421 763 1553 803 hardly
1572 763 1683 804 likely
1700 765 1736 794 to

146 810 235 840 have
252 809 384 840 waited
402 818 438 840 so
455 809 538 848 long
554 809 593 839 in
610 808 763 847 sending
778 808 836 838 his
852 807 1086 838 condolences
1102 808 1209 838 about
1225 806 1404 838 Banisius'
1421 807 1573 849 illness.]

546 900 749 930 ERASMVS
780 900 877 930 ROT.
906 900 1087 930 BANISIO
1117 901 1199 930 SVO
1229 901 1262 931 S.
1290 901 1331 931 D.

199 983 283 1020 Vm
300 982 575 1030 ornatissime,
593 981 680 1019 iure
696 993 982 1019 succensemus
998 980 1211 1019 selandiae
1225 981 1333 1031 quod
1350 983 1390 1020 te
1404 982 1523 1020 nobis
1537 982 1735 1022 afflictum

146 1047 374 1095 remiserit3
404 1047 473 1086 sed
494 1049 635 1085 tamen
658 1045 808 1095 gratias
832 1045 993 1095 agimus
1013 1045 1120 1095 quod
1140 1046 1288 1084 viuum
1308 1048 1548 1096 restituerit,
1573 1049 1735 1098 quando

145 1124 229 1149 non
258 1123 409 1160 paucos
442 1109 661 1148 absorbuit.
723 1109 790 1147 Sic
814 1108 877 1147 tui
905 1108 1032 1146 velim
1061 1108 1320 1157 principibus
1349 1110 1508 1159 copiam
1537 1111 1661 1150 facias
1688 1114 1734 1150 vt

145 1178 238 1215 tuae
251 1176 396 1214 salutis
409 1175 559 1214 habeas
573 1174 788 1213 rationem.
834 1174 922 1221 Quo
938 1175 1070 1223 magis
1086 1176 1176 1224 eget
1192 1176 1277 1213 tuis
1293 1175 1477 1213 consiliis
1492 1177 1733 1226 respublica,

145 1241 221 1280 hoc
239 1240 371 1291 magis
394 1240 709 1290 aduigilandum
732 1242 777 1278 vt
806 1239 870 1277 illi
898 1239 970 1277 diu
990 1240 1123 1289 possis
1142 1253 1230 1278 esse
1257 1241 1360 1279 vsui.
1421 1242 1559 1280 Tuum
1578 1243 1628 1281 ad
1659 1255 1733 1281 nos
1754 1260 1771 1291 5

144 1307 370 1346 aduentum
390 1306 656 1357 cupidissime
676 1306 856 1356 expecto.

197 1372 258 1411 De
291 1372 550 1422 negligendis
581 1370 865 1409 blateronibus
895 1383 1049 1420 suoque
1079 1371 1225 1409 morbo
1258 1372 1542 1422 relinquendis
1571 1376 1612 1412 et
1641 1387 1733 1424 pru-

144 1437 287 1476 denter
314 1440 356 1476 et
381 1437 511 1476 amice
541 1437 733 1476 consulis.
794 1436 900 1485 Quid
924 1436 1040 1474 enim
1067 1436 1180 1476 aliud
1210 1451 1334 1487 quam
1363 1451 1482 1477 suam
1511 1440 1732 1479 traducunt

142 1503 367 1542 stultitiam
398 1502 524 1541 simul
552 1504 592 1541 et
621 1502 864 1541 inscitiam?
921 1502 1057 1540 Deum
1085 1502 1379 1552 immortalem,
1409 1517 1534 1554 quam
1562 1504 1734 1545 insulsis

142 1567 305 1616 libellis,
346 1581 472 1618 quam
512 1568 744 1616 virulentis,
785 1580 907 1617 quam
953 1567 1143 1617 indoctis,
1184 1582 1273 1607 rem
1317 1571 1469 1619 agunt!
1538 1570 1632 1609 Non
1672 1574 1733 1611 est
1752 1590 1792 1612 ι)

140 1633 373 1683 periculum
402 1647 454 1672 ne
482 1635 569 1671 tam
591 1634 753 1683 ineptas
779 1632 949 1671 naenias
978 1633 1088 1683 legat
1112 1633 1356 1683 posteritas:
1391 1635 1507 1674 cuius
1533 1635 1730 1676 iudicium

142 1711 303 1749 semper
332 1699 505 1737 eruditis
532 1698 636 1737 viris
662 1698 933 1748 spectandum
954 1700 1027 1737 est.
1088 1699 1333 1749 Quanquam
1355 1713 1408 1738 ne
1434 1713 1545 1739 nunc
1564 1702 1731 1751 quidem

142 1763 216 1803 vlli
247 1764 374 1815 probo
411 1764 582 1803 doctoue
615 1763 747 1814 placet
779 1764 955 1802 istorum
986 1763 1167 1803 furiosus
1204 1765 1424 1804 tumultus.
1481 1766 1560 1805 Sed
1592 1768 1732 1807 omnia

141 1842 288 1868 coram.
346 1829 459 1868 Bene
477 1829 579 1877 vale,
602 1830 666 1868 vir
685 1829 958 1868 ornatissime.
1016 1829 1204 1869 Louanii.
1263 1832 1385 1869 ANNo
1406 1830 1666 1885 M.D.xvn[1].

573 1963 668 2004 717.
730 1961 794 2002 To
825 1961 1018 2003 MARCUS
1048 1962 1298 2004 LAURINUS.

189 2050 376 2087 Deventer
392 2050 468 2087 MS.
488 2061 543 2096 91,
561 2052 588 2087 f.
607 2061 662 2095 71.
1375 2052 1546 2087 Louvain.

187 2108 260 2143 LB.
277 2108 372 2154 App.
391 2110 469 2144 208.
1239 2121 1280 2155 19
1299 2109 1509 2146 November
1529 2109 1682 2157 (1517).

166 2189 225 2229 [In
243 2199 416 2228 sequence
432 2189 523 2220 with
540 2189 632 2229 Epp.
648 2191 721 2229 651,
740 2191 814 2230 666,
834 2200 906 2229 740.
951 2189 1025 2220 The
1047 2189 1129 2220 date
1145 2190 1176 2220 is
1191 2191 1297 2229 given
1315 2191 1363 2230 by
1379 2191 1440 2222 the
1461 2190 1710 2231 Paraphrase.]

223 2261 226 2263 Δ
459 2281 664 2312 ERASMVS
696 2282 735 2312 D.
761 2282 915 2313 MARCO
946 2282 1164 2313 LAVRINIO
1193 2283 1274 2313 SVO
1306 2284 1337 2314 S.
1368 2284 1409 2314 D.

193 2364 350 2401 Accmu
372 2363 672 2401 mellitissimas
691 2362 849 2402 litteras
868 2367 970 2410 tuas,
994 2363 1070 2402 hoc
1087 2368 1148 2402 est
1167 2364 1287 2414 plane
1307 2367 1409 2413 tuas,
1427 2365 1726 2405 humanissime

139 2428 282 2467 Marce.
343 2428 599 2475 Sinuncius
627 2428 694 2466 hic
722 2428 845 2478 paulo
873 2429 1002 2467 serius
1034 2429 1172 2468 isthuc
1201 2429 1312 2478 isset,
1348 2430 1556 2469 attulisset
1590 2444 1727 2470 secum

140 2493 419 2543 Paraphrasin
447 2506 583 2532 meam
613 2494 658 2531 in
685 2493 915 2542 Epistolam
942 2494 991 2531 ad
1015 2494 1234 2541 Romanos,
1262 2508 1366 2544 opus
1391 2495 1500 2534 haud
1526 2509 1724 2546 magnum

140 2558 211 2595 sed
230 2557 425 2597 immensi
443 2558 606 2598 laboris.
657 2559 886 2598 Excuditur
904 2559 1097 2599 formulis
1117 2560 1311 2608 stanneis,
1327 2561 1411 2599 iam
1426 2563 1724 2611 propemodum

139 2622 382 2662 absolutum.
441 2624 594 2674 Accepi
623 2637 704 2663 vna
731 2638 824 2662 cum
850 2624 1002 2663 litteris
1025 2625 1206 2663 nobilem
1233 2625 1507 2675 Flandricum,
1530 2627 1724 2665 ducatum
1743 2644 1760 2674 5

141 2686 415 2736 Hispanicum
450 2689 668 2738 duplicem,
703 2692 743 2727 et
782 2689 1025 2728 Michaelem
1059 2690 1294 2740 Anglicum,
1332 2704 1486 2729 munus
1523 2704 1617 2730 cum
1653 2706 1725 2742 per

413 2796 487 2827 715.
511 2807 562 2836 57.
590 2806 769 2829 senescere
785 2801 821 2828 F.
955 2809 1005 2838 59.
1033 2799 1140 2829 Anno
1157 2808 1297 2830 ianm(
1313 2802 1386 2830 add.
1404 2802 1446 2831 H.

183 2888 256 2920 716.
271 2898 301 2927 3.
314 2899 388 2919 non
398 2889 540 2930 paucos]
553 2890 603 2921 Cf.
618 2890 680 2930 Ep.
693 2892 765 2929 663.
780 2901 894 2930 113-5.
964 2892 1026 2922 the
1042 2892 1110 2931 gift
1126 2892 1156 2922 is
1172 2891 1356 2923 described
1374 2902 1410 2923 as
1430 2894 1521 2924 ‘tres
1536 2904 1660 2926 aureos
1673 2897 1692 2926 ⁷.

183 2932 256 2964 717.
275 2941 305 2970 3.
325 2932 577 2974 Paraphrasin]
596 2933 658 2964 See
675 2934 736 2974 Ep.
756 2945 828 2973 710.
1005 2937 1035 2966 6.
1063 2934 1292 2976 Michaelem]
1324 2936 1398 2966 The
1440 2937 1568 2977 angel3
1600 2938 1719 2970 which

182 2985 212 3014 5.
224 2974 370 3016 Accepi]
379 2976 424 3006 In
432 2977 895 3016 Ep.763.1‚unlessasecond
961 2979 1043 3008 took
1059 2978 1106 3009 its
1122 2988 1227 3009 name
1243 2979 1334 3009 from
1355 2979 1416 3010 the
1438 2982 1719 3020 representation

138 3018 205 3056 gift
222 3018 252 3049 is
268 3020 303 3049 to
320 3019 362 3049 be
381 3019 610 3059 understood,
630 3020 671 3051 cf.
689 3020 751 3060 Ep.
771 3032 842 3060 740.
863 3032 892 3060 2,
961 3022 999 3052 of
1011 3022 1061 3054 St.
1079 3022 1232 3062 Michael
1244 3022 1377 3063 killing
1393 3023 1455 3054 the
1470 3023 1612 3065 dragon.

891 3089 959 3115 L2
