2034 3433
168 162 272 218 ξοδ]
631 168 701 206 ΤΟ
738 167 1005 208 WILLIAM
1043 170 1314 210 BUDAEUS
1684 173 1763 211 453

171 272 257 309 tam
276 274 412 311 certus
424 273 578 312 tibicen
596 272 748 311 astabit
764 273 885 311 nobis
903 287 926 311 a
946 277 1072 325 tergo,
1089 275 1139 313 ad
1160 276 1276 314 cuius
1291 275 1550 314 modulatum
1567 275 1765 314 orationis
1787 283 1843 321 185

171 335 362 376 habitum
395 338 656 377 remittamus
686 340 758 376 aut
797 339 1096 379 intendamus?
1165 341 1319 379 Totum
1356 341 1433 379 hoc
1471 342 1688 390 negocium
1722 344 1764 379 et

172 402 379 442 scribendi
394 406 436 442 et
448 403 675 442 excudendi
695 403 807 441 intra
822 405 1133 453 quatuordecim
1150 406 1245 455 plus
1265 407 1407 444 minus
1427 406 1513 445 dies
1532 407 1763 445 confectum

166 469 245 505 est.
302 468 383 507 Res
412 468 560 507 multis
587 470 678 506 acta
706 471 768 507 est
797 469 986 518 testibus,
1018 484 1069 508 ne
1098 472 1196 520 quid
1228 485 1292 510 me
1325 472 1544 521 suspiceris
1571 472 1764 521 affingere

172 545 280 572 vero.
341 533 403 572 Ne
435 547 531 572 vero
566 536 686 583 putes
720 536 885 573 tantum
917 535 985 573 vel
1016 536 1213 586 temporis
1243 537 1307 575 vel
1338 537 1466 575 studii
1495 537 1638 576 datum
1666 537 1765 576 huic

173 599 440 647 contentioni,
471 600 519 638 vt
546 601 619 637 tuo
648 598 814 637 hortatu
849 600 1002 638 fuerim
1033 601 1083 639 ad
1118 614 1231 640 sacra
1264 602 1401 640 studia
1435 602 1691 641 reuocandus
1723 604 1764 641 et
1785 617 1845 649 190

169 663 256 712 ipse
289 664 397 702 mihi
426 677 499 713 per
528 669 571 701 te
604 664 862 713 postliminio
895 665 1187 712 restituendus,
1222 667 1427 716 perpende
1460 667 1556 716 quid
1590 666 1762 705 interim

171 728 405 778 scripserim
422 745 431 776 3
460 728 620 767 videbis
638 730 680 767 te
700 729 908 768 hortatore
929 730 1037 768 nihil
1056 744 1158 780 opus
1177 731 1316 770 fuisse.

225 794 304 832 Sed
331 794 392 833 fac
415 807 481 832 me
507 794 712 844 percitum
742 794 802 834 ira
827 809 912 834 non
936 796 1038 834 satis
1058 796 1253 835 habuisse
1273 797 1476 835 rationem
1498 809 1612 835 meae
1633 797 1763 847 digni-

169 861 298 907 tatis;
340 873 443 898 num
475 859 566 897 ideo
596 861 637 898 te
674 860 753 898 feci
785 861 1114 910 Epimetheum‘?
1181 862 1225 900 Si
1256 862 1300 900 in
1338 864 1510 911 puteum
1549 862 1763 911 delapsum

169 926 403 969 admoneas,
438 923 554 963 ‘Hac
583 926 669 963 erat
698 926 912 974 eundum3
944 940 1027 965 non
1058 927 1272 966 incidisses
1299 927 1343 964 in
1369 929 1550 976 puteum,
1577 929 1612 966 si
1634 927 1840 975 moni-195

169 993 301 1029 torem
346 990 556 1037 audisses‚’
594 1004 731 1029 nonne
770 992 806 1029 is
850 992 1008 1042 optimo
1054 992 1142 1030 iure
1180 993 1436 1042 respondeat,
1482 993 1679 1032 ‘Vtinam
1716 993 1762 1031 in

168 1058 353 1106 tempore
372 1055 632 1102 monuisse83
664 1069 777 1094 nunc
798 1057 964 1104 auxilio,
989 1071 1073 1095 non
1101 1057 1308 1096 monitore
1334 1060 1395 1096 est
1420 1071 1522 1107 opus
1537 1058 1546 1073 '
1562 1058 1582 1096 ‘?
1630 1058 1762 1106 Quan-

170 1134 295 1171 quam
323 1121 400 1159 hoc
428 1121 632 1170 posterius
661 1121 719 1159 sic
745 1121 898 1160 refellis
926 1124 972 1160 vt
996 1123 1106 1162 dicas
1129 1128 1169 1161 te
1195 1124 1239 1161 in
1268 1125 1479 1172 posterum
1506 1123 1762 1161 consuluisse

168 1187 286 1226 mihi.
353 1186 460 1225 Vide
489 1186 678 1236 nunquid
712 1187 917 1225 eiusmodi
946 1190 1019 1226 tua
1052 1187 1200 1226 habeat
1237 1188 1422 1237 epistola.
1492 1189 1537 1226 Si
1575 1188 1759 1237 dixisses,

172 1251 519 1290 ‘Immoderatius
552 1252 802 1301 respondisti
835 1252 980 1301 Fabro,
1021 1253 1192 1302 posthac
1226 1254 1358 1292 nolim
1392 1255 1433 1291 te
1466 1253 1609 1291 eodem
1639 1253 1761 1291 modo
1783 1271 1844 1292 200

168 1317 381 1356 socordem
401 1316 516 1365 esse,’
537 1318 696 1365 poterat
716 1317 897 1367 intelligi
917 1317 1017 1367 quid
1045 1318 1229 1357 sentires.
1283 1319 1403 1356 Nunc
1427 1319 1626 1357 Erasmus
1653 1331 1758 1365 sum,

167 1396 254 1421 non
273 1381 468 1431 Oedipus.
529 1380 671 1431 Neque
689 1383 804 1420 enim
823 1382 1012 1422 diuinare
1032 1383 1150 1432 potui
1170 1383 1361 1422 futurum
1378 1385 1426 1421 vt
1444 1386 1561 1422 tuam
1580 1383 1760 1421 admoni-

163 1448 334 1495 tionem,
351 1459 474 1496 quam
494 1459 626 1494 vocas,
645 1447 703 1485 sic
723 1446 1063 1497 interpretareris.
1124 1448 1240 1496 Quod
1257 1449 1291 1486 si
1311 1450 1397 1486 tam
1417 1448 1578 1497 prolixa
1591 1447 1762 1497 epistola

167 1512 362 1561 obiurgas
389 1511 804 1561 amicum—lapsum,
828 1513 864 1551 si
893 1513 952 1550 ita
980 1512 1209 1554 videtur-m
1233 1526 1307 1550 nec
1336 1512 1505 1551 interim
1530 1511 1757 1562 opitularis,

166 1577 238 1616 vbi
257 1576 408 1615 candor
426 1575 500 1613 ille
521 1575 763 1615 Budaicus‘?
819 1577 926 1625 Quid
947 1578 1061 1616 aliud
1087 1591 1211 1628 quam
1234 1579 1418 1616 erratum
1438 1577 1561 1616 amici
1579 1577 1762 1616 traducis
1783 1593 1841 1624 205

167 1645 208 1681 et
244 1654 477 1692 exaggeras,
519 1644 560 1680 et
598 1642 830 1681 cicatricem
867 1643 951 1683 iam
990 1643 1139 1682 obduci
1177 1645 1363 1693 coeptam
1401 1643 1604 1681 refricas?
1668 1641 1762 1680 Vna

165 1707 398 1758 opitulandi
430 1706 535 1745 ratio
563 1709 785 1756 supererat,
819 1703 959 1747 sinos
988 1708 1032 1746 in
1061 1692 1239 1758 gratiam
1268 1708 1504 1758 redegisses.
1563 1707 1613 1745 Id
1643 1706 1763 1746 officii

168 1787 274 1823 cum,
301 1773 441 1811 Ruzeo
475 1772 675 1811 maiorem
706 1773 751 1811 in
785 1773 958 1812 modum
986 1774 1212 1823 flagitante,
1246 1774 1515 1824 pertinaciter
1547 1772 1759 1819 recusaris,

168 1842 308 1878 tamen
341 1839 385 1876 in
423 1837 682 1892 frontispicio
720 1838 918 1888 epistolae
950 1842 1044 1878 tuae
1080 1841 1089 1859 ‘
1105 1839 1406 1889 pacificatorem
1424 1840 1433 1854 '
1466 1841 1507 1877 te
1544 1851 1678 1886 vocas,
1715 1837 1759 1875 in

167 1918 291 1954 quem
319 1917 393 1953 ego
424 1903 658 1954 ίοἰκροχόλως
692 1905 926 1943 commotus
965 1906 1130 1954 repente
1165 1918 1316 1943 cornua
1358 1903 1606 1942 obuerterim
1623 1904 1643 1940 ⁹.
1715 1902 1759 1940 Si
1780 1919 1841 1940 210

165 1969 316 2019 vbique
332 1968 488 2015 iocaris,
511 1970 612 2017 puto
636 1968 745 2007 iocos
771 1969 898 2007 etiam
921 1972 1107 2019 oportere
1127 1969 1206 2007 sibi
1231 1971 1428 2008 constare.
1488 1969 1643 2007 Vtrum
1662 1981 1760 2007 vero

167 2034 390 2082 metuebas,
413 2046 466 2071 an
486 2046 539 2071 ne
558 2046 634 2083 ego
654 2046 797 2072 rursus
822 2034 1066 2084 impeterem
1091 2035 1283 2082 Fabrum,
1308 2035 1380 2084 qui
1400 2047 1467 2072 me
1493 2035 1579 2071 tam
1599 2033 1759 2072 inuitus

167 2099 423 2138 defenderim
441 2098 639 2137 aduersus
662 2098 882 2137 illum—id
903 2101 1011 2150 quod
1032 2102 1080 2138 tu
1100 2113 1262 2149 quoque
1282 2099 1436 2138 videris
1459 2098 1756 2149 intelligere—,

166 2178 220 2203 an
240 2177 293 2203 ne
312 2163 384 2202 ille
404 2176 470 2201 me
490 2164 690 2211 repeteret
702 2164 723 2202 ⁶?
775 2164 825 2202 Id
846 2177 943 2202 cum
962 2166 1090 2203 tester
1110 2178 1176 2202 me
1197 2177 1281 2203 non
1302 2166 1497 2212 metuere,
1516 2165 1562 2203 tu
1578 2164 1758 2205 declaras

166 2229 275 2268 nihil
303 2227 475 2266 omnino
512 2241 600 2266 esse
628 2228 812 2277 periculi,
849 2242 1039 2267 meorum
1071 2229 1350 2279 suspicionem
1378 2229 1566 2278 irridens,
1596 2230 1759 2270 etiamsi
1778 2245 1837 2276 215

165 2307 288 2333 nemo
326 2305 514 2330 meorum
551 2291 594 2330 id
632 2292 866 2342 suspicatus
900 2296 973 2341 est,
1011 2294 1081 2332 sed
1123 2306 1289 2332 rumore
1328 2294 1590 2343 quorundam
1628 2293 1758 2333 Fabro

166 2357 411 2404 fauentium,
447 2358 520 2394 aut
551 2359 658 2395 certe
697 2358 802 2396 mihi
842 2357 947 2396 male
986 2358 1230 2406 volentium,
1266 2358 1344 2396 fuit
1382 2358 1592 2396 iactatum.
1649 2358 1757 2397 Nam

164 2425 251 2474 ipse
279 2435 364 2460 non
389 2421 524 2460 solum
551 2421 600 2460 de
628 2421 761 2460 Fabro
790 2423 1062 2461 verumetiam
1089 2423 1138 2461 de
1165 2423 1295 2461 doctis
1317 2423 1462 2462 amicis
1480 2435 1525 2461 ac
1545 2423 1757 2473 discipulis

165 2487 288 2526 Fabri
307 2499 468 2535 semper
490 2485 704 2525 meliorem
730 2487 859 2526 habui
885 2487 1136 2526 sententiam
1162 2501 1284 2538 quam
1313 2489 1360 2525 vt
1386 2488 1627 2526 huiusmodi
1650 2488 1757 2538 quic-

165 2565 291 2602 quam
323 2551 374 2589 ab
402 2550 487 2589 illis
515 2552 749 2591 metuerim.
822 2553 892 2591 Ab
920 2552 1099 2591 indoctis
1130 2552 1287 2591 rabulis
1316 2552 1448 2590 metui
1482 2552 1626 2602 magis,
1660 2566 1754 2592 cum
1776 2571 1836 2592 220

165 2617 315 2668 quibus
332 2615 399 2655 vel
419 2617 594 2654 certasse
614 2616 670 2655 sit
689 2617 992 2667 turpissimum.

220 2683 362 2731 Atque
394 2680 564 2719 interim
600 2681 949 2732 leptologematon
983 2681 1241 2720 mentionem
1276 2681 1395 2720 nobis
1428 2682 1604 2719 refricas.
1666 2682 1755 2730 Qua

165 2747 213 2785 de
234 2760 276 2784 re
296 2758 390 2784 cum
409 2759 483 2795 ego
507 2758 714 2796 nusquam
733 2747 864 2786 vllam
887 2747 994 2785 iram
1013 2747 1079 2785 vel
1103 2746 1301 2785 senserim
1324 2746 1466 2785 animo
1486 2746 1551 2784 vel
1572 2746 1754 2785 oratione

165 2810 414 2858 declararim,
438 2812 640 2849 tutamen
662 2813 671 2830 ⁴
683 2824 780 2861 prae
797 2812 1043 2862 impotentia
1061 2811 1295 2850 iracundiae
1314 2811 1358 2849 in
1378 2811 1476 2850 haec
1496 2811 1732 2850 reuolutum
1744 2811 1755 2828 ’

165 2890 231 2916 me
252 2875 421 2914 scribis:
451 2875 574 2925 idque
593 2876 695 2915 satis
714 2877 979 2926 impudenter
1004 2876 1165 2926 colligis
1193 2889 1241 2914 ex
1268 2889 1316 2915 eo
1345 2875 1434 2914 loco
1461 2876 1505 2914 in
1526 2889 1606 2926 quo
1625 2877 1757 2921 testor
1775 2891 1836 2923 225

212 2982 282 3019 187.
308 2978 594 3019 quatuordecim]
613 2978 666 3011 Of.
685 2979 748 3019 Ep.
767 2989 840 3019 731.
858 2990 888 3018 3.
1040 2988 1114 3009 222.
1139 2978 1301 3019 refricas]
1317 2978 1370 3010 Cf.
1389 2979 1452 3018 Ep.
1472 2979 1547 3010 810.
1565 2979 1652 3018 56,7.

208 3034 282 3064 209.
308 3021 587 3063 pacificatorem]
605 3022 669 3062 Ep.
688 3024 761 3054 810.
781 3033 829 3062 14.
1040 3031 1115 3060 225.
1139 3031 1179 3052 eo
1194 3021 1286 3062 loco]
1303 3022 1356 3054 cf.
1374 3022 1435 3062 Ep.
1455 3023 1528 3061 778.
1550 3032 1663 3062 192-7.
