2034 3433
147 158 244 212 684]
347 160 500 200 FROM
530 161 762 200 THOMAS
792 161 947 201 MORE
978 162 1048 201 ΤΟ
1078 162 1261 201 PETER
1293 163 1494 201 GILLES
1666 164 1740 202 107

309 264 421 313 Quae
450 277 612 303 seruare
641 265 756 303 datas
784 266 905 314 queat
935 264 1197 314 perhennes‘?

309 331 343 369 Ο
374 331 410 368 si
439 330 495 368 sic
525 332 688 379 poteras
718 333 892 380 tuaeque
920 330 1052 368 famae
1083 332 1121 368 et

308 395 427 434 Votis
457 395 711 434 consuluisse
742 397 1026 444 posterorum!

310 460 418 498 Nam
448 460 483 498 si
512 460 647 499 secula
677 473 780 509 quae
807 462 1033 510 sequentur
1061 460 1196 499 vllum

309 525 544 564 Seruabunt
573 525 760 564 studium
789 526 943 564 artium
974 526 1188 564 bonarum.

307 590 392 628 Nec
422 590 534 628 Mars
561 590 754 629 horridus
782 591 935 629 obteret
967 591 1211 637 Mineruam,

308 655 462 704 Quanti
490 655 597 694 hanc
625 656 845 706 posteritas
872 658 983 694 emat
1012 656 1240 695 tabellam?

199 733 258 772 Mi
279 735 412 783 Petre,
437 750 533 775 cum
556 738 695 776 onmia
721 737 894 777 mirifice
917 738 1145 786 Quintinus
1172 739 1311 776 noster
1336 737 1593 788 expresserit,
1619 751 1743 788 quam

144 799 369 839 mirificum
397 801 440 839 in
471 802 619 851 primis
644 802 863 841 falsarium
882 803 1046 841 videtur
1071 805 1278 852 praestare
1305 804 1446 852 posse!
1478 816 1575 841 nam
1602 803 1660 842 ita
1684 804 1740 841 111-

145 865 414 915 scriptionem
437 867 673 906 litterarum
697 868 748 907 ad
772 871 813 907 te
835 881 1024 906 mearum
1044 868 1230 906 imitatus
1252 870 1313 906 est
1332 870 1377 906 vt
1399 881 1450 905 ne
1469 868 1556 917 ipse
1576 868 1743 918 quidem

145 930 257 969 idem
286 931 438 970 iterum
466 945 630 982 possem
659 933 814 971 itidem.
877 933 1010 982 Quare
1037 933 1118 970 nisi
1145 935 1215 971 aut
1239 933 1309 970 ille
1337 933 1380 970 111
1410 946 1533 971 suum
1561 933 1743 983 aliquem

145 1008 267 1034 vsum
298 998 369 1034 aut
397 1000 445 1036 tu
476 998 520 1035 in
548 1000 668 1036 tuum
697 1011 788 1036 eam
817 1011 954 1037 seruas
983 997 1210 1048 epistolam,
1244 997 1409 1036 remitte
1440 1011 1538 1048 rogo
1568 998 1618 1036 ad
1652 1012 1742 1037 me:

146 1060 377 1110 duplicabit
409 1062 656 1101 miraculum
694 1063 878 1113 apposita
909 1076 1004 1102 cum
1035 1062 1198 1101 tabella.
1259 1063 1333 1101 Sin
1368 1064 1440 1101 aut
1472 1063 1639 1112 perierit
1672 1065 1742 1101 aut
1767 1080 1800 1111 '5

144 1125 261 1164 vobis
273 1126 366 1165 vsui
381 1127 472 1176 erit,
489 1141 562 1177 ego
574 1128 760 1177 experiar
775 1141 866 1167 mee
882 1141 1028 1167 manus
1045 1127 1297 1166 imitatorem
1315 1128 1401 1177 ipse
1418 1140 1560 1166 rursus
1574 1127 1740 1166 imitari.

198 1191 302 1230 Vale
323 1205 418 1230 cum
438 1193 692 1242 lepidissima
712 1194 894 1243 coniuge.

442 1312 577 1367 685694
637 1312 767 1353 FROM
802 1310 1077 1352 WILLIBALI)
1110 1312 1454 1353 PIRCKHEIMER.

192 1400 424 1448 Nuremberg
441 1402 517 1438 MS.
535 1402 605 1438 ΡΡ.
624 1402 691 1438 No.
712 1402 808 1447 330¹).
1381 1400 1674 1447 <Nuremberg.>

1368 1458 1694 1505 <October1517.>

187 1533 263 1575 [An
294 1536 492 1575 autograph
523 1536 637 1576 rough
667 1536 764 1567 draft
789 1546 918 1575 among
951 1536 1014 1567 the
1043 1537 1287 1568 Pirckheimer
1317 1545 1441 1576 papers
1459 1536 1494 1565 at
1524 1535 1741 1573 Nuremberg

144 1576 203 1616 (cf.
221 1578 285 1617 Ep.
305 1587 368 1616 322
386 1579 550 1619 int1·od.).
598 1579 656 1610 An
680 1580 926 1620 approximate
956 1580 1037 1611 date
1062 1590 1128 1611 can
1151 1581 1193 1611 be
1217 1579 1381 1619 assigned
1405 1579 1496 1609 from
1521 1578 1583 1608 the
1609 1577 1741 1608 Luc-ian

145 1620 185 1661 (l.
207 1630 245 1660 13
261 1624 313 1660 n.)
331 1622 404 1653 ancl
422 1623 485 1663 Ep.
502 1623 597 1665 694]

199 1698 361 1739 SALVVS
380 1700 449 1749 sis,
471 1713 619 1750 magne
639 1701 822 1739 Erasme.
878 1701 984 1739 Dedi
1003 1701 1080 1739 1100
1105 1713 1215 1738 anno
1242 1699 1401 1748 aliquas
1425 1699 1474 1737 ad
1500 1700 1541 1736 te
1561 1698 1741 1736 litteras:

147 1777 247 1815 quas
262 1765 353 1804 ideo
368 1767 409 1804 te
424 1766 534 1805 haud
550 1767 750 1816 accepisse
766 1766 961 1816 suspicor,
977 1766 1174 1816 quoniam
1190 1764 1241 1803 ad
1257 1764 1351 1802 illas
1367 1777 1451 1801 11011
1468 1763 1743 1812 responderis;

144 1830 351 1881 siquidem
370 1831 493 1881 plane
518 1831 623 1869 mihi
649 1832 886 1881 persuadeo,
907 1831 985 1870 etsi
1011 1830 1272 1881 grauioribus
1299 1831 1519 1878 occupatus
1545 1829 1601 1866 sis
1625 1841 1743 1878 nego-

145 1895 229 1943 ciis,
261 1910 345 1935 non
373 1899 514 1935 tamen
543 1898 642 1936 adeo
672 1899 714 1935 te
742 1896 926 1935 amicicie
953 1897 1043 1935 iura
1072 1896 1280 1946 negligere
1310 1897 1355 1932 vt
1385 1895 1631 1944 prouocatus
1660 1905 1742 1931 non

146 1960 356 2001 rescribas.
416 1962 594 2001 Homini
613 1962 742 2012 igitur
762 1963 833 2012 qui
851 1963 928 2001 tibi
946 1963 1023 2000 has
1042 1962 1266 2011 consignat,
1291 1960 1452 1999 litteras
1470 1962 1564 1997 tuas
1584 1971 1744 2008 quoque

146 2026 413 2066 suauissimas
433 2028 579 2066 reddas
599 2041 680 2076 oro,
700 2041 784 2066 non
805 2031 891 2067 tam
911 2028 994 2066 mei
1015 2040 1141 2078 quam
1157 2027 1389 2065 amicorum
1409 2028 1578 2063 tuorum
1597 2024 1739 2074 gratia,

147 2104 248 2141 quos
278 2091 356 2130 tibi
380 2092 622 2132 innumeros
647 2093 782 2132 virtus
810 2096 882 2132 tua
909 2093 1090 2143 peperit:
1129 2092 1335 2142 siquidem
1363 2090 1414 2129 ab
1443 2089 1529 2128 illis
1559 2088 1742 2139 quotidie

146 2156 389 2206 intel-pellor
427 2158 572 2208 ecquid
609 2158 844 2197 litterarum
883 2159 1076 2197 columen
1110 2159 1204 2208 agat
1239 2156 1438 2203 nouerim,
1477 2168 1602 2205 quam
1635 2152 1742 2192 belle

148 2221 394 2261 eruditionis
421 2235 570 2272 parens
597 2222 740 2270 valeat,
773 2224 870 2272 quid
901 2224 1122 2271 moliatur;
1163 2235 1236 2272 ego
1265 2235 1363 2260 vero
1394 2234 1446 2258 110
1474 2223 1544 2272 γρῦ
1574 2219 1743 2269 quidem

148 2287 256 2338 qnod
277 2288 550 2338 respondeam
568 2288 710 2327 habeo.
770 2289 833 2327 Tu
859 2289 988 2339 igitur
1006 2289 1067 2327 fac
1093 2290 1139 2327 vt
1166 2301 1216 2326 ex
1242 2290 1282 2326 te
1309 2287 1577 2337 potissimum
1598 2286 1744 2323 cuncta

148 2353 445 2404 intelligamus,
466 2366 512 2392 ac
531 2354 618 2392 tuis
637 2357 678 2393 et
697 2354 851 2392 nostris
870 2354 1023 2404 pariter
1042 2353 1185 2391 amicis
1205 2366 1279 2402 per
1297 2352 1484 2397 Slesiam,
1508 2350 1740 2399 Saxoniam,

146 2420 187 2457 et
206 2418 454 2468 Duringiam
474 2418 706 2457 satisfacere
728 2419 944 2469 possimus.

203 2483 325 2522 Mitto
345 2484 396 2522 ad
416 2486 456 2522 te
476 2484 652 2522 Luciani
672 2484 925 2522 Piscatorem
950 2497 1045 2522 cum
1071 2482 1243 2532 epistola
1262 2481 1486 2532 Capnionis
1506 2480 1718 2519 defensiua
1734 2495 1742 2527 ;

149 2561 233 2587 non
253 2549 363 2599 quod
383 2562 472 2587 rem
491 2550 673 2599 aliquam
697 2549 866 2599 dignam
892 2562 959 2587 me
985 2548 1165 2586 effecisse
1191 2560 1363 2597 sperem,
1386 2546 1455 2585 sed
1478 2547 1523 2584 vt
1544 2545 1743 2584 Erasmus

148 2627 266 2653 meus
291 2614 429 2653 videat
455 2617 600 2665 quanti
619 2629 714 2654 eum
743 2614 977 2653 Bilibaldus
1001 2614 1150 2653 faciat:
1195 2614 1275 2652 etsi
1300 2613 1429 2651 sciam
1460 2611 1520 2650 nil
1548 2610 1743 2650 laudibus

192 2713 266 2743 684.
291 2722 342 2751 50.
370 2712 543 2752 expressit
559 2715 596 2743 D.
686 2722 794 2751 quam
811 2715 942 2749 scripsi:
966 2722 1044 2751 qva:
1070 2713 1146 2742 tum
1167 2714 1200 2740 D.
1348 2719 1400 2748 51.
1426 2708 1481 2739 (122
1507 2708 1679 2739 falsarum
1695 2706 1740 2737 al.

149 2766 214 2830 ἔξω
227 2756 372 2828 (1ιὲ1110111
389 2758 462 2786 add.
481 2758 518 2787 D.
633 2765 686 2795 55.
712 2756 820 2795 periit
837 2758 874 2787 D.
988 2756 1039 2793 56.
1067 2763 1197 2785 manus
1213 2757 1240 2784 D
1257 2765 1264 2783 ε
1287 2753 1411 2784 manui
1428 2763 1456 2783 α.
1581 2762 1632 2791 57.
1661 2761 1741 2782 cum

194 2887 269 2918 685.
299 2896 325 2916 1.
350 2886 504 2926 litteras]
521 2886 609 2926 Epp.
628 2895 701 2925 527,
721 2895 795 2926 555.
981 2896 1000 2915 2
1023 2886 1096 2916 Oct.
1119 2894 1223 2924 1517;
1247 2893 1304 2915 see
1328 2883 1499 2920 Bijcking,
1518 2881 1631 2921 suppl.
1653 2882 1687 2911 ii.
1712 2890 1738 2920 1,

195 2941 225 2963 2.
240 2928 534 2969 baudaccepisse]
543 2929 914 2961 Pirckheimermakes
982 2939 1015 2968 p.
1034 2939 1086 2969 99.

152 2985 171 3005 a
188 2973 328 3005 similar
343 2973 539 3012 complaint
555 2973 594 3002 in
611 2973 675 3013 Ep.
691 2983 766 3012 409.
789 2983 859 3011 1—4.
1068 2971 1234 3012 epistola]
1261 2971 1321 3001 An
1346 2973 1407 3007 Ep.
1430 2971 1612 3006 apologetica
1639 2968 1676 2998 of
1700 2969 1741 2998 26

198 3027 247 3057 13.
271 3015 505 3057 Piscatorem]
516 3016 749 3056 Nuremberg,
762 3016 798 3047 F.
808 3016 913 3056 Peyp.
984 3025 1039 3055 pp.
1055 3027 1061 3054 ;
1085 3015 1229 3055 printed
1246 3015 1285 3044 111
1302 3015 1379 3054 part
1402 3022 1439 3044 as
1456 3013 1533 3043 HE.
1552 3013 1606 3050 64.

1763 754 1801 785 50

1765 2298 1802 2320 10

1764 2624 1799 2656 15
