2034 3433
332 139 412 178 488
795 136 1044 176 LETTERS
1082 136 1151 174 or
1187 133 1452 173 ERASMUs
1788 129 1911 184 [1519

332 242 514 281 tionibus
536 244 607 280 aut
627 241 666 279 id
687 253 819 290 genus
838 239 939 287 aliis,
963 252 1065 289 quae
1085 252 1196 277 nunc
1218 238 1381 277 obtorto
1401 237 1504 276 collo
1523 236 1729 275 trahimus
1748 237 1798 275 ad
1817 235 1912 274 fidei

251 320 310 354 275
330 307 555 354 materiam,
585 305 653 344 sed
679 305 728 343 de
754 304 1053 344 resurrectione
1079 305 1348 351 mortuorum,
1373 316 1477 354 quae
1503 303 1625 351 caput
1648 314 1693 339 ac
1719 301 1829 339 basis
1852 303 1915 338 est

331 374 493 410 nostrae
522 370 798 419 professionis.
869 369 1085 408 Aduersus
1113 368 1220 407 hanc
1252 370 1412 418 pestem
1442 379 1681 417 quanquam
1719 364 1915 404 acerrime

331 437 538 485 depugnat
553 435 718 483 Paulus,
738 436 877 473 tamen
896 434 1030 473 adhuc
1045 447 1188 472 vereor
1207 447 1259 472 ne
1278 434 1406 483 spiret
1424 433 1655 470 etiamnum
1673 431 1718 469 in
1739 442 1914 480 quorun-

331 503 425 540 dam
447 500 598 539 animis
621 500 719 538 haec
741 502 901 539 excetra
920 514 929 548 3
967 499 1131 549 quando
1156 498 1325 549 quidam
1344 498 1452 548 apud
1473 497 1604 536 Italos
1630 495 1853 546 quotannis
1872 493 1916 531 in

330 565 506 615 publicis
532 564 796 603 concionibus
824 566 1026 603 conantur
1052 577 1231 602 asserere
1258 563 1615 606 resurrectionem,
1635 560 1918 599 existimantes

251 638 311 669 280
330 644 417 668 rem
446 630 491 668 in
519 632 640 680 portu
667 630 765 679 fore,
791 630 827 669 si
856 630 1073 669 docuerint
1100 628 1371 668 Aristotelem
1396 641 1481 667 non
1510 626 1726 666 sustulisse
1752 637 1919 675 prorsus

329 694 687 734 immortalitatem
725 696 972 734 animarum.
1051 694 1168 732 Nihil
1205 694 1319 732 enim
1363 693 1531 731 interim
1570 691 1704 729 dicam
1742 690 1792 728 de
1828 702 1917 727 con-

331 760 541 799 uiuiorum
552 760 716 801 fabulis.
773 761 903 799 Porro
929 760 1028 811 quid
1056 760 1224 798 credant
1251 759 1324 798 alii
1353 772 1438 796 non
1463 759 1526 796 est
1545 770 1687 796 meum
1706 755 1918 794 diuinare:

330 827 449 874 certe,
478 826 587 876 quod
610 828 672 865 est
698 826 743 865 in
769 825 999 876 propatulo,
1023 826 1081 864 sic
1104 825 1255 864 viuunt
1284 824 1464 874 quidam,
1486 822 1702 873 presertim
1730 822 1919 871 potentes

330 891 373 929 in
394 892 470 930 hoc
490 892 659 940 mundo,
683 892 798 942 quasi
819 892 868 930 de
888 892 1030 931 futuro
1052 891 1188 930 seculo
1206 890 1316 929 nihil
1335 890 1507 928 omnino
1528 888 1709 927 credant.

251 965 311 1005 285
383 957 522 1007 Atque
542 957 702 995 vtinam
721 957 790 995 hic
810 970 969 1006 quoque
988 956 1146 994 Paulus
1165 956 1375 1006 aliquanto
1405 954 1496 1004 plus
1516 954 1620 992 lucis
1639 952 1758 991 nobis
1782 964 1920 1001 aperu—

333 1021 457 1061 isset!
496 1035 550 1061 an
580 1024 723 1061 extent
751 1022 915 1060 animae
952 1023 1132 1060 semotae
1161 1034 1185 1059 a
1213 1034 1389 1071 corpore,
1413 1021 1454 1058 et
1482 1019 1652 1058 vbinam
1681 1018 1834 1064 extent,
1867 1029 1919 1054 an

332 1087 525 1126 fruantur
564 1087 895 1126 immortalitatis
941 1086 1083 1137 gloria,
1131 1100 1183 1124 an
1223 1086 1448 1136 impiorum
1489 1084 1651 1123 animae
1688 1083 1772 1121 iam
1810 1095 1920 1120 nuuc

332 1153 576 1201 crucientur,
611 1166 663 1192 an
690 1153 749 1191 eis
777 1152 1029 1191 subueniant
1058 1154 1221 1190 nostrae
1252 1164 1389 1202 preces
1417 1152 1490 1189 aut
1517 1149 1597 1188 alia
1625 1148 1844 1195 benefacta,
1866 1161 1920 1185 au

331 1217 592 1268 indulgentia
624 1218 779 1256 summi
818 1217 1034 1256 Pontificis
1063 1217 1199 1255 subito
1232 1216 1461 1254 liberentur
1490 1228 1513 1253 a
1545 1213 1715 1264 poenis:
1758 1212 1920 1263 quando

252 1301 312 1333 290
331 1283 451 1321 video
472 1284 629 1322 multos
650 1296 772 1333 super
797 1282 907 1321 hisce
936 1283 1057 1321 rebus
1082 1282 1300 1332 ambigere,
1321 1283 1392 1319 aut
1417 1282 1523 1318 certe
1550 1279 1781 1329 disputare;
1811 1277 1919 1328 quod

330 1361 634 1398 superuacuum
672 1351 768 1396 erat,
801 1348 838 1386 si
866 1347 1021 1386 Paulus
1058 1348 1197 1397 aperte
1230 1346 1454 1385 definisset.
1524 1344 1593 1383 Ad
1623 1344 1721 1382 haec
1751 1356 1845 1381 cum
1875 1342 1920 1380 in

332 1413 545 1452 Christum
566 1416 728 1452 renatos
747 1412 965 1451 conueniat
985 1413 1165 1450 veterem
1184 1412 1399 1450 hominem
1420 1424 1566 1449 exuere
1585 1422 1680 1448 cum
1699 1408 1860 1447 actibus
1880 1409 1920 1445 et

331 1478 545 1517 affectibus
565 1480 661 1526 suis,
683 1481 822 1517 tamen
848 1477 1038 1516 videmus
1064 1477 1196 1516 adhuc
1223 1476 1451 1526 Euangelio
1480 1475 1644 1522 recenti,
1665 1473 1922 1524 praesidente

332 1543 479 1592 Paulo,
518 1543 747 1592 libidinem,
779 1542 1013 1590 auaritiam,
1049 1543 1371 1587 contentionem,
1412 1540 1693 1587 ambitionem,
1737 1538 1918 1583 dissidia,

251 1626 311 1659 295
332 1610 566 1658 ceterasque
585 1608 750 1657 pietatis
768 1621 813 1647 ac
833 1608 1035 1646 bonorum
1055 1620 1220 1646 morum
1246 1609 1382 1658 pestes
1403 1607 1448 1644 in
1473 1605 1674 1655 populum
1693 1604 1916 1654 irrepsisse,

333 1673 532 1723 quaedam
558 1673 663 1712 vicia
690 1687 739 1712 ex
766 1672 966 1723 superiori
994 1672 1082 1710 vita
1111 1672 1253 1711 relicta
1282 1685 1366 1711 non
1395 1671 1578 1721 potuisse
1603 1682 1770 1719 prorsus
1799 1672 1920 1719 atque

333 1753 354 1776 e
382 1739 511 1789 stirpe
539 1739 711 1778 reuelli:
741 1752 792 1777 ne
821 1738 913 1788 quis
941 1738 1169 1776 admiretur
1195 1738 1261 1776 his
1285 1735 1541 1786 temporibus
1569 1748 1655 1774 esse
1684 1735 1729 1773 in
1757 1734 1918 1785 quibus.

334 1804 428 1854 quia
446 1804 606 1843 refrixit
628 1803 818 1852 charitas,
839 1803 1020 1842 abundet
1032 1803 1244 1853 iniquitas.
1295 1802 1405 1851 Quin
1424 1802 1522 1840 viuo
1542 1800 1770 1839 etiamdum
1790 1799 1921 1838 Paulo

332 1869 588 1919 ingesserant
635 1883 722 1908 sese
766 1868 1083 1919 pseudapostoli,
1128 1868 1199 1918 qui
1242 1882 1330 1906 rem
1378 1866 1675 1917 Euangelicam
1717 1865 1762 1903 in
1798 1878 1920 1903 suum

253 1951 316 1983 300
335 1936 526 1984 questum
552 1935 770 1982 verterent,
799 1933 870 1984 qui
895 1933 1050 1972 Christi
1077 1933 1250 1983 gloriam
1281 1933 1324 1970 in
1354 1945 1472 1970 suam
1499 1930 1765 1980 tyrannidem
1793 1931 1922 1969 trans-

336 2000 500 2049 ferrent,
531 2000 601 2050 qui
638 2012 680 2038 se
717 1998 1000 2049 praedicarent
1032 1998 1166 2048 magis
1198 2011 1321 2048 quam
1352 1997 1513 2043 Deum3
1549 1996 1621 2046 qui
1653 2009 1726 2045 pro
1757 1995 1923 2034 Christo

337 2065 556 2113 mundum,
588 2078 661 2115 pro
687 2064 843 2114 Spiritu
874 2077 1037 2102 carnem
1065 2064 1284 2110 docerent;
1314 2063 1384 2113 qui
1416 2061 1585 2100 coelesti
1615 2060 1823 2099 doctrinae
1852 2061 1922 2099 do-

336 2131 487 2168 ctrinas
512 2130 744 2178 hominum,
766 2130 837 2180 qui
865 2129 1134 2167 fundamento
1158 2128 1323 2167 Christo
1348 2128 1598 2166 structuram
1621 2125 1839 2175 indignam
1864 2127 1924 2164 in-

336 2195 552 2234 ducerent:
582 2195 659 2233 hoc
686 2194 944 2234 nocentiores
969 2194 1108 2233 hostes
1135 2193 1353 2242 Ecclesiae,
1384 2191 1494 2241 quod
1522 2191 1621 2229 haec
1648 2191 1821 2241 agebant
1846 2191 1922 2229 sub

256 2280 314 2312 305
335 2262 525 2310 pretextu
546 2260 711 2308 Christi,
733 2260 842 2310 quod
860 2259 1160 2310 Apostolorum
1179 2258 1303 2298 titulo
1323 2270 1576 2308 personaque
1595 2256 1883 2295 commendati.

388 2326 527 2375 Atque
574 2325 737 2363 vtinam
790 2324 913 2364 hodie
963 2325 1103 2362 nullos
1150 2324 1317 2362 haberet
1362 2320 1698 2372 pseudapostolos
1742 2320 1923 2360 Ecclesia

336 2390 517 2429 Christi!
575 2390 748 2429 Vtinam
780 2403 924 2428 omnes
958 2390 1028 2439 qui
1062 2389 1106 2427 in
1142 2387 1359 2438 Euangelii
1394 2386 1658 2437 praedicandi
1690 2386 1800 2426 vices
1836 2400 1921 2425 suc-

337 2458 555 2504 cesserunt,
579 2456 628 2494 ad
649 2454 888 2506 exemplum
909 2455 1032 2494 Pauli
1051 2456 1192 2494 Iesum
1213 2454 1424 2493 Christum
1443 2465 1528 2490 non
1546 2452 1597 2490 ad
1617 2453 1820 2502 questum,
1838 2465 1922 2491 non

337 2521 386 2558 ad
406 2521 688 2569 ambitionem,
708 2534 792 2559 non
811 2520 860 2558 ad
882 2520 1057 2570 gratiam
1077 2521 1306 2570 potentum,
1326 2532 1410 2557 non
1429 2517 1480 2556 ad
1496 2517 1637 2556 odium
1652 2518 1723 2556 aut
1736 2517 1921 2556 fauorem

381 2637 455 2674 278.
480 2635 567 2666 haec
582 2645 641 2666 om.
658 2637 686 2667 θ.
776 2634 919 2674 quando
936 2634 1080 2674 quidam
1098 2636 1227 2671 scripsi:
1253 2632 1544 2672 quandoquidem
1560 2643 1590 2663 α.
1689 2632 1763 2664 286.
1789 2641 1835 2663 an
1851 2637 1922 2663 anm

338 2682 464 2709 extent
478 2690 517 2710 a:
542 2678 717 2717 quomodo
732 2689 773 2718 7:
799 2678 954 2718 qualiter
970 2679 996 2710 δ.
1162 2687 1235 2716 297.
1261 2688 1279 2707 e
1295 2688 1314 2706 a
1329 2688 1336 2707 ;
1358 2686 1378 2707 a
1394 2677 1421 2708 δ.
1575 2677 1650 2716 298.
1674 2677 1874 2706 etiamnum
1889 2689 1920 2715 η.
1976 2720 1979 2722 q

339 2732 412 2760 303.
438 2722 677 2752 admiscerent
692 2724 766 2753 add.
784 2734 803 2761 η
816 2725 884 2759 post
900 2722 1101 2752 hominum.

386 2809 458 2847 278.
484 2809 577 2849 apud
610 2808 732 2850 Italos]
762 2806 1025 2848 Pomponatius'
1055 2811 1099 2840 De
1167 2811 1201 2838 to
1230 2807 1343 2838 refute
1372 2806 1448 2837 this
1473 2806 1576 2846 view,
1602 2806 1739 2837 headed
1762 2807 1809 2846 by
1831 2807 1921 2846 Aug.

346 2854 572 2883 immortalitate
602 2855 737 2892 animae,
764 2852 932 2893 Bologna,
963 2852 1098 2883 Justin.
1167 2849 1921 2890 Niphus'treatisewiththesametitleNen-

347 2894 583 2935 Ruberiensis,
628 2897 719 2936 1516,
759 2895 831 2927 had
875 2895 1101 2926 maintained
1168 2895 1402 2933 ice,1518,see
1413 2893 1921 2933 E.Renan‚Averrocs,pp.355—

348 2938 428 2968 that
457 2939 629 2970 Aristotle
665 2939 751 2970 held
781 2939 844 2970 the
870 2939 948 2970 soul
985 2940 1021 2969 to
1058 2939 1101 2969 be
1167 2940 1220 2977 69,
1241 2938 1280 2970 R.
1299 2937 1335 2968 C.
1352 2937 1517 2975 Christie,
1537 2939 1665 2975 Essays,
1680 2946 1738 2976 pp.
1759 2937 1819 2975 138
1834 2945 1905 2974 seq.

347 2982 484 3012 mortal.
523 2982 589 3012 For
601 2983 662 3014 the
675 2983 795 3013 efforts
808 2982 846 3014 of
857 2982 918 3013 the
931 2982 1102 3014 orthodox
1211 2981 1284 3012 280.
1310 2982 1345 3011 in
1364 2980 1484 3021 portu]
1503 2979 1554 3011 Cf.
1570 2980 1645 3010 Ter.
1665 2982 1769 3011 Andr.
1781 2980 1855 3018 480.
