2034 3433
130 150 228 205 747]
438 154 591 193 FROM
629 155 964 195 WILLIBALD
1003 156 1412 197 PIROKHEIMER
1642 164 1716 201 181

182 257 243 296 De
270 257 621 297 Reuchlinozoilis
646 258 709 296 nil
735 259 878 308 scribo,
903 260 1108 310 siquidem
1136 261 1198 299 nil
1223 261 1308 301 tuis
1335 262 1502 302 disertis
1527 266 1569 302 et
1595 266 1717 304 veris-

129 322 247 361 simis
268 323 431 374 scriptis
457 324 553 362 addi
578 326 764 374 poterat:
792 325 959 364 valeant
989 325 1126 375 igitur.
1184 326 1325 365 Audio
1355 340 1423 366 eos
1449 329 1588 367 nescio
1619 330 1714 380 quid
1739 346 1776 378 70

127 400 199 436 per
218 388 376 427 idolum
396 402 520 428 suum
540 391 682 427 contra
706 403 773 428 me
798 390 949 429 moliri.
1010 390 1089 429 Sed
1116 391 1311 442 quicquid
1332 392 1373 431 id
1393 393 1460 441 sit,
1482 407 1631 444 parum
1650 408 1717 434 me

127 453 314 492 mouebit
329 468 339 503 ;
360 454 521 492 tamdiu
538 454 650 492 enim
665 454 748 493 iam
764 455 808 493 in
823 456 1001 505 publicis
1016 469 1165 505 versor,
1184 459 1229 495 vt
1245 457 1415 496 iniurias
1431 461 1472 497 et
1487 459 1716 498 calumnias

127 531 213 556 non
242 518 379 557 solum
404 519 610 569 patienter
634 520 741 558 ferre
766 519 837 558 sed
863 522 903 558 et
928 521 1099 560 irridere
1125 520 1352 562 didicerim.
1412 523 1490 562 Sed
1517 524 1630 572 audi,
1650 525 1716 563 ob—

126 596 249 632 secro,
275 584 374 634 quid
394 584 606 634 nephandi
626 585 855 624 nebulones
875 599 1003 636 egere.
1063 586 1166 625 Cum
1188 587 1247 625 10.
1273 587 1514 638 Reuchleyn
1533 589 1716 640 vndique

126 653 443 700 oppugnassent,
484 651 652 689 tandem
691 651 899 701 Principis
937 651 1012 698 sui,
1055 653 1162 701 quod
1203 665 1365 702 semper
1402 653 1537 702 timui,
1577 655 1716 694 nescio
1736 672 1772 704 75

125 714 276 763 quibus
305 715 519 754 fraudibus
550 715 883 766 indignationem
914 717 1183 755 concitarunt.
1246 717 1296 755 Id
1326 731 1379 756 ne
1410 718 1454 756 in
1487 721 1715 758 extremam

124 779 400 819 calamitatem
420 780 634 819 hominem
650 781 840 820 coniiciat
855 781 1121 820 vehementer
1139 782 1274 831 timeo,
1294 796 1369 821 nec
1389 797 1485 822 eum
1504 798 1528 822 a
1547 785 1716 834 tyranni

123 845 310 883 faucibus
343 846 424 883 nisi
458 845 570 883 Deus
602 846 754 896 eripiet.
814 846 929 893 Vide,
963 846 1023 884 mi
1054 846 1236 894 Erasme,
1271 848 1368 896 quid
1401 848 1601 898 iniquitas
1630 862 1713 888 non

122 909 256 957 audet,
293 910 512 960 praecipue
549 911 718 950 illorum
755 911 977 949 hominum
1011 912 1081 962 qui
1119 911 1263 961 populi
1300 913 1500 952 deuorant
1535 917 1711 964 peccata,

123 974 305 1024 coelique
324 975 541 1014 claudendi
561 977 602 1014 et
622 976 830 1014 reserandi
849 989 891 1015 se
912 976 977 1014 ius
996 976 1147 1014 habere
1166 976 1420 1016 existimant.
1733 988 1774 1018 80

178 1040 347 1078 Nouum
381 1041 695 1079 Testamentum
729 1044 849 1080 tuum
886 1041 1005 1080 auide
1042 1042 1304 1090 expectamus
1321 1057 1330 1090 3
1374 1043 1475 1092 quin
1511 1046 1552 1083 et
1591 1044 1714 1083 Pauli

123 1105 261 1156 magni
300 1106 588 1145 enarrationes.
661 1107 819 1145 Verum
857 1106 999 1144 iniurii
1038 1119 1195 1153 sumus,
1237 1120 1332 1145 cum
1371 1110 1418 1147 tu
1455 1111 1541 1147 tam
1580 1110 1714 1148 multa

120 1172 313 1220 praestes,
336 1184 415 1209 nos
438 1185 536 1210 vero
559 1171 605 1209 in
631 1171 718 1210 dies
740 1171 820 1210 alia
843 1172 1111 1221 postulemus,
1171 1172 1250 1210 Sed
1277 1175 1324 1210 tu
1348 1174 1393 1211 in
1421 1187 1541 1213 causa
1563 1188 1617 1223 es,
1641 1175 1712 1225 qui

123 1249 195 1275 nos
221 1249 384 1287 semper
408 1237 578 1286 allicias,
600 1250 816 1287 nunquam
841 1239 982 1275 tamen
1007 1237 1184 1285 exaties;
1214 1238 1292 1287 vel,
1321 1240 1367 1277 vt
1395 1239 1534 1278 verius
1564 1239 1710 1288 dicam,

118 1302 293 1340 auaritia
320 1304 463 1340 nostra
490 1315 567 1340 nos
596 1303 733 1341 reddit
766 1302 1031 1341 insatiabiles,
1090 1303 1337 1353 Apologiam
1365 1305 1481 1342 tuam
1510 1317 1594 1342 non
1623 1304 1711 1343 sine
1731 1315 1769 1354 85

119 1366 251 1404 animi
277 1367 416 1405 dolore
443 1367 535 1417 legi,
558 1380 643 1405 non
674 1367 772 1417 quia
799 1367 932 1406 amico
960 1367 1056 1406 ficto
1084 1367 1192 1406 fictis
1219 1369 1443 1418 respondes
1467 1369 1616 1418 verbis,
1640 1370 1710 1408 sed

119 1431 214 1480 quia
232 1445 376 1471 vereor
394 1446 447 1470 ne
466 1432 642 1471 maiores
657 1433 751 1471 inde
766 1433 1027 1471 concitentur
1042 1432 1207 1471 turbae:
1237 1435 1430 1483 quamuis
1449 1436 1490 1472 te
1505 1434 1711 1484 plerisque

118 1497 251 1535 causis
279 1498 466 1536 coactum
496 1498 621 1536 fuisse
650 1500 757 1536 recte
787 1498 1066 1547 consyderem,
1091 1500 1137 1537 vt
1164 1499 1297 1537 acrius
1325 1499 1569 1550 insurgeres.
1630 1500 1709 1538 Sed

115 1561 211 1601 licet
237 1562 470 1612 aliquando,
492 1563 578 1601 imo
603 1576 768 1602 necesse
796 1566 859 1602 est
888 1564 1185 1612 incandescere,
1214 1564 1250 1602 si
1274 1577 1418 1614 pacem
1443 1564 1592 1604 habere
1613 1565 1710 1604 veli-

115 1640 234 1667 mus:
264 1641 388 1678 quam
407 1629 561 1678 absque
579 1628 690 1667 bello
708 1630 902 1679 consequi
922 1629 1097 1668 minime
1117 1643 1346 1680 possumus.
1727 1646 1769 1678 90

168 1692 280 1742 Vale,
303 1693 363 1732 mi
383 1693 660 1732 eruditissime
688 1695 869 1743 Erasme,
894 1696 934 1733 et
960 1695 1065 1733 bene
1084 1696 1188 1742 vale,
1211 1709 1371 1745 meque,
1394 1698 1438 1734 vt
1458 1695 1569 1744 facis,
1592 1708 1708 1734 ama:

114 1770 194 1807 qua
214 1771 259 1796 re
278 1758 340 1796 nil
364 1758 471 1796 mihi
489 1759 647 1808 gratius
665 1760 831 1798 euenire
851 1760 1015 1810 poterit.
1074 1760 1247 1798 Vtinam
1266 1762 1308 1799 te
1330 1760 1552 1810 aliquando
1572 1773 1709 1799 coram

113 1836 278 1862 cernere
309 1823 491 1873 possim!
533 1824 697 1862 vtinam
731 1825 807 1863 tibi
840 1825 886 1863 in
919 1826 1104 1863 mentem
1138 1825 1280 1864 veniat
1313 1827 1360 1864 vt
1390 1838 1455 1863 me
1487 1825 1708 1875 aliquando

114 1888 280 1927 visites!
310 1901 409 1926 nam
435 1888 475 1926 id
504 1891 544 1927 te
570 1889 713 1928 fecisse
740 1903 826 1928 non
853 1890 1093 1941 poenitebit,
1117 1891 1241 1940 idque
1267 1891 1419 1940 absque
1444 1891 1708 1929 incommodo

115 1954 198 2001 fiet,
220 1953 257 1992 si
275 1966 459 2003 vnquam
481 1953 690 1994 Basileam
715 1956 919 2005 proficisci
942 1956 1133 1994 volueris.
1193 1956 1355 1994 Senties
1383 1956 1576 2006 equidem
1596 1956 1707 1994 beni·
1724 1970 1766 2002 95

116 2018 341 2056 uolentiam
360 2032 497 2057 meam
517 2032 602 2058 non
622 2021 758 2058 verbis
778 2021 849 2059 sed
869 2035 911 2059 re
931 2021 1029 2071 ipsa,
1047 2022 1088 2060 et
1107 2021 1141 2059 si
1162 2034 1248 2059 non
1268 2034 1359 2059 eam
1379 2034 1459 2071 qua
1479 2021 1629 2070 dignus
1649 2034 1703 2070 es,

114 2083 185 2122 sed
204 2095 294 2121 eam
314 2083 460 2122 saltem
481 2097 585 2133 quae
605 2084 695 2133 opis
713 2086 792 2124 erit
812 2087 986 2124 nostrae.
1041 2086 1202 2124 Iterum
1220 2086 1323 2135 vale,
1344 2086 1562 2124 literarum
1581 2085 1705 2125 decus

113 2148 323 2187 eximium.
382 2148 672 2198 Nurenbergae
692 2151 824 2199 pridie
844 2151 981 2190 Galen.
1007 2151 1201 2190 Ianuarii.
1224 2152 1347 2190 Amo
1366 2163 1565 2189 M.1).xvn.

410 2279 602 2332 ⁷³⁵74875e
663 2279 791 2319 FROM
823 2279 1108 2320 PAscHAsms
1141 2279 1406 2320 BERSELIUS.

124 2405 126 2408 ,
156 2368 376 2405 Auctarium
394 2380 428 2413 p.
448 2378 525 2403 211.
773 2384 775 2387 ·
1423 2368 1546 2414 Liege.

157 2428 195 2464 F.
216 2439 252 2472 p.
274 2428 360 2462 168:
388 2425 483 2461 HN:
510 2425 624 2460 Lond.
645 2426 699 2461 iii.
719 2437 787 2472 43:
816 2426 888 2461 LB.
908 2437 987 2470 232.
1313 2426 1479 2472 January
1499 2424 1651 2473 (1518).

153 2508 189 2548 [1
206 2508 338 2538 cannot
360 2508 500 2546 suggest
523 2515 595 2546 any
611 2506 834 2546 satisfactory
849 2507 1045 2537 correction
1069 2507 1108 2537 of
1126 2507 1187 2537 the
1210 2506 1447 2538 mouth-date.
1495 2506 1568 2536 The
1592 2506 1699 2537 letter

108 2560 191 2590 may
207 2551 248 2581 be
271 2549 395 2590 placed
410 2560 430 2580 a
446 2549 543 2580 little
566 2549 657 2580 later
679 2550 769 2580 than
792 2550 854 2590 Ep.
875 2552 946 2590 746,
967 2550 1063 2581 since
1087 2551 1116 2581 it
1138 2551 1169 2581 is
1191 2550 1339 2581 written
1364 2550 1456 2580 from
1479 2550 1584 2590 Liege
1608 2551 1698 2581 after

107 2593 297 2625 Berselius’
319 2595 444 2624 return
465 2594 558 2624 from
583 2594 690 2633 Huy3
715 2593 779 2624 but
800 2595 840 2624 in
862 2594 954 2624 view
975 2594 1013 2624 of
1030 2594 1091 2624 the
1113 2594 1194 2624 date
1216 2594 1255 2623 of
1274 2593 1359 2633 Epp.
1381 2595 1477 2633 756,7
1494 2594 1615 2624 where
1636 2594 1698 2624 the

108 2639 211 2678 form,
240 2640 388 2675 postridie
411 2638 601 2677 Epiphanie,
631 2636 764 2668 admits
786 2638 824 2668 of
850 2647 897 2668 no
924 2638 1125 2677 suggestion
1148 2637 1186 2668 of
1204 2636 1346 2667 clerical
1370 2646 1477 2676 error,
1500 2639 1563 2667 not
1587 2637 1695 2668 much

106 2680 258 2713 latitude
274 2681 304 2711 is
320 2680 500 2721 possible]

232 2765 503 2796 PASCHASIVS
532 2767 773 2798 BERSELIVS
804 2768 899 2798 DES.
928 2768 1106 2797 ERASMO
1136 2767 1438 2797 ROTERODAMO
1470 2767 1502 2796 S.
1530 2767 1572 2796 D.

160 2848 295 2887 CERTE
320 2847 490 2896 probare
518 2862 734 2899 nunquam
761 2851 878 2900 potui
906 2849 1076 2887 illorum
1102 2849 1353 2887 industriam
1381 2849 1448 2888 vel
1475 2849 1693 2888 auaritiam

103 2913 254 2963 potius,
277 2912 348 2962 qui
367 2912 522 2962 passim
534 2915 723 2954 amiculis
739 2915 945 2954 strenulas
960 2915 1137 2953 mittunt
1150 2917 1196 2953 vt
1208 2915 1459 2965 apophoreta
1478 2915 1689 2964 recipiant.

271 3005 345 3035 747.
371 3014 421 3043 79.
446 3004 576 3036 audeat
591 3008 632 3037 N.
765 3017 817 3046 95.
844 3010 888 3037 F:
914 3006 1103 3046 aequidem
1120 3009 1156 3038 E.
1207 3009 1248 3044 Cf.
1266 3008 1324 3044 Ep.
1343 3017 1418 3045 412.
1438 3017 1476 3046 14
1492 3018 1523 3038 n.
