2034 3433
297 134 378 172 212
750 134 1001 174 LETTERS
1040 133 1110 171 OF
1149 132 1416 172 ERASMUS
1759 128 1886 183 [1518

297 239 454 289 optimo
489 252 533 277 ac
567 238 830 277 beneuolenti
861 237 999 275 animo
1032 235 1182 285 raptim
1214 235 1288 273 illa
1324 248 1369 273 ac
1407 234 1541 273 obiter
1577 233 1748 283 depinxi
1784 246 1887 284 quae

219 320 233 342 1
243 321 282 343 10
297 317 320 342 a
334 303 700 343 calumniatoribus
715 302 868 351 partim
883 301 1161 350 opponuntur,
1177 299 1330 349 partim
1344 300 1516 348 possent
1529 298 1694 347 opponi.
1745 297 1886 347 Neque

298 369 473 407 arbitror
488 382 561 418 pro
582 370 676 406 tuae
695 365 945 416 integritatis
964 364 1139 403 candore
1158 364 1299 402 minus
1318 363 1497 402 libenter
1514 363 1615 402 haec
1634 365 1675 402 te
1695 375 1745 401 ex
1757 362 1885 401 Eckio

296 434 548 479 auditurum,
573 445 697 481 quam
724 444 817 469 cum
840 430 885 468 in
909 429 1149 468 Dialectices
1169 429 1478 467 commentariis
1503 430 1545 466 te
1571 427 1713 466 Latini
1733 426 1886 477 eloquii

295 498 437 536 solem.
470 499 510 534 et
540 496 640 534 alibi
672 495 780 534 inter
806 493 1048 544 politiorum
1078 493 1292 531 literarum
1322 493 1499 532 cultores
1528 492 1660 531 nostri
1690 491 1818 530 seculi
1846 493 1889 530 te

296 562 536 612 phoenicem
564 561 750 599 dixerim.
810 560 979 598 Parcere
1006 561 1216 609 praeterea
1244 558 1366 597 debes
1389 558 1579 608 impolito
1604 571 1649 596 ac
1675 557 1889 607 illeuigato

216 644 270 675 115
297 627 417 666 stilo:
448 640 545 664 nam
565 628 612 665 vt
632 625 842 664 cameleon
868 624 1046 663 colorem
1072 624 1282 674 attiguum
1307 624 1491 674 suscipit,
1515 624 1573 662 sic
1593 637 1668 674 ego
1694 623 1889 662 barbaros

295 706 465 730 versans
487 692 652 730 assiduo
680 692 844 730 autores
872 691 1103 729 barbariem
1133 690 1345 738 contraho,
1368 692 1492 740 atque
1518 690 1585 728 his
1614 689 1883 728 contaminor.

296 758 358 795 Tu
385 770 481 795 vero
504 757 596 795 vale
621 757 755 795 fauste
784 770 830 795 ac
856 756 1039 804 feliciter,
1061 756 1121 794 mi
1146 756 1330 804 Erasme,
1361 756 1491 795 seculi
1520 755 1654 794 nostri
1681 755 1889 804 singulare

296 823 430 869 decus,
455 824 496 860 et
522 835 618 860 cura
643 823 689 860 vt
715 821 870 860 Eckius
893 821 1200 860 humanitatem
1226 823 1345 859 tuam
1373 821 1634 871 experiatur3
1664 820 1773 870 quod
1796 822 1888 859 tum

295 888 377 932 fiet,
398 900 493 925 cum
512 887 654 926 literas
673 886 724 925 ab
743 887 916 925 Erasmo
935 887 1116 936 accipiet.
1177 886 1280 925 Vale
1301 888 1341 924 et
1360 887 1487 925 salue.

215 970 277 991 120
350 953 414 990 Ex
434 952 669 1002 Ingoldstat
688 964 773 989 1111.
797 951 901 990 Non.
927 951 1076 990 Febru.
1132 953 1260 990 Anno
1279 951 1432 1002 gratiae
1453 964 1714 990 D.D.D.XV111.

1449 1017 1493 1055 T.
1518 1017 1566 1055 D.
1589 1016 1889 1056 deditissimus.

686 1149 782 1188 770.
843 1147 973 1189 FROM
1007 1146 1208 1190 FRANCIS
1238 1147 1499 1188 ASULANUS.

345 1237 478 1281 Biblia,
498 1238 540 1273 f0.
561 1249 609 1272 xx
627 1239 656 1283 φ
673 1237 717 1282 φ2
737 1238 800 1284 (α).
1557 1236 1756 1283 <Venice.>

1478 1293 1694 1341 <February
1716 1294 1842 1342 1518.)

341 1376 432 1417 [The
454 1375 593 1415 preface
615 1378 652 1407 to
675 1376 738 1407 the
761 1376 848 1407 New
871 1377 1078 1408 Testament
1101 1377 1140 1406 in
1165 1376 1224 1407 the
1240 1376 1375 1407 Aldine
1396 1376 1512 1407 Greek
1529 1376 1633 1407 Bible
1651 1377 1689 1408 of
1702 1376 1784 1409 Feb.
1805 1377 1888 1416 1518

300 1420 356 1456 (cf.
375 1429 423 1450 rv.
441 1420 506 1450 280
524 1419 586 1458 n.).
634 1420 708 1451 The
724 1420 947 1460 publication
971 1421 1009 1450 of
1027 1421 1057 1450 it
1078 1419 1151 1450 had
1167 1421 1256 1450 been
1273 1420 1487 1450 announced
1504 1421 1540 1450 to
1556 1420 1726 1451 Erasmus
1742 1421 1781 1451 in
1797 1420 1887 1460 Aug.

299 1472 380 1502 1517
400 1463 501 1503 (Epp.
521 1464 595 1502 629,
614 1464 736 1503 642—3)
756 1475 763 1503 3
788 1465 863 1503 but,
883 1464 1035 1504 perhaps
1056 1463 1286 1494 incredulous
1302 1463 1382 1494 that
1400 1473 1419 1493 a
1435 1464 1534 1494 work
1551 1473 1588 1493 so
1604 1464 1688 1503 long
1706 1463 1887 1504 projected

298 1517 369 1537 was
385 1507 498 1546 really
510 1508 616 1537 about
631 1509 667 1538 to
677 1517 818 1547 appear,
833 1508 879 1538 he
894 1518 967 1538 was
979 1507 1055 1538 still
1068 1507 1251 1546 thinking,
1264 1517 1302 1538 as
1316 1507 1388 1538 late
1401 1517 1438 1537 as
1452 1516 1471 1545 5
1484 1507 1587 1547 April
1604 1508 1687 1546 1518
1701 1507 1780 1548 (Ep.
1793 1507 1887 1546 8095,

298 1551 336 1581 of
349 1550 512 1590 printing
529 1550 589 1581 the
613 1551 743 1581 second
768 1551 908 1582 edition
931 1551 969 1581 of
988 1551 1047 1581 his
1071 1551 1158 1581 New
1181 1551 1388 1581 Testament
1412 1553 1449 1581 at
1472 1550 1615 1582 Venice.
1664 1551 1701 1582 It
1719 1561 1792 1582 was
1812 1561 1887 1591 pro-

297 1594 404 1633 bably
423 1594 485 1624 the
507 1594 639 1624 arrival
661 1594 699 1625 of
719 1595 782 1626 the
805 1595 1051 1634 presentation
1075 1594 1218 1625 volume
1244 1594 1336 1625 with
1362 1594 1437 1625 this
1462 1594 1660 1625 handsome
1686 1594 1888 1626 dedication

298 1637 418 1668 which
440 1638 637 1668 convinced
659 1638 737 1669 him
760 1639 806 1677 by
832 1649 869 1677 17
890 1637 996 1678 April
1022 1638 1125 1678 (Epp.
1150 1638 1273 1676 815-7)
1299 1637 1379 1668 that
1403 1638 1450 1668 he
1473 1637 1576 1668 could
1601 1640 1665 1668 not
1688 1640 1812 1678 expect
1828 1639 1890 1669 the

296 1681 429 1711 Aldine
446 1681 526 1711 firm
543 1683 579 1711 to
594 1681 794 1712 undertake
812 1682 965 1712 another
981 1681 1120 1712 edition
1137 1683 1173 1712 at
1194 1691 1293 1720 once,
1310 1681 1381 1711 and
1396 1682 1488 1720 that,
1508 1681 1648 1721 though
1665 1682 1724 1713 his
1740 1682 1889 1713 inclina-

298 1725 374 1755 tion
391 1734 463 1755 was
478 1725 533 1755 for
550 1725 649 1764 Italy
667 1726 745 1765 (Ep.
763 1726 835 1763 786.
860 1726 970 1765 14-6),
985 1725 1030 1756 he
1047 1727 1144 1756 must
1161 1725 1283 1756 decide
1300 1725 1355 1756 for
1371 1724 1506 1765 Basle.]

518 1811 792 1843 FRANCISCVS
822 1811 1052 1841 ASVLANVS
1083 1811 1263 1841 ERASMO
1293 1811 1602 1842 ROTERODAMO
1633 1812 1666 1841 S.

353 1892 486 1930 N1H11.
523 1893 704 1942 optatius
742 1893 849 1931 mihi
886 1906 973 1931 esse
1017 1894 1161 1943 potest,
1204 1893 1392 1941 Erasme,
1434 1906 1560 1942 quam
1599 1907 1648 1931 ex
1687 1893 1892 1932 industria

298 1957 552 2007 summisque
585 1957 797 1996 laboribus
829 1958 982 1996 nostris
1015 1958 1056 1996 id
1090 1971 1221 2008 genus
1253 1958 1475 1996 hominum
1508 1958 1725 1997 conciliare
1755 1958 1886 2006 nobis,

298 2024 369 2073 qui
402 2036 543 2061 rerum
572 2036 659 2071 vsu,
691 2023 859 2073 ingenio
892 2025 933 2061 et
966 2023 1096 2062 literis
1126 2025 1383 2072 praestantes
1415 2024 1512 2071 sint,
1543 2037 1588 2063 ac
1622 2038 1672 2062 ex
1703 2024 1891 2062 omnium

300 2101 470 2126 numero
504 2088 562 2126 ita
594 2088 775 2126 existant
805 2090 853 2127 vt
889 2089 1073 2139 optimus
1108 2088 1283 2139 quisque
1315 2089 1365 2127 ad
1398 2102 1553 2127 nomen
1593 2089 1763 2127 illorum
1796 2089 1893 2127 cele-

261 2167 278 2197 5
301 2153 504 2190 brandum
533 2153 745 2201 excitetur,
777 2154 818 2191 et
845 2153 895 2191 ad
925 2153 1214 2191 testimonium
1243 2153 1378 2192 laudis
1407 2155 1447 2192 et
1483 2153 1630 2192 iudicii
1665 2154 1716 2192 de
1749 2167 1891 2192 eorum

298 2217 482 2266 ipsorum
501 2218 656 2256 virtute
677 2217 860 2256 dandum
879 2218 923 2256 in
944 2218 1031 2257 dies
1056 2218 1229 2257 alacrior
1247 2219 1330 2257 fiat.
1394 2219 1511 2267 Quod
1533 2219 1569 2257 si
1590 2218 1635 2256 in
1656 2219 1890 2269 quempiam

298 2282 519 2331 aliquando
544 2282 779 2331 incidimus,
804 2296 853 2321 ex
880 2297 961 2332 quo
988 2297 1082 2321 cum
1106 2283 1346 2321 huiusmodi
1372 2283 1515 2322 officiis
1534 2296 1886 2334 prosequeremur.

299 2361 493 2398 magnam
531 2347 732 2386 laetitiam
778 2361 823 2386 ac
861 2348 1117 2398 voluptatem
1157 2348 1397 2397 ceperimus,
1439 2350 1546 2386 certe
1592 2362 1678 2387 non
1719 2360 1890 2398 paruam

299 2413 472 2463 gloriam
510 2426 585 2452 nos
623 2414 793 2464 adeptos
829 2414 1021 2462 fatemur,
1062 2427 1158 2452 cum
1196 2415 1239 2451 in
1277 2414 1525 2452 memoriam
1565 2427 1612 2452 ea
1649 2425 1893 2451 reuoeamus

244 2491 283 2512 10
302 2481 485 2527 tempora
506 2478 654 2528 quibus
672 2479 856 2529 plurima
876 2479 921 2517 in
940 2481 981 2517 te
1000 2479 1136 2517 studia
1155 2479 1339 2517 conferre
1359 2478 1483 2516 nobis
1503 2478 1636 2516 licuit.
1678 2477 1889 2527 Siquidem

301 2542 449 2591 Aldus,
486 2543 602 2581 cuius
634 2543 835 2582 memoria
872 2543 1000 2581 nullis
1033 2556 1217 2592 vnquam
1256 2543 1472 2581 literarum
1511 2542 1786 2581 monimentis
1822 2546 1892 2581 aut

302 2606 516 2645 doctorum
536 2607 756 2646 hominum
780 2607 1079 2657 praedicatione
1105 2608 1205 2646 satis
1230 2607 1515 2656 celebrabitur,
1539 2609 1578 2645 et
1598 2621 1753 2646 nomen
1771 2609 1893 2646 tuum

349 2704 423 2735 769.
444 2714 515 2743 115.
532 2705 760 2736 chamaeleon
778 2704 830 2735 ΒΞ.
926 2714 995 2744 119.
1015 2714 1096 2735 cum
1109 2704 1171 2734 D²:
1191 2703 1277 2735 dum
1294 2704 1347 2735 Dl.
1444 2714 1516 2736 121.
1535 2705 1571 2737 T.
1589 2705 1632 2737 D.
1647 2705 1893 2737 deditissimus
1953 2702 1956 2705 ”

307 2757 366 2778 om.
383 2750 424 2777 H.
562 2749 634 2779 770.
660 2749 689 2780 8.
714 2758 881 2788 magnam
897 2751 1030 2785 scripsi:
1054 2750 1197 2788 imagna
1214 2760 1244 2778 α.

341 2845 413 2875 769.
436 2856 504 2884 113.
522 2845 648 2886 solem]
662 2847 706 2877 In
719 2847 781 2877 the
792 2846 941 2886 preface‚
955 2846 1063 2876 dated
1220 2845 1323 2886 alibi]
1341 2847 1359 2877 Ι
1377 2847 1421 2877 (10
1439 2849 1501 2877 not
1519 2847 1626 2877 know
1641 2847 1771 2877 where.

308 2897 345 2925 19
363 2888 444 2920 Feb.
463 2891 554 2928 1516,
569 2891 606 2920 to
620 2889 724 2920 Eck’s
737 2892 778 2920 In
794 2893 969 2921 summulas
985 2892 1066 2920 Petri
1173 2899 1242 2920 120.
1260 2899 1294 2921 D.
1309 2899 1341 2921 D.
1355 2890 1406 2925 DJ!
1426 2891 1459 2921 A
1470 2891 1571 2921 usual
1585 2891 1677 2921 form
1690 2891 1781 2921 with
1798 2889 1871 2919 Eck
1886 2900 1894 2928 ;

304 2933 442 2967 Hispani
473 2935 658 2973 explanatio,
699 2934 898 2973 Augsburg,
931 2933 1061 2971 Miller,
1133 2932 1217 2963 used
1236 2934 1309 2963 also
1326 2934 1374 2972 by
1390 2934 1576 2965 Mutianus
1593 2933 1730 2973 (MRE2.
1747 2933 1838 2972 378).

305 2973 386 3013 May
406 2976 497 3015 1516,
517 2976 538 3007 f.
555 2986 583 3006 2.
1178 2976 1251 3007 770.
1278 2987 1327 3008 10.
1352 2977 1530 3018 tempora]
1547 2978 1595 3008 In
1614 2986 1751 3016 1507—9.
