2034 3433
204 404 243 426 10

202 731 240 762 ¹5

202 1060 239 1081 20

199 1387 237 1419 25

200 1715 242 1745 30

263 151 344 189 536
735 153 986 192 LETTERS
1024 154 1095 191 OF
1132 153 1401 193 ERASMUS

1745 149 1872 205 [1519

262 255 541 296 obticuissem.
603 256 786 294 Tantum
806 258 947 294 autem
967 256 1084 295 abest
1104 259 1149 295 vt
1169 257 1324 308 pudeat
1349 271 1417 296 me
1437 257 1549 295 vinci
1574 270 1598 295 a
1624 257 1869 305 iunioribus,

260 324 309 361 vt
329 323 600 362 vehementer
619 325 660 360 et
679 321 879 371 gaudeam
901 324 943 360 et
962 322 1116 373 glorier
1135 324 1323 361 seculum
1344 325 1536 362 nostrum
1557 323 1714 373 priscae
1733 323 1871 363 barba-

261 389 334 427 riei
364 392 584 428 veternum
622 401 768 426 exuere
805 391 847 426 et
880 388 925 426 in
960 388 1133 438 optimis
1170 389 1322 427 litteris
1360 389 1560 428 foeliciter
1600 389 1870 428 reflorescere.

262 453 405 503 Neque
434 453 502 491 hic
531 453 663 491 vllam
692 453 830 491 laudis
859 455 1019 504 partem
1049 454 1156 492 mihi
1186 455 1370 502 vendico,
1400 454 1484 493 nisi
1511 455 1549 494 si
1578 467 1681 505 quos
1709 456 1874 493 nostrae

259 519 567 557 lucubrationes
587 519 953 569 expergefecerunt
979 519 1029 557 ad
1056 520 1228 558 meliora
1247 520 1409 569 studia3
1439 533 1491 559 ne
1516 533 1585 558 me
1608 522 1730 570 putes
1748 532 1872 570 agno-

259 598 371 623 scere
391 584 534 623 laudes
554 598 655 635 quas
674 585 781 623 mihi
801 585 977 624 candide
998 586 1131 635 magis
1151 598 1277 635 quam
1296 599 1394 625 vere
1415 585 1577 625 tribuis.

314 650 444 689 Porro
464 663 622 689 nouum
643 664 727 689 non
747 653 810 689 est
829 651 940 700 apud
957 650 1183 701 Hungaros
1203 665 1292 690 esse
1311 651 1494 701 preclara
1507 651 1687 701 ingenia,
1707 651 1873 702 quando

259 716 389 754 Ianus
408 715 480 754 ille
502 716 748 755 Pannonius
768 719 935 755 tantum
957 716 1092 755 laudis
1112 717 1265 755 meruit
1285 717 1330 755 in
1352 717 1537 756 carmine
1556 720 1602 756 vt
1618 716 1744 756 Italia
1761 717 1872 756 vltro

258 782 321 821 illi
350 782 523 821 herbam
555 782 748 832 porrigat.
809 782 990 831 Pisonis,
1018 783 1138 821 cuius
1167 784 1415 822 memoriam
1444 782 1551 821 mihi
1579 783 1758 831 refricas,
1784 784 1873 822 tam

258 848 438 886 iucunda
457 850 521 886 est
541 848 770 886 recordatio
791 861 916 898 quam
938 848 1040 886 olim
1062 847 1218 886 Romae
1239 847 1419 886 iucunda
1437 848 1572 886 fuerat
1592 848 1848 887 consuetudo
1865 864 1873 887 :

259 915 358 964 quid
389 915 502 954 enim
532 914 604 952 illo
635 915 799 953 doctius
827 917 898 953 aut
920 915 1018 965 quid
1050 914 1275 953 sestiuius?
1330 913 1420 963 Ego
1447 913 1561 951 hunc
1588 916 1873 964 preceptorem

259 979 393 1029 magis
407 981 594 1030 gratulor
609 980 877 1019 serenissimo
892 980 995 1031 Regi
1007 983 1146 1019 vestro
1162 994 1288 1030 quam
1303 993 1478 1030 regnum
1492 980 1646 1029 ipsum.
1687 979 1875 1019 Fuerunt

258 1048 299 1084 et
319 1045 387 1084 hic
405 1045 476 1096 qui
497 1059 564 1084 me
585 1046 848 1085 Ferdinando
868 1045 1057 1096 Principi
1078 1048 1364 1096 preceptorem
1388 1046 1485 1084 dare
1503 1045 1672 1085 vellent.
1734 1045 1791 1084 Et
1811 1048 1874 1086 est

259 1111 495 1152 adolescens
516 1126 685 1162 prorsus
700 1112 841 1151 indole
857 1113 1012 1162 diuina,
1030 1112 1242 1151 docilitate
1262 1111 1515 1160 incredibili,
1529 1112 1731 1162 probitati
1745 1113 1874 1152 virtu·

258 1178 372 1228 tique
392 1180 528 1226 natus
550 1178 601 1218 ad
621 1178 698 1216 hec
718 1178 891 1216 amabili
913 1177 1091 1228 quadam
1111 1191 1278 1217 morum
1306 1177 1535 1228 grauitate3
1568 1178 1637 1216 sed
1663 1180 1781 1216 erant
1802 1191 1876 1217 cur

259 1256 325 1281 me
342 1243 499 1282 nollem
515 1244 633 1283 aulae
649 1243 921 1283 committere.
967 1243 1010 1282 Is
1027 1246 1179 1292 tamen,
1199 1245 1247 1283 vt
1260 1244 1348 1293 ipse
1363 1243 1471 1281 mihi
1486 1243 1662 1292 rettulit,
1682 1243 1874 1283 libellum

258 1308 320 1347 De
341 1308 550 1359 Principis
570 1309 840 1348 institutione
861 1323 1024 1359 semper
1043 1309 1167 1348 habet
1187 1309 1231 1346 in
1251 1309 1457 1348 manibus.

313 1374 426 1413 Velii
459 1388 625 1413 carmen
658 1375 813 1425 legens,
850 1376 959 1424 quod
994 1375 1185 1425 proxime
1219 1375 1327 1412 mihi
1361 1374 1572 1413 redditum
1608 1376 1682 1421 est,
1713 1373 1874 1414 Lucani

258 1439 404 1478 tubam
433 1439 575 1479 audire
605 1439 770 1479 videor:
811 1441 962 1490 dignus
993 1441 1064 1478 ille
1096 1440 1168 1490 qui
1199 1453 1374 1490 magnos
1408 1453 1524 1490 reges
1559 1440 1759 1489 decantet,
1790 1453 1874 1479 non

259 1505 494 1544 Erasmum.
555 1505 781 1555 Nunquam
821 1509 942 1545 autor
975 1506 1052 1544 tibi
1086 1507 1202 1544 suero
1234 1508 1290 1554 vt,
1324 1506 1680 1556 quemadmodum
1712 1505 1870 1555 scribis,

259 1573 349 1609 octo
383 1571 546 1609 dierum
580 1571 728 1610 itinere
763 1571 814 1610 ad
849 1572 975 1610 huius
1008 1571 1300 1610 homuntionis
1339 1571 1624 1621 spectaculum
1661 1584 1873 1620 accurras3

259 1649 359 1674 nam
379 1638 443 1675 sat
463 1636 547 1675 scio
568 1638 610 1674 et
625 1639 665 1674 te
685 1637 918 1686 poeniteret
938 1637 1103 1675 itineris
1122 1640 1163 1675 et
1183 1650 1257 1686 ego
1278 1637 1528 1675 nonnullam
1548 1636 1873 1676 existimationis

259 1715 376 1740 meae
404 1702 609 1740 iacturam
638 1702 746 1752 apud
777 1705 819 1740 te
849 1703 1038 1742 facerem.
1097 1702 1141 1740 Si
1168 1702 1267 1753 quid
1295 1702 1464 1741 Erasmi
1489 1702 1724 1750 visendum,
1753 1703 1797 1741 id
1827 1704 1873 1741 in

258 1767 413 1806 libellis
440 1767 598 1806 nostris
625 1768 886 1818 conspicatus
912 1781 966 1807 es.
1029 1769 1224 1807 Ceterum
1250 1781 1327 1806 nec
1351 1781 1427 1817 ego
1447 1781 1541 1806 sum
1562 1767 1710 1806 Liuius
1729 1781 1805 1807 nec
1824 1771 1872 1808 tu

260 1833 492 1871 Gaditanus
512 1832 719 1883 quispiam
739 1833 949 1872 barbarus,
997 1833 1115 1882 Quod
1137 1835 1277 1871 autem
1298 1833 1468 1883 insuper
1488 1846 1643 1871 munus
1662 1833 1874 1874 adornas?

1054 1940 1085 1970 9.
1115 1932 1177 1961 aE
1194 1942 1202 1962 ι
1224 1930 1359 1970 glorior
1375 1932 1408 1965 β.
1536 1933 1612 1963 αΕ;
1638 1931 1820 1964 barbaries
1835 1934 1869 1968 β.

977 1984 1027 2013 15.
1060 1975 1274 2005 Pannonius
1301 1973 1336 2004 α2
1360 1977 1396 2005 in
1423 1984 1525 2013 mary.
1552 1975 1593 2015 (ει
1621 1977 1733 2006 addit:
1767 1976 1874 2008 ‘Haec

302 1931 335 1962 8.
361 1930 564 1960 iunioribus
582 1941 602 1959 α
617 1941 624 1961 :
651 1930 854 1961 minoribus
870 1932 901 1965 β,

264 1984 312 2006 12.
346 1975 392 2009 βε
431 1973 746 2013 expergefecerant
773 1986 802 2005 α.

260 2019 352 2048 dictio
367 2021 411 2048 est
425 2027 544 2048 manus
559 2020 688 2048 Erasmi
701 2020 725 2058 ')
744 2021 791 2049 E:
816 2018 1033 2049 Parrhasius
1049 2018 1120 2053 ‹1¹13-
1280 2019 1330 2048 16.
1356 2017 1508 2049 herbam
1524 2018 1583 2049 illi
1599 2021 1639 2053 Ε.
1751 2019 1874 2052 Iacobi

259 2064 332 2093 add.
349 2063 373 2095 β
389 2065 460 2092 cmte
477 2061 632 2093 Pisonis.
722 2074 742 2091 α
753 2064 803 2094 Ε;
827 2063 1002 2093 memoria
1017 2063 1050 2096 β.
1178 2072 1227 2101 17.
1253 2064 1277 2097 β
1295 2073 1303 2093 :
1326 2063 1542 2094 recordante
1558 2074 1590 2095 α.
1681 2063 1800 2095 fuerat
1815 2063 1850 2094 α2
1865 2075 1872 2096 :

259 2105 372 2136 fuerit
387 2104 440 2137 al:
466 2105 537 2135 fuit
553 2106 586 2139 β.
734 2116 788 2137 21.
812 2117 833 2136 α
845 2109 891 2137 E:
918 2106 1090 2136 brebitati
1106 2107 1140 2141 β.
1283 2115 1338 2137 22.
1364 2108 1445 2137 aE:
1467 2106 1610 2137 amibili
1626 2108 1661 2142 β.
1767 2110 1873 2139 erant

259 2161 301 2179 a:
326 2150 403 2179 erat
419 2151 458 2180 E.
624 2159 677 2189 23.
704 2152 785 2180 aE:
810 2152 962 2180 tamenn
978 2151 1011 2184 β.
1169 2159 1223 2188 25.
1249 2152 1327 2182 aE:
1352 2150 1527 2190 proximis
1542 2152 1579 2184 β.
1735 2152 1787 2182 28.
1811 2152 1874 2183 ho—

264 2193 469 2223 muncionis
486 2192 596 2223 huius
612 2195 651 2224 E.
787 2203 838 2233 29.
865 2194 1068 2233 poeniteret
1084 2195 1128 2228 βε
1154 2194 1335 2233 petineret
1350 2205 1382 2225 α.
1516 2204 1570 2232 30.
1596 2193 1635 2224 id
1652 2196 1727 2226 add.
1744 2196 1780 2229 β.

308 2291 357 2320 15.
385 2281 613 2322 Pannonius]
639 2281 737 2312 John
770 2281 809 2312 of
837 2281 1033 2313 Csezmicze

263 2327 301 2356 in
330 2326 368 2356 E.
398 2325 566 2356 Slavonia
596 2327 654 2365 (29
677 2326 767 2364 Aug.
798 2335 1033 2364 1434-—1472

262 2369 353 2409 fin.),
379 2369 443 2400 the
467 2369 607 2400 famous
634 2369 850 2408 Hungarian
879 2368 1029 2399 scholar.

262 2413 308 2443 In
337 2423 417 2452 1447
443 2412 500 2443 his
530 2413 647 2453 uncle,
672 2413 769 2443 John
800 2413 913 2453 Vitez,
943 2413 1034 2443 later

261 2457 355 2496 Abp.
378 2458 416 2487 of
436 2457 647 2495 G1·an,sent
675 2457 753 2487 him
780 2459 815 2487 to
841 2457 1032 2488 Guarino's

262 2500 381 2531 school
419 2502 457 2530 at
493 2500 644 2539 Verona,
686 2500 806 2532 where
845 2500 891 2530 he
929 2500 1033 2530 made

261 2545 360 2582 great
390 2553 571 2583 progress3
604 2544 801 2583 attracting
824 2544 887 2574 the
913 2545 1032 2574 notice

262 2588 301 2618 of
314 2587 468 2627 Ficinus,
487 2587 756 2627 Trapezuntius,
772 2588 1030 2627 Argyropylus,

261 2632 333 2661 and
350 2631 538 2661 Galeottus
561 2631 715 2662 Martius
740 2632 821 2671 (Ep.
848 2632 922 2670 581.
939 2633 960 2661 6
977 2631 1032 2672 n.)

262 2675 352 2704 with
413 2675 649 2706 translations
717 2675 810 2705 from
883 2675 1030 2712 Homer,

264 2718 525 2749 Demosthenes
567 2718 641 2749 and
691 2717 874 2750 Plutarch.
930 2719 1034 2750 After

264 2764 410 2801 moving
427 2765 463 2792 to
480 2762 600 2792 Padua
614 2763 653 2792 in
669 2771 752 2801 1454
769 2763 806 2792 to
823 2761 933 2801 study
948 2762 1028 2802 law,

264 2805 308 2835 lie
325 2806 499 2836 returned
523 2808 560 2836 to
584 2806 763 2845 Hungary
779 2806 819 2835 in
836 2806 929 2845 1458.
977 2806 1033 2836 He

262 2858 333 2879 was
364 2849 506 2879 created
536 2849 601 2889 Bp.
636 2849 674 2879 of
708 2849 954 2880 Fiinfkirchen
993 2851 1031 2879 in

267 2901 372 2931 14593
398 2893 462 2923 but
479 2893 519 2923 in
540 2902 620 2932 1471
646 2892 798 2923 allowed
824 2893 975 2923 himself
995 2896 1032 2924 to

265 2935 306 2964 be
324 2936 449 2966 drawn
474 2936 553 2967 into
576 2937 639 2967 the
663 2937 874 2976 conspiracy
891 2938 1031 2976 against

265 2978 436 3009 Matthias
454 2979 640 3020 Corvinus,
653 2980 724 3010 and
740 2980 822 3010 died
834 2980 873 3010 of
882 2980 944 3010 the
960 2980 1031 3010 dis-

264 3030 375 3059 grace.
427 3023 459 3053 A
483 3022 655 3054 selection
679 3024 718 3053 os
738 3023 796 3054 his
822 3033 942 3062 poenis
960 3033 1032 3054 was

1103 2280 1224 2311 edited
1242 2281 1288 2321 by
1299 2281 1433 2312 Beatus
1445 2281 1643 2312 Rhenanus
1654 2281 1709 2313 for
1721 2282 1872 2324 Froben,

1103 2335 1143 2363 23
1167 2325 1255 2364 July
1274 2326 1357 2364 1518
1381 2325 1503 2366 (BRE.
1522 2324 1591 2365 76),
1611 2335 1709 2357 some
1731 2326 1787 2357 for
1809 2327 1873 2358 the

1101 2369 1182 2399 first
1200 2369 1288 2399 time
1309 2368 1403 2399 from
1425 2379 1445 2400 a
1467 2369 1659 2409 Strasburg
1683 2370 1757 2402 MS.
1777 2380 1872 2402 com-

1101 2412 1312 2442 municated
1327 2413 1375 2452 by
1390 2413 1515 2443 Sturm
1536 2413 1615 2452 (Ep.
1633 2423 1708 2452 302.
1729 2423 1769 2453 13
1791 2415 1845 2452 n.)
1863 2426 1872 2454 ;

1101 2456 1175 2486 and
1202 2466 1223 2486 a
1244 2455 1416 2487 collected
1439 2456 1578 2487 edition
1595 2466 1669 2487 was
1690 2457 1872 2497 produced

1103 2500 1149 2539 by
1167 2499 1220 2532 Ct.
1239 2500 1273 2530 S.
1292 2499 1416 2530 Teleki
1432 2502 1468 2531 at
1486 2500 1651 2539 Utrecht,
1673 2502 1767 2540 1784.

1145 2544 1209 2574 See
1240 2543 1345 2583 Voigt
1376 2543 1414 2575 ii.
1446 2544 1598 2583 318-243
1634 2544 1657 2574 J
1659 2554 1708 2577 os,
1735 2544 1872 2582 Koller,

1101 2589 1137 2617 H
1140 2590 1184 2618 ist.
1195 2590 1324 2624 episcop.
1342 2589 1676 2625 Quinqueechesiav-um
1688 2589 1726 2619 iv
1740 2588 1869 2629 (1796),

1105 2640 1233 2670 1-359;
1256 2630 1329 2661 and
1351 2640 1448 2661 some
1466 2633 1620 2662 Analecta
1641 2632 1687 2672 by
1708 2631 1747 2664 E.
1764 2631 1868 2674 Abel,

1104 2675 1197 2705 1880.

1144 2717 1219 2748 The
1234 2717 1423 2749 confusion
1440 2718 1481 2748 in
1505 2718 1569 2749 the
1585 2718 1683 2750 MSS.
1700 2719 1792 2750 with
1808 2719 1871 2751 the
1932 2718 1935 2720 ’

1100 2761 1247 2801 Italian,
1257 2761 1372 2793 Janus
1380 2761 1602 2800 Parrhasius,
1609 2762 1674 2794 has
1683 2762 1872 2803 evidently

1101 2805 1220 2835 arisen
1237 2806 1328 2835 from
1344 2806 1407 2836 the
1423 2805 1620 2845 similarity
1635 2805 1674 2836 of
1686 2816 1803 2838 name.

1148 2850 1198 2880 16.
1222 2848 1390 2890 herbam]
1416 2849 1470 2881 cf.
1487 2851 1593 2887 Aday.
1614 2850 1692 2889 878.

1145 2901 1197 2923 20.
1224 2892 1469 2934 Ferdinando]
1485 2892 1537 2923 Cf.
1554 2893 1616 2933 Ep.
1634 2902 1709 2933 917.
1730 2902 1771 2925 10
1781 2901 1819 2926 n.

1190 2935 1452 2977 preceptorem]
1471 2936 1535 2968 See
1551 2946 1583 2976 p.
1603 2947 1679 2975 492.

1145 2988 1196 3018 23.
1224 2979 1404 3021 libellum]
1423 2980 1487 3011 See
1504 2980 1568 3019 Ep.
1583 2980 1656 3020 853.

1145 3033 1197 3062 24.
1223 3023 1262 3053 in
1279 3022 1461 3064 manibus]
1480 3023 1532 3055 cf.
1553 3023 1616 3063 Ep.
1633 3033 1711 3064 970.
1728 3032 1817 3063 24‚5.
