2034 3433
277 124 355 161 128
739 122 990 162 LETTERS
1029 122 1099 161 OF
1137 120 1402 160 ERASMUS
1740 117 1779 172 [1
1788 130 1810 168 5
1819 132 1834 156 1
1845 129 1864 167 7

270 230 412 266 tamen
445 227 480 266 si
510 228 608 278 quid
642 227 808 274 accidat,
842 239 939 264 caue
972 237 1025 262 ne
1056 225 1160 263 duos
1193 224 1320 262 simul
1353 223 1555 262 amittam.
1616 222 1722 271 Quid
1752 223 1865 262 iuuat

271 293 419 340 inanis,
450 293 535 331 imo
564 292 714 330 noxius
743 291 892 330 dolor?
947 290 1069 327 Mone
1099 288 1318 327 Nicolaum
1345 289 1390 327 in
1420 288 1571 339 primis
1599 290 1647 326 vt
1673 301 1762 326 rem
1791 289 1869 328 dis-

234 370 251 401 5
271 358 451 405 simulet,
475 371 607 407 neque
627 357 820 406 cuiquam
840 355 1002 393 effutiat
1022 353 1073 391 ad
1093 366 1217 403 quem
1238 354 1357 392 adeat
1376 354 1420 391 in
1439 352 1642 402 Angliam
1662 355 1733 391 aut
1751 353 1870 392 cuius

271 423 442 461 nomine
479 421 715 460 accersitus.
772 420 865 458 Etsi
895 432 979 457 non
1010 420 1085 466 eat,
1119 420 1258 456 tamen
1289 421 1447 464 taceat3
1487 417 1617 466 fingat
1649 430 1814 456 causam
1845 427 1870 456 a

270 501 368 526 vera
383 487 692 526 alienissimam.
736 486 842 524 Rem
856 497 907 523 ex
921 482 1126 522 secretarii
1145 483 1280 521 literis
1296 485 1336 521 et
1352 497 1401 521 ex
1418 482 1560 522 Iacobi
1579 483 1663 520 mei
1681 495 1869 521 sermone

271 565 502 602 cognosces.
559 551 671 589 Bene
700 550 803 597 vale,
834 549 1063 588 amicorum
1103 547 1270 597 optime,
1303 550 1344 586 et
1375 547 1514 586 virum
1544 549 1586 585 te
1617 547 1752 597 prebe,
1784 547 1870 586 imo

270 616 510 655 memineris
528 615 743 655 hominem
763 628 851 653 esse
872 616 923 662 te,
947 615 988 652 et
1007 613 1091 653 vite
1112 613 1238 651 huius
1257 612 1444 651 fabulam
1465 625 1550 662 age.
1595 612 1710 651 Bene
1728 625 1872 663 precor

216 700 252 722 ιο
270 682 355 720 tuis
370 681 576 727 omnibus,
596 683 636 719 et
655 680 700 718 in
719 680 868 730 primis
883 678 1042 730 optimo
1061 678 1181 728 patri.
1228 677 1384 728 Scripsi
1400 677 1597 728 Banysio.

325 746 502 784 Louanii
519 746 662 794 3.Non.
686 744 889 784 Nouemb.

327 811 387 849 Mi
415 811 564 858 anime,
590 812 683 860 post
710 811 813 849 istas
839 809 1040 860 procellas
1065 808 1274 859 insignem
1300 807 1486 857 aliquam
1514 807 1782 847 serenitatem
1807 821 1871 846 ex-

271 878 397 927 pecta,
421 878 544 926 atque
563 876 628 915 illi
648 877 689 914 te
708 889 842 914 serua.
890 875 1074 913 Rursum
1093 873 1194 912 vale.
1247 873 1293 912 Si
1312 872 1411 923 quid
1431 885 1533 922 opus
1555 873 1632 911 erit
1647 872 1715 911 vel
1734 872 1778 911 in
1798 875 1872 912 tuo

272 941 442 992 negocio
462 941 529 980 vel
549 942 593 980 in
613 941 785 991 negocio
806 939 980 987 Nicolai,
1001 940 1088 990 ipse
1108 937 1322 977 aduolabo.
1385 935 1531 990 [Anno
1551 951 1595 977 M.
1611 951 1649 976 D.
1675 934 1779 990 xvr]

509 1074 605 1115 703.
666 1071 732 1113 To
762 1071 1031 1126 <HERMANN,
1064 1069 1223 1111 Cor-NT
1255 1080 1310 1110 oF
1343 1068 1640 1124 NEPENAHR).

320 1174 509 1211 Deventer
525 1174 602 1210 MS.
621 1185 677 1220 91,
697 1175 723 1209 f.
741 1176 787 1210 66
805 1177 853 1208 v0.
1525 1170 1701 1205 Louvain.

320 1233 390 1268 LB.
409 1233 504 1278 App.
523 1243 603 1278 203.
1400 1240 1422 1272 4
1441 1227 1653 1264 November
1673 1227 1825 1274 (1517).

317 1319 395 1362 [Dr.
413 1319 525 1350 Reich
541 1319 572 1349 is
587 1318 721 1358 clearly
737 1317 836 1358 right
854 1318 926 1357 (pp.
946 1316 1061 1357 233,4)
1080 1317 1119 1346 in
1135 1315 1348 1355 addressing
1364 1315 1438 1346 this
1459 1317 1496 1346 to
1519 1315 1640 1346 Count
1665 1315 1874 1352 Hermann:

272 1364 315 1394 cf.
342 1363 404 1403 Ep.
433 1373 507 1402 722.
525 1372 577 1394 22.
654 1361 795 1393 Leclerc
819 1360 978 1401 supplies
1002 1361 1064 1391 the
1093 1369 1199 1391 name
1223 1359 1262 1390 of
1285 1358 1549 1397 Pirckheimer;
1573 1359 1638 1390 but
1662 1360 1700 1390 in
1725 1361 1818 1390 view
1839 1361 1878 1391 of

274 1408 337 1446 Ep.
355 1408 419 1446 694
436 1407 516 1438 that
532 1407 562 1436 is
579 1404 815 1446 impossible.]

329 1490 368 1528 S.
401 1490 463 1538 Ρ.,
499 1490 565 1527 vir
595 1488 833 1527 clarissime.
894 1487 989 1525 Non
1021 1486 1250 1525 admiratus
1283 1499 1378 1524 sum
1416 1486 1486 1524 sed
1525 1487 1662 1524 tamen
1700 1486 1872 1536 probaui

274 1555 459 1594 studium
481 1556 521 1593 et
540 1553 757 1603 ingenium
772 1553 816 1591 in
833 1552 943 1591 edito
957 1551 1106 1590 libello.
1152 1552 1270 1600 Quod
1292 1551 1424 1590 nostri
1439 1565 1601 1601 quoque
1621 1551 1871 1597 memineris,

274 1634 350 1670 pro
378 1620 526 1658 affectu
557 1619 695 1666 debeo,
726 1632 802 1668 pro
831 1617 959 1656 officio
989 1631 1073 1656 non
1107 1617 1243 1655 debeo.
1304 1616 1437 1655 Nemo
1467 1616 1711 1654 mortalium
1742 1615 1875 1666 magis

275 1684 466 1724 abhorret
496 1685 547 1723 ab
576 1683 813 1723 istiusmodi
842 1683 1006 1733 pugnis.
1065 1682 1144 1721 Odi
1182 1682 1414 1720 etiamnum
1440 1681 1691 1732 Apologiam
1722 1694 1871 1726 meam,

240 1768 257 1798 5
277 1764 358 1800 qua
378 1750 509 1789 Fabro
530 1751 692 1789 coactus
712 1762 807 1787 sum
827 1748 1085 1798 respondere.
1144 1747 1291 1791 Pudet,
1312 1747 1371 1785 ita
1396 1760 1462 1785 me
1482 1747 1594 1785 Deus
1620 1748 1742 1795 amet,
1763 1746 1874 1785 viros

276 1816 458 1855 eruditos
475 1813 525 1854 ac
541 1814 798 1865 posteritatis
818 1813 1017 1852 memoria
1037 1812 1184 1863 dignos
1201 1826 1295 1851 cum
1315 1811 1396 1851 isto
1417 1813 1609 1862 portento
1630 1811 1848 1860 digladiari
1866 1825 1875 1858 ;

277 1881 392 1920 cuius
422 1880 490 1919 vel
521 1881 607 1919 solo
637 1879 808 1918 nomine
846 1880 1009 1918 chartae
1040 1879 1376 1928 conspurcentur.
1435 1878 1575 1926 Atque
1606 1876 1678 1915 isti
1710 1889 1875 1915 summa

276 1949 471 1985 votorum
487 1948 548 1984 est
566 1945 935 1995 quomodocunque
950 1943 1110 1982 traduci
1124 1943 1277 1981 litteris
1291 1942 1558 1981 eruditorum.
1610 1941 1721 1989 Quin
1736 1941 1876 1991 potius

277 2012 328 2050 ab
347 2012 426 2050 ista
445 2011 612 2050 Iudaica
631 2010 766 2050 scabie
786 2023 943 2060 vngues
963 2009 1175 2047 abstinent
1196 2007 1387 2046 homines
1406 2020 1598 2057 germane
1615 2006 1876 2045 Christiani?

222 2092 261 2114 10
279 2077 411 2116 Nemo
427 2077 570 2116 doctus
585 2090 630 2115 ac
645 2075 799 2126 probus
814 2088 899 2113 non
913 2075 1066 2113 fatetur
1082 2073 1331 2112 Reuclinum
1352 2072 1526 2121 indigna
1541 2070 1666 2110 fuisse
1682 2071 1876 2110 affectum

278 2143 441 2182 iniuria.
498 2142 589 2181 Mea
615 2144 758 2180 tamen
780 2141 986 2180 sententia
1012 2152 1173 2190 semper
1198 2138 1277 2177 fuit
1305 2137 1566 2176 dissimulare
1592 2136 1731 2187 potius
1751 2149 1876 2186 quam

278 2221 372 2246 cum
388 2209 450 2246 tot
466 2207 714 2246 crabronum
729 2206 999 2254 examinibus,
1019 2207 1156 2255 preter
1169 2204 1359 2243 aculeum
1376 2203 1501 2242 etiam
1513 2215 1674 2241 veneno
1690 2202 1873 2248 armatis,

279 2287 374 2312 cum
403 2275 585 2312 extremo
614 2272 830 2320 nebulone,
857 2272 941 2310 imo
972 2285 1067 2310 cum
1096 2269 1375 2309 abominando
1403 2269 1605 2318 portento,
1636 2267 1874 2306 conflictari.

323 2381 398 2412 702.
424 2392 454 2419 4.
482 2380 610 2411 noxius
627 2383 672 2412 E:
697 2380 800 2410 noxis
817 2382 884 2410 MS.
999 2388 1028 2417 5.
1058 2378 1149 2421 cuiq3
1167 2377 1259 2420 cuiq3
1277 2379 1346 2408 MS.
1471 2385 1518 2407 11.
1544 2377 1593 2405 E:
1619 2374 1778 2405 Neuenb.
1803 2376 1872 2405 MS.

283 2435 331 2456 12.
365 2424 519 2465 pocellas
543 2427 611 2455 MS.
749 2433 798 2461 13.
832 2422 890 2452 illi
912 2425 964 2453 E:
996 2422 1058 2452 illa
1082 2424 1151 2452 MS.
1303 2430 1352 2458 14.
1387 2420 1426 2450 in
1442 2419 1588 2458 negocio
1604 2420 1656 2448 E:
1679 2418 1719 2447 in
1736 2418 1875 2457 negocii

279 2471 347 2500 MS.
437 2469 543 2498 Anno
568 2476 710 2498 M.D.XV1
732 2469 806 2497 add.
833 2469 875 2498 H.
978 2466 1051 2497 703.
1078 2466 1109 2496 6.
1138 2465 1309 2495 memeria
1332 2465 1401 2494 MS.
1496 2472 1548 2493 12.
1578 2461 1782 2492 Crabonum
1803 2463 1871 2491 MS.

282 2522 332 2551 13.
366 2511 607 2542 obominando
630 2513 699 2541 MS.

325 2621 399 2651 702.
425 2632 457 2658 4.
482 2618 688 2659 Nicolaum]
707 2618 883 2655 Kratzer3
905 2627 964 2648 see
982 2618 1045 2657 Ep.
1200 2613 1427 2654 memineris]
1458 2614 1504 2644 In
1538 2612 1758 2644 Hermann's
1795 2622 1875 2652 pre-

279 2674 353 2704 515.
370 2673 383 2694 1
402 2674 436 2694 n.
1112 2660 1186 2690 face
1215 2659 1271 2700 (1²⁰.
1299 2657 1341 2688 fs}
1371 2658 1540 2689 Erasmus
1564 2658 1595 2687 is
1620 2657 1754 2696 spoken
1779 2656 1818 2687 of
1837 2666 1876 2687 as

325 2718 353 2746 7.
381 2706 581 2747 secretarii]
631 2705 792 2744 Perhaps
839 2703 1045 2735 WVarham's
1113 2705 1121 2721 ‘
1133 2702 1345 2735 Germaniae
1358 2711 1439 2732 vere
1451 2700 1672 2741 phoenicem,
1692 2700 1875 2732 Musarum

280 2754 470 2790 secretary,
496 2749 616 2781 Bedill
642 2749 720 2789 (Ep.
745 2749 836 2788 387).
876 2748 1045 2778 Erasmus
1112 2746 1214 2777 dulce
1252 2745 1418 2776 delitium
1465 2744 1687 2783 alteramque
1735 2743 1875 2774 animae

280 2794 391 2825 heard
408 2795 500 2824 from
516 2794 580 2825 the
596 2793 687 2832 Abp.
706 2792 814 2823 about
835 2792 910 2823 this
933 2791 1021 2822 time
1038 2802 1045 2829 ;
1110 2799 1209 2820 meae
1228 2790 1376 2829 partem,
1395 2789 1529 2828 optimo
1551 2787 1696 2826 quidem
1718 2790 1754 2818 et
1777 2786 1878 2817 foeli-

281 2847 337 2868 see
356 2838 419 2876 Ep.
437 2847 508 2876 712.
525 2838 601 2869 6-8.
1111 2833 1256 2864 cissimo
1268 2832 1340 2863 fato
1352 2834 1495 2862 nostrae
1505 2832 1720 2863 Germaniae
1734 2832 1874 2865 natum:

368 2881 502 2920 Iacobi]
528 2881 665 2920 Nepos3
692 2889 747 2909 see
772 2880 835 2919 Ep.
855 2888 930 2918 595.
950 2887 987 2908 11
1006 2888 1041 2910 n.
1110 2877 1167 2907 cui
1205 2885 1279 2906 sese
1311 2876 1350 2906 in
1382 2874 1606 2915 extirpandis
1644 2874 1876 2905 barbarorum

327 2933 375 2954 10.
401 2922 572 2962 Banysio]
592 2924 660 2962 Ep.
678 2932 751 2961 700.
1109 2920 1281 2950 monstris
1305 2921 1605 2958 propugnatorem
1638 2917 1875 2949 fortissimum

326 2967 399 2998 703.
418 2976 447 2998 2.
466 2966 605 3007 libello]
622 2966 672 2997 Cf.
693 2966 758 3005 Ep.
775 2965 847 2997 680.
867 2967 909 2996 26
926 2975 961 2996 n.
1109 2965 1144 2995 et
1161 2963 1338 2994 inuictum
1353 2963 1517 2994 exhibuit
1529 2963 1549 2994 ’.
