2034 3433
86 219 186 273 967]
567 221 638 260 ΤΟ
677 220 912 261 THOMAS
949 220 1188 260 WOLSEY
1595 222 1674 260 593

83 326 280 365 sudatum
299 329 372 365 est.
433 326 588 365 Omnes
611 325 794 374 vndique
820 325 972 375 gratias
999 327 1140 375 agunt,
1161 327 1322 375 praeter
1343 324 1540 376 pauculos
1565 324 1675 363 theo-

83 391 199 441 logos
235 404 281 430 ac
318 391 544 430 monachos
582 390 654 440 qui
692 403 767 428 nec
806 389 1008 428 doctiores
1045 404 1119 429 nec
1155 389 1350 429 meliores
1387 403 1475 429 esse
1512 388 1671 428 volunt.

83 455 299 495 Christum
314 455 422 494 mihi
441 467 605 505 semper
623 454 776 493 iratum
793 454 996 504 imprecor
1010 455 1093 494 nisi
1107 455 1186 494 hoc
1207 455 1404 505 quicquid
1424 457 1487 494 est
1506 454 1674 505 ingenii,

84 521 280 572 quicquid
314 520 583 571 eloquentiae,
605 520 647 558 id
672 522 809 558 totum
837 519 990 569 gloriae
1019 520 1187 569 Christi,
1219 520 1425 560 Ecclesiae
1453 519 1677 559 catholicae
1698 535 1757 567 190

83 587 318 637 sanctisque
336 586 490 625 studiis
509 585 744 624 dedicatum
763 597 852 624 esse
874 585 980 624 volo.
1039 585 1089 624 Id
1118 585 1177 624 ita
1199 598 1286 624 esse
1311 585 1546 636 comperiet,
1570 584 1678 635 quis·

82 652 176 703 quis
195 651 366 702 propius
385 664 528 690 meum
549 651 739 689 animum
757 650 867 689 volet
887 663 1115 700 agnoscere.

137 717 294 756 Verum
332 716 382 754 de
416 715 486 754 his
523 715 652 754 nimis
691 714 853 753 multa:
902 715 951 753 de
990 715 1140 765 quibus
1176 717 1320 754 tamen
1358 715 1467 754 nihil
1506 715 1676 754 omnino

82 782 313 832 scripturus
340 794 464 827 eram,
489 781 534 818 ni
562 781 793 819 Britannus
821 780 989 831 quidam
1015 781 1249 830 negociator
1270 781 1424 820 isthinc
1450 781 1677 820 adueniens

82 847 185 886 satis
202 846 468 897 pertinaciter
486 847 758 885 asseuerasset
778 858 865 884 esse
890 845 962 894 qui
983 846 1120 884 conati
1149 846 1235 885 sint
1262 846 1369 885 hanc
1398 846 1676 896 suspicionem
1695 859 1753 892 ¹95

83 912 271 951 omnium
304 911 571 950 falsissimam
606 910 973 949 reuerendissimae
996 912 1040 949 Τ.
1072 911 1122 949 D.
1146 911 1363 959 inducere;
1398 912 1515 950 cuius
1536 913 1675 950 tamen

81 977 305 1028 singularis
337 975 559 1027 prudentia
587 974 694 1014 mihi
717 975 992 1014 certissimam
1020 975 1136 1015 addit
1163 975 1359 1015 fiduciam
1383 978 1424 1015 te
1456 990 1531 1015 nec
1559 989 1677 1015 aures

83 1055 156 1081 nec
192 1041 382 1081 animum
419 1043 507 1080 tam
543 1040 860 1090 impudentibus
897 1040 1118 1079 calumniis
1154 1041 1449 1091 praebiturum.
1508 1042 1603 1080 Imo
1640 1041 1677 1080 si

82 1107 246 1158 quando
274 1106 516 1157 dignabitur
540 1105 733 1144 cominus
758 1105 890 1144 facere
918 1105 1161 1155 periculum,
1191 1106 1426 1156 experietur
1453 1107 1675 1145 Erasmum

82 1174 168 1211 toto
191 1173 354 1222 pectore
377 1171 627 1209 seruientem
654 1170 851 1220 dignitati
869 1170 979 1208 sedis
998 1171 1216 1220 Romanae,
1238 1172 1481 1221 praesertim
1500 1172 1542 1211 S.
1558 1172 1607 1210 D.
1621 1171 1671 1210 N.
1694 1183 1757 1206 200

82 1237 233 1276 Leonis
265 1236 593 1275 decimi-cuius
621 1235 766 1286 pietati
796 1237 1000 1285 quantum
1035 1236 1179 1275 debeat
1213 1250 1299 1276 non
1327 1237 1554 1288 ignorat—,
1584 1239 1674 1276 toto

81 1305 243 1354 pectore
273 1301 486 1341 addictum
518 1301 587 1339 his
618 1300 720 1339 viris
755 1301 828 1350 qui
860 1301 1062 1340 bonarum
1094 1301 1311 1341 literarum
1344 1303 1386 1340 et
1417 1302 1676 1341 Christianae

81 1368 293 1418 religionis
322 1367 541 1417 negocium
569 1367 724 1416 agunt:
754 1366 864 1404 inter
894 1380 999 1416 quos
1030 1367 1188 1417 primas
1215 1369 1330 1406 tenet
1357 1369 1430 1406 tua
1455 1367 1669 1406 celsitudo.

82 1433 203 1472 Mitto
237 1433 406 1472 Nouum
439 1432 780 1471 Testamentum:
811 1431 877 1470 cui
909 1433 1094 1471 multum
1126 1433 1361 1472 ornamenti
1394 1433 1582 1472 iudicabo
1614 1446 1674 1472 ac·

81 1498 262 1546 cessisse,
285 1498 320 1536 si
342 1500 415 1536 tua
438 1496 674 1547 dignaberis
693 1496 957 1535 bibliotheca.
1015 1497 1128 1536 Bene
1147 1498 1279 1536 valeat
1300 1499 1346 1537 E.
1367 1499 1415 1537 R.
1435 1498 1480 1536 Τ.
1497 1498 1544 1536 D.
1567 1513 1575 1545 ;
1609 1498 1674 1537 cui
1695 1507 1753 1539 205

82 1577 147 1603 me
167 1565 305 1602 totum
326 1562 429 1601 dedo
448 1574 730 1611 consecroque.

135 1628 430 1679 Antuuerpiae.
454 1640 520 1666 xv.
544 1626 746 1666 Calendas
766 1626 922 1666 Iunias.
948 1625 1089 1680 [Amo
1110 1626 1351 1679 M.D·XV111.]

396 1758 532 1811 968988
591 1756 655 1797 ΤΟ
685 1757 870 1798 ALBERT
900 1769 955 1798 OF
989 1757 1351 1801 BRANDENBURG.

128 1847 291 1895 Farrago
309 1860 346 1894 p.
367 1857 444 1894 154.
1393 1850 1588 1897 Antwerp.

129 1906 168 1942 F.
185 1919 222 1953 p.
244 1917 336 1952 299:
359 1905 453 1941 HN:
476 1906 590 1942 Lond.
610 1905 656 1942 vi.
680 1916 742 1951 19:
769 1905 841 1941 LB.
859 1915 941 1951 419.
1355 1918 1402 1943 20
1419 1908 1507 1953 May
1527 1917 1624 1954 1519.

147 1997 475 2029 REVERENDISS.
500 1996 753 2028 CARDINALI
784 1997 839 2026 Er
870 1997 1230 2029 ARCHIEPISCOPO
1261 1998 1606 2030 MAGVNTINENSI

560 2065 766 2095 ALBERTO
796 2065 891 2097 ETC.
923 2066 1129 2097 ERASMVS
1161 2067 1194 2100 S.

135 2147 502 2185 anmznnmssnffl
527 2145 693 2183 domine
717 2144 995 2195 Princepsque
1020 2147 1259 2194 clarissime,
1282 2161 1367 2186 non
1396 2147 1542 2186 dubito
1570 2147 1671 2197 quin

80 2210 248 2251 libellus
274 2223 397 2260 quem
423 2209 660 2249 celsitudini
688 2212 785 2248 tuae
813 2210 1055 2260 dicauimus‚
1088 2212 1275 2251 redditus
1303 2212 1358 2251 sit
1386 2212 1533 2251 eidem.
1591 2212 1671 2262 Qui

80 2290 133 2315 an
153 2278 226 2315 tuo
245 2275 472 2315 satisfaciat
489 2275 641 2323 animo,
665 2275 827 2315 nescio:
857 2288 949 2315 meo
971 2278 1079 2315 certe
1106 2289 1191 2315 non
1210 2277 1409 2316 satisfacit
1425 2292 1434 2325 ;
1463 2290 1609 2316 verum
1627 2278 1668 2316 id

81 2340 281 2390 temporis
306 2340 414 2379 nihil
433 2340 547 2379 aliud
565 2342 653 2379 erat
671 2340 722 2379 ad
741 2353 928 2379 manum.
990 2341 1338 2392 Circunspicietur
1362 2342 1478 2381 aliud
1502 2343 1611 2392 quod
1630 2345 1670 2381 et

81 2410 176 2446 tuae
193 2405 473 2456 magnitudini
491 2407 532 2444 et
552 2419 645 2444 meo
664 2406 709 2444 in
728 2408 768 2444 te
789 2406 926 2444 studio
945 2406 1077 2456 magis
1096 2407 1355 2456 respondeat.
1690 2422 1707 2453 5

134 2472 185 2511 D.
213 2471 412 2510 Ricardus
439 2471 608 2520 Paceus,
637 2470 708 2521 qui
733 2471 859 2520 Regis
882 2471 950 2510 sui
976 2471 1147 2510 nomine
1174 2472 1333 2523 legatus
1360 2472 1411 2511 ad
1440 2485 1514 2512 vos
1541 2472 1666 2522 venit,

124 2583 201 2614 967.
244 2583 315 2623 196.
356 2582 675 2614 reuerendissimae
705 2582 742 2613 Τ.
774 2583 815 2614 D.
848 2584 900 2613 E:
940 2582 980 2613 R.
1011 2583 1048 2614 Τ.
1082 2583 1124 2613 D.
1157 2586 1208 2614 F:
1245 2585 1327 2614 tuae
1360 2583 1595 2624 amplitudini
1624 2588 1665 2617 H.

82 2637 157 2659 200.
181 2627 215 2658 S.
230 2626 272 2658 D.
285 2626 330 2657 N.
343 2636 401 2657 om.
415 2629 458 2657 H.
548 2636 622 2657 201.
647 2629 696 2657 F:
720 2625 824 2657 debet
840 2628 877 2658 E.
969 2636 1041 2657 202.
1068 2630 1104 2659 et
1120 2630 1169 2658 E:
1192 2636 1231 2657 ac
1247 2629 1288 2658 H.
1379 2636 1454 2666 205.
1472 2627 1513 2660 E.
1526 2627 1566 2660 R.
1576 2628 1612 2660 T.
1626 2629 1668 2660 D.

81 2674 132 2701 E:
154 2671 217 2701 tua
231 2670 346 2710 pietas
362 2672 404 2700 H.
537 2678 611 2709 207.
636 2671 737 2700 Almo
754 2679 926 2701 u.1>.xvn1
941 2672 1016 2702 add.
1033 2672 1075 2701 Η.
1201 2670 1276 2702 968.
1300 2670 1331 2701 6.
1356 2670 1399 2702 D.
1417 2681 1476 2703 om.
1494 2674 1537 2703 H.

125 2769 200 2800 967.
210 2778 283 2800 200.
295 2768 379 2800 S.D.
391 2767 450 2809 N.]
463 2768 690 2799 Sanctissimi
702 2768 841 2799 domini
908 2770 944 2799 at
975 2769 1176 2800 Frankfort.
1234 2769 1350 2800 Pace's
1379 2779 1499 2801 course
1530 2779 1594 2800 can
1625 2770 1668 2811 be

81 2814 206 2845 nostri.
907 2812 1029 2843 traced
1067 2812 1201 2852 closely
1237 2813 1276 2844 in
1318 2813 1463 2844 Brewer
1500 2813 1550 2844 iii.
1612 2813 1666 2845 On

124 2866 198 2894 204.
207 2854 638 2896 NouumTestament-um]
649 2855 714 2887 See
723 2865 756 2896 p.
766 2856 841 2895 387.
912 2866 950 2886 12
971 2856 1054 2895 May
1074 2855 1118 2886 he
1142 2865 1214 2887 was
1234 2855 1311 2887 still
1331 2857 1371 2886 in
1395 2855 1541 2887 London
1559 2855 1669 2898 (218);

125 2908 198 2938 205.
225 2898 266 2931 E.
279 2899 321 2930 R.
334 2899 370 2930 T.
388 2898 447 2939 D.]
471 2898 595 2930 eadem
621 2899 840 2930 reuerendis-
912 2910 950 2937 14
983 2899 1066 2938 May
1095 2899 1140 2930 he
1171 2899 1310 2930 arrived
1339 2901 1377 2930 at
1409 2899 1526 2930 Calais
1559 2900 1665 2941 (222),

80 2944 170 2974 sima
185 2944 249 2974 tua
263 2942 474 2975 dominatio.
912 2953 948 2982 17
962 2942 1042 2982 May
1054 2943 1091 2973 at
1101 2943 1236 2982 Bruges
1252 2942 1358 2983 (234).
1398 2943 1451 2974 On
1469 2952 1511 2973 20
1527 2943 1608 2983 May
1621 2943 1668 2974 he

124 2986 199 3018 968.
210 2996 242 3017 2.
258 2985 418 3027 libellus]
434 2986 508 3017 The
519 2988 680 3017 Methodus
696 2996 735 3017 or
749 2988 842 3016 Ratio
907 2996 981 3017 was
1009 2987 1046 3016 at
1075 2986 1248 3026 Antwerp
1285 2986 1388 3026 (Epp.
1429 2986 1556 3027 968‚9),
1595 2987 1667 3018 and

84 3032 179 3061 Verae
195 3031 388 3068 Theoloqiae3
410 3039 468 3060 see
484 3030 548 3069 Ep.
567 3039 638 3069 745.
907 3039 946 3060 21
984 3029 1067 3068 May
1100 3031 1198 3060 went
1232 3039 1278 3060 on
1316 3029 1471 3069 through
1506 3030 1669 3061 Brussels

123 3074 155 3105 6.
179 3071 332 3114 legatus]
343 3072 391 3104 To
400 3073 462 3104 the
473 3072 629 3104 Elector-s
641 3072 838 3104 assembled
907 3073 987 3114 (Ep.
1006 3073 1087 3113 970)
1103 3075 1140 3104 to
1157 3072 1315 3105 Mechlin
1331 3072 1491 3114 (Brewer
1505 3073 1558 3105 iii.
1574 3073 1665 3115 253),

146 3139 252 3158 Annum
270 3138 311 3158 111
831 3141 855 3174 Q
875 3141 900 3178 q
