2034 3433
255 479 295 510 25

250 806 293 836 30

245 1136 287 1166 6³

245 1463 290 1493 40

247 1789 287 1819 45

242 2117 288 2148 ,50

322 168 400 205 146
783 162 1034 203 LETTERS
1074 161 1142 199 OF
1181 160 1446 199 ERAsMUs
1789 156 1828 211 [1
1838 170 1859 207 5
1868 169 1912 205 17

317 271 389 309 ille
427 270 643 309 deamabat
680 267 907 317 coniugem,
944 278 1070 315 quam
1103 264 1175 302 illa
1213 264 1487 302 venerabatur
1525 262 1651 301 etiam
1689 264 1912 302 maritum!

316 336 372 375 Et
404 338 543 374 tamen
577 347 661 372 non
695 345 859 381 semper
889 344 937 369 ex
972 329 1145 379 optimis
1173 331 1405 367 nascuntur
1438 328 1599 378 optimi.
1661 329 1794 377 Quam
1827 342 1912 367 non

316 401 398 439 fuit
417 400 482 439 illi
501 399 675 438 molesta
694 410 816 445 morS,
842 409 971 446 quum
991 408 1035 433 se
1058 394 1216 432 videret
1240 393 1284 431 in
1313 394 1467 432 talibus
1487 394 1630 432 liberis
1649 393 1911 443 superstitem

316 466 427 504 fore!
486 465 616 502 Porro
643 462 802 512 quoties
831 459 1160 499 mellitissimum
1187 459 1445 508 nepotulum,
1475 459 1612 497 filium
1636 461 1769 506 tuum,
1791 459 1912 498 Nico—

315 531 406 568 laus
427 529 644 567 Nicolaum
664 526 989 573 exosculabatur,
1013 539 1065 564 ne
1085 525 1192 563 mori
1219 525 1387 574 quidem
1412 524 1491 563 sibi
1511 525 1741 563 videbatur.
1802 525 1912 575 Opes

313 594 490 633 habebat
527 606 612 630 non
650 594 737 630 tam
775 590 936 640 amplas
974 603 1099 640 quam
1138 589 1268 627 iustas
1305 591 1358 635 et,
1400 589 1509 639 quod
1548 589 1614 627 his
1653 589 1911 638 temporibus

314 659 572 697 rarissimum
603 658 676 704 est,
709 656 798 694 sine
832 656 974 694 fraude
1010 655 1200 705 quesitas.
1274 654 1425 692 Artem
1457 652 1663 703 delegerat
1696 667 1778 703 que
1810 653 1912 692 citra

312 724 455 762 dolum
492 722 595 761 lucri
632 723 799 759 tantum
838 720 1128 771 suppeditabat
1167 721 1371 769 quantum
1409 720 1449 757 et
1488 718 1636 757 alende
1673 718 1832 758 familie
1870 722 1911 758 et

311 789 558 839 pauperibus
576 787 713 836 etiam,
736 786 782 825 in
806 800 909 836 quos
934 788 1021 824 erat
1048 784 1371 833 liberalissimus,
1396 784 1667 823 subleuandis
1695 785 1909 824 sufficeret.

312 854 470 892 Liberis
498 853 664 903 reliquit
695 852 803 901 quod
832 852 883 890 ad
912 852 1119 889 mundum
1148 851 1307 889 victum
1337 850 1485 900 cuique
1515 850 1614 888 satis
1643 853 1760 898 esset,
1785 851 1908 889 etiam

312 919 346 957 si
362 919 467 957 nihil
483 918 654 957 aliunde
669 918 886 956 accederet.
936 917 1075 956 Gessit
1090 916 1359 966 magistratus
1373 915 1532 965 aliquot
1548 915 1701 964 ciuiles,
1719 918 1912 966 gesturus

312 985 489 1023 maiores
507 997 552 1022 ac
572 984 713 1033 plures
732 983 767 1021 si
787 983 888 1033 quid
908 982 1113 1021 ambisset.
1174 982 1284 1031 Quos
1304 981 1441 1032 gessit,
1461 982 1520 1019 ita
1540 981 1666 1031 gessit
1685 983 1733 1019 vt
1752 981 1911 1020 nemini

310 1050 531 1100 quicquam
564 1051 670 1088 esset
704 1049 812 1098 quod
847 1048 897 1086 de
930 1048 1003 1086 illo
1034 1050 1286 1098 quereretur.
1345 1047 1627 1085 Domesticam
1661 1046 1910 1086 discordiam

310 1129 393 1153 non
431 1128 546 1154 secus
576 1128 620 1153 ac
653 1116 813 1164 pestem
852 1114 1034 1163 aliquam
1071 1113 1346 1152 execrabatur.
1408 1114 1471 1151 Ac
1510 1125 1585 1150 nec
1624 1125 1719 1151 cum
1754 1111 1910 1151 ciuium

310 1194 518 1230 quoquam
552 1180 615 1218 illi
654 1179 736 1217 fuit
769 1192 955 1229 vnquam
993 1178 1287 1225 controuersia,
1323 1179 1441 1225 tanta
1479 1179 1565 1216 erat
1602 1191 1768 1216 morum
1807 1191 1911 1217 com-

309 1246 508 1284 moditas:
538 1245 756 1283 decedebat
782 1245 832 1283 de
857 1258 931 1283 suo
959 1244 1048 1282 iure
1076 1244 1225 1293 potius,
1256 1243 1291 1281 si
1317 1244 1477 1282 videret
1500 1242 1763 1282 concordiam
1792 1243 1911 1282 aliter

310 1313 496 1349 constare
515 1324 599 1349 non
619 1323 749 1360 posse.

363 1376 517 1415 Nullus
536 1389 586 1414 ex
606 1389 672 1414 ore
692 1376 808 1414 illius
827 1374 991 1413 audiuit
1011 1387 1197 1424 vnquam
1218 1387 1452 1413 sermonem
1473 1387 1641 1422 vanum,
1658 1373 1911 1413 obscoenum

309 1444 379 1480 aut
417 1441 766 1481 obtrectatorium.
846 1440 899 1478 In
938 1442 1026 1478 tam
1069 1440 1276 1489 frequenti
1318 1439 1484 1478 ciuitate
1527 1440 1694 1478 nullum
1732 1439 1910 1478 habebat

309 1507 538 1546 inimicum.
611 1506 805 1557 Plerique
843 1506 1088 1544 defunctum
1126 1519 1212 1544 non
1256 1519 1373 1545 secus
1415 1519 1460 1544 ac
1497 1508 1657 1555 patrem
1694 1505 1905 1555 lugebant,

308 1573 552 1621 praesertim
585 1571 740 1622 inopes
812 1571 975 1620 Quanta
1011 1584 1110 1609 vero
1149 1570 1373 1609 tolerantia
1410 1571 1585 1621 pertulit
1622 1570 1909 1610 acerbissimos

306 1639 511 1676 cruciatus
539 1638 699 1676 dierum
728 1637 1034 1687 complurium!
1073 1636 1190 1675 nulla
1219 1637 1333 1675 enim
1367 1650 1481 1675 mors
1518 1636 1744 1676 violentior
1781 1650 1907 1687 quam

307 1716 386 1753 que
406 1703 551 1741 accidit
570 1716 620 1740 ex
643 1703 846 1741 obturatis
869 1703 987 1740 vrine
1014 1701 1103 1740 viis.
1166 1701 1392 1740 Mor-iturus
1418 1702 1526 1740 nihil
1553 1702 1665 1741 aliud
1692 1703 1908 1741 mandauit

307 1767 448 1806 liberis
472 1781 596 1818 quam
619 1768 880 1806 concordiam
899 1770 940 1805 et
959 1767 1147 1806 studium
1167 1767 1344 1816 pietatis.
1406 1766 1719 1806 Haereditatem
1739 1767 1908 1818 reliquit

306 1833 364 1872 ita
395 1833 662 1872 distributam
691 1835 739 1871 vt
771 1833 881 1871 nihil
915 1832 1082 1870 referret
1113 1831 1208 1882 quis
1242 1844 1365 1881 quam
1394 1833 1630 1881 portionem
1659 1832 1906 1882 delegisset:

307 1912 380 1937 nec
399 1899 510 1937 vllus
530 1898 669 1937 extitit
688 1898 760 1948 qui
785 1898 938 1937 diceret
958 1897 1037 1936 sibi
1057 1896 1195 1936 deberi
1215 1897 1458 1936 teruntium.
1519 1899 1589 1936 An
1610 1910 1695 1936 non
1715 1897 1906 1948 ingratus

307 1964 454 2003 merito
482 1964 673 2013 videaris,
704 1964 739 2001 si
774 1964 901 2002 talem
939 1964 1153 2013 parentem
1190 1962 1366 2012 lugeas?
1421 1963 1574 2001 Fruere
1612 1963 1752 2012 potius
1788 1963 1905 2003 illius

306 2030 417 2068 felici
444 2029 654 2077 memoria,
682 2030 721 2067 et
751 2029 802 2067 ab
831 2029 958 2067 huius
986 2029 1071 2066 vite
1099 2027 1295 2066 fluctibus
1319 2028 1361 2066 in
1384 2027 1711 2067 immortalitatis
1737 2032 1904 2078 portum

307 2094 442 2133 delato
471 2094 688 2145 gratulare.
749 2095 880 2144 Perge
909 2094 1032 2132 illum
1062 2094 1212 2132 referre
1242 2106 1406 2131 morum
1435 2093 1683 2142 integritate,
1713 2095 1906 2145 quemad—

307 2160 477 2198 modum
497 2160 671 2199 antehac
699 2159 844 2207 fecisti,
867 2173 912 2198 ac
932 2159 1068 2198 filium
1088 2159 1172 2197 iam
1191 2172 1303 2197 nunc
1323 2172 1346 2197 a
1365 2160 1520 2197 teneris
1539 2160 1662 2198 annis
1680 2161 1739 2199 ita
1758 2161 1905 2212 fingito

306 2227 352 2263 vt
385 2238 511 2263 auum
540 2239 665 2273 quem
694 2226 867 2263 nomine
896 2225 1030 2272 refert,
1062 2224 1212 2262 referat
1241 2227 1281 2263 et
1309 2225 1394 2263 vite
1425 2225 1713 2272 sanctimonia,
1740 2228 1903 2275 patrem

305 2304 350 2328 ac
388 2293 584 2340 patruum
617 2291 741 2329 etiam
775 2291 1017 2329 eruditione.
1075 2291 1167 2329 Iam
1206 2304 1318 2329 nunc
1357 2291 1606 2341 Euangelice
1643 2291 1904 2341 philosophie

307 2356 466 2394 decreta
497 2356 627 2394 veluti
651 2357 712 2395 lac
738 2356 868 2394 animi
895 2356 1116 2395 combibat.
1178 2356 1270 2394 Iam
1298 2369 1411 2394 nunc
1432 2357 1648 2406 vtriusque
1668 2356 1902 2395 litterature

306 2421 465 2459 semina
479 2421 651 2469 hauriat,
671 2423 713 2460 et
727 2423 939 2471 parentem
959 2421 1131 2460 amabili
1149 2421 1334 2460 balbutie
1353 2422 1481 2460 Grece
1496 2421 1726 2471 Latineque
1741 2421 1906 2461 salutet.

307 2486 373 2525 Sic
410 2487 487 2524 tibi
524 2486 751 2536 contingat,
793 2487 852 2524 mi
890 2487 1025 2533 Petre,
1065 2500 1156 2525 cum
1195 2487 1351 2536 optima
1390 2488 1564 2536 coniuge
1601 2489 1673 2525 tua
1710 2487 1903 2526 Cornelia

348 2610 401 2639 32.
428 2600 552 2631 ciuiles
568 2603 642 2631 add.
660 2603 696 2631 F.
851 2603 920 2632 MS.
938 2603 989 2632 H:
1022 2603 1225 2640 gestaturus
1241 2604 1277 2631 F.
1470 2610 1523 2639 35.
1550 2610 1615 2630 nec
1632 2603 1701 2632 MS.
1719 2603 1770 2633 H:
1802 2612 1848 2632 ne
1864 2604 1900 2633 F.

307 2655 358 2683 45.
388 2644 658 2675 Haereditatem
673 2667 682 2676 .
703 2667 710 2675 .
729 2668 737 2676 .
754 2654 805 2683 47.
832 2644 1036 2675 teruntium
1053 2646 1127 2675 add.
1145 2647 1180 2675 F.
1303 2645 1355 2683 56.
1381 2645 1432 2674 mi
1449 2644 1552 2674 Petre
1570 2647 1644 2675 add.
1663 2647 1701 2677 F.

350 2757 402 2787 26.
429 2753 630 2794 Nicolaum]
664 2755 753 2785 born
791 2765 819 2786 c.
863 2764 955 2793 1515,
995 2755 1019 2785 i.
1037 2764 1065 2785 e.
1138 2753 1231 2784 with
1255 2753 1367 2784 Gilles
1391 2764 1417 2784 c.
1443 2753 1533 2794 Aug.
1557 2763 1639 2793 1514
1662 2755 1721 2795 (cf.
1739 2755 1804 2795 Ep.
1822 2765 1896 2795 312.

307 2799 467 2829 between
502 2798 625 2830 Gilles'
665 2799 837 2838 marriage
870 2798 909 2837 (1.
940 2799 983 2837 56
1013 2798 1068 2838 n.)
1137 2797 1238 2838 86—8)
1251 2797 1322 2828 and
1338 2797 1423 2828 died
1438 2800 1476 2828 at
1492 2798 1555 2829 the
1570 2807 1632 2836 age
1648 2799 1687 2829 of
1698 2808 1751 2838 30,
1767 2808 1795 2829 c.
1808 2801 1899 2839 Aug.

306 2842 378 2872 and
409 2843 487 2873 Jan.
517 2851 598 2881 1517
625 2841 702 2881 (Ep.
729 2842 803 2880 516.
834 2842 921 2882 1-4).
968 2841 1069 2872 Britz
1141 2841 1224 2879 1526
1253 2841 1377 2880 (Lond.
1407 2842 1479 2873 xxi.
1512 2844 1564 2880 60,
1596 2842 1665 2873 LB.
1696 2841 1788 2882 832).
1835 2843 1900 2873 See

308 2885 390 2915 does
429 2887 491 2915 not
529 2885 694 2916 mention
739 2885 829 2924 him,
870 2885 935 2916 but
972 2885 1069 2924 gives
1138 2883 1317 2914 Erasmus’
1333 2884 1479 2924 epitaph
1497 2895 1541 2915 on
1555 2885 1680 2916 Gilles’
1693 2887 1763 2916 two
1775 2885 1897 2923 wives,

309 2928 437 2959 details
475 2929 601 2969 (MSH.
642 2938 675 2968 p.
714 2929 793 2967 208)
840 2929 948 2959 about
997 2930 1068 2959 two
1137 2927 1329 2967 printedin
1338 2928 1619 2959 histranslation
1628 2929 1665 2959 of
1671 2929 1901 2968 Xenophon's

308 2981 468 3009 younger
491 2981 586 3009 sons,
609 2972 707 3002 John
731 2971 803 3002 and
826 2971 999 3002 Joaehim.
1139 2973 1243 3008 Hiero,
1264 2970 1376 3010 Basle,
1397 2971 1445 3006 H,
1462 2971 1599 3002 Froben
1625 2972 1697 3003 and
1723 2972 1800 3004 Nic.
1818 2973 1900 3012 Epi-

352 3016 403 3054 56.
430 3014 611 3055 Cornelia]
628 3013 788 3046 Sandria.
829 3015 899 3046 She
916 3013 1070 3045 married
1138 3015 1288 3053 scopius,
1310 3024 1403 3054 1530.
