2034 3433
285 166 364 205 150
747 161 996 202 LETTERS
1035 159 1106 198 OF
1143 157 1408 198 ERASMUS
1749 154 1872 209 [1517

245 282 261 313 5
282 271 321 307 te
347 267 467 307 nobis
494 280 581 306 esse
608 265 818 305 redditum
844 263 1012 314 gaudeo,
1037 264 1082 300 vt
1103 275 1226 311 quem
1248 261 1349 299 olim
1374 261 1540 299 iuuenis
1565 259 1873 299 adulescentem

282 332 549 385 st<ud>i0rum
583 330 762 370 sodalem
791 331 913 379 atque
941 328 1176 366 consortem
1205 326 1282 364 sub
1315 325 1529 363 communi
1560 325 1733 374 patrono
1768 325 1874 363 mili-

281 401 440 437 tantem
482 396 630 444 amaui,
672 408 779 433 nunc
821 395 1046 443 patronum
1091 404 1135 430 ac
1177 391 1413 430 studiorum
1455 390 1665 439 simulque
1706 389 1875 429 virtutis

282 464 517 502 antistitem
548 463 588 500 et
620 459 806 499 venerari
834 458 930 496 licet
958 460 999 496 et
1028 456 1167 495 colere.
1227 456 1348 494 Mitto
1382 456 1552 493 interim
1581 455 1874 505 Paraphrasim

282 530 465 566 nostram
498 527 543 565 in
577 524 808 575 Epistolam
839 522 959 561 Pauli
992 522 1042 561 ad
1078 522 1288 560 Romanos
1325 520 1513 570 proxima
1545 520 1702 559 foetura
1735 521 1876 559 natam

228 608 264 629 10
282 593 389 643 apud
410 605 496 630 nos.
555 589 725 629 Etenim
744 601 836 626 cum
860 601 974 626 nunc
991 601 1132 626 verser
1155 586 1201 624 in
1221 586 1347 625 studii
1367 599 1513 635 genere
1531 585 1665 624 multo
1687 585 1876 624 omnium

283 656 587 704 molestissimo,
628 667 778 704 nempe
823 654 868 692 in
906 652 1233 703 recognoscendo
1272 664 1416 690 rursus
1456 649 1539 703 [in]
1579 651 1700 689 Nouo
1739 651 1877 689 Testa-

283 723 435 770 mento,
458 720 662 759 eiusmodi
680 718 814 758 veluti
839 718 1091 757 laxamentis
1116 717 1306 756 animum
1329 717 1496 755 reficere
1521 716 1643 754 soleo.
1708 715 1876 764 Quoties

283 787 448 826 satietas
485 787 621 824 tentat
654 784 857 834 obrepere,
893 798 940 823 ea
977 786 1118 823 nostra
1149 784 1217 822 vel
1250 783 1334 833 pila
1364 784 1427 821 est
1458 782 1525 820 vel
1557 782 1653 830 alea,
1691 795 1770 832 que
1809 795 1876 820 me

284 851 573 901 redintegratis
589 850 750 889 viribus
764 862 891 899 penso
909 849 1102 889 restituit.
1153 847 1355 887 Fortassis
1374 849 1416 885 et
1436 847 1480 885 in
1500 848 1652 886 ceteras
1670 846 1878 896 Epistolas

229 933 262 964 15
284 919 392 956 idem
422 917 606 955 facturus
631 928 736 963 sum,
761 914 797 952 si
825 916 996 965 gustum
1026 914 1139 953 hunc
1170 926 1333 952 sensero
1362 912 1514 963 palatis
1541 912 1763 950 hominum
1792 925 1877 950 non

283 982 549 1032 displicuisse.
620 980 774 1018 Mirum
800 979 913 1018 enim
942 980 1055 1018 dictu
1085 980 1290 1030 quantum
1314 979 1359 1017 in
1383 978 1450 1016 his
1479 991 1642 1027 quoque
1670 977 1794 1016 rebus
1822 976 1877 1016 sit

283 1048 407 1095 aleae,
438 1048 485 1085 vt
513 1058 785 1096 sepenumero
816 1045 982 1084 eueniat
1018 1047 1064 1083 vt
1098 1045 1207 1083 vnde
1245 1057 1455 1082 summam
1488 1043 1667 1093 speraris
1700 1042 1877 1089 laudem,

284 1112 435 1152 malam
458 1111 618 1150 auferas
643 1111 820 1161 gratiam
840 1125 849 1158 3
878 1123 1047 1149 rursum
1070 1110 1178 1149 vnde
1202 1110 1310 1148 nihil
1338 1108 1566 1159 expectaris
1593 1107 1759 1157 gratiae,
1783 1107 1880 1146 hinc

285 1178 468 1217 multum
489 1176 624 1214 laudis
639 1176 860 1226 contingat.
920 1175 1034 1214 Bene
1053 1175 1157 1224 vale,
1175 1177 1291 1226 pater
1310 1174 1582 1222 ornatissime,
1600 1176 1642 1212 et
1657 1174 1881 1212 Erasmum

228 1260 266 1281 20
285 1243 328 1281 in
349 1245 517 1282 tuorum
538 1241 736 1280 clientum
758 1254 982 1280 numerum
1002 1240 1230 1280 asscribito.

713 1421 807 1462 721.
869 1421 934 1462 To
965 1420 1132 1462 HENRY
1164 1420 1455 1462 GLAREANUS.

332 1540 522 1576 Deventer
540 1538 616 1573 MS.
637 1549 691 1584 91,
716 1539 741 1573 f.
760 1539 807 1581 46
825 1542 875 1573 v0.
1491 1533 1715 1584 <Louvain.>

334 1597 406 1633 LB.
426 1597 522 1643 App.
542 1607 621 1643 235.
1373 1595 1607 1643 <November
1622 1596 1686 1630 fin.
1710 1595 1833 1642 1517.>

505 1694 592 1735 [Not
609 1694 691 1734 long
706 1693 799 1724 after
815 1694 877 1733 Ep.
900 1703 960 1732 707
978 1704 985 1731 ;
1012 1692 1185 1733 probably
1201 1695 1281 1724 sent
1298 1693 1390 1724 with
1408 1694 1496 1734 Epp.
1517 1692 1653 1734 723-5.]

617 1808 820 1838 ERASMVS
852 1808 1053 1839 HENRICO
1083 1808 1312 1839 GLARIANO
1343 1809 1426 1839 SVO
1457 1809 1490 1841 S.
1517 1810 1560 1841 D.

343 1907 556 1945 Rsssponm
597 1919 728 1956 nuper
763 1905 813 1944 ad
846 1907 940 1944 tuas
978 1905 1148 1953 litteraS,
1185 1906 1280 1944 licet
1320 1905 1556 1956 occupatior
1593 1906 1721 1944 etiam
1760 1919 1883 1957 quam

291 1971 391 2011 olim
422 1985 533 2010 eram
568 1971 766 2010 Basileae.
827 1971 871 2009 Si
901 1970 979 2009 tibi
1008 1984 1073 2009 res
1108 1974 1207 2010 sunt
1240 1984 1288 2009 ex
1320 1971 1451 2010 animi
1482 1972 1544 2009 tui
1575 1972 1790 2020 sententia,
1823 1974 1886 2011 est

291 2038 398 2088 quod
437 2036 637 2075 maiorem
676 2036 720 2074 in
759 2036 932 2074 modum
969 2036 1179 2086 gaudeam.
1244 2037 1418 2075 Vtinam
1457 2037 1623 2076 fortuna
1660 2037 1726 2076 hic
1765 2039 1885 2076 tuum

290 2102 397 2141 istuc
427 2102 624 2141 salarium
653 2114 741 2140 esse
765 2101 988 2141 voluisset!
1046 2102 1184 2140 Floret
1212 2102 1286 2141 hec
1315 2115 1411 2140 cum
1440 2103 1621 2141 maxime
1648 2103 1883 2150 Academia,

255 2186 272 2217 5
291 2169 331 2206 et
357 2180 421 2206 res
440 2166 669 2217 theologica
697 2166 839 2205 minus
864 2167 1029 2217 spinose
1056 2167 1323 2217 tracta(tu>r.
1384 2168 1448 2206 Ex
1471 2168 1608 2218 legato
1634 2167 1887 2219 Hieronymi
1921 2216 1924 2219 ἱ

292 2233 472 2272 Buslidii
501 2232 741 2271 instituitur
771 2232 1003 2282 collegium,
1036 2232 1081 2270 in
1111 2246 1190 2283 quo
1223 2232 1388 2271 alantur
1420 2233 1579 2283 aliquot
1610 2233 1781 2272 iuuenes
1809 2233 1886 2273 lin-

291 2311 468 2349 guarum
496 2297 683 2346 studiosi,
711 2310 887 2347 cumque
914 2298 980 2336 his
1005 2300 1089 2336 tres
1114 2298 1380 2349 professores,
1402 2299 1474 2348 qui
1499 2298 1663 2349 publice
1689 2301 1729 2337 et
1758 2298 1887 2348 gratis

292 2366 375 2402 tres
408 2363 572 2414 linguas
604 2363 787 2410 doceant,
826 2364 1034 2411 Graecam,
1072 2363 1343 2402 Haebreicam
1377 2366 1418 2402 et
1451 2364 1657 2403 Latinam.
1714 2363 1888 2414 Iamque

292 2428 405 2467 adest
444 2428 655 2467 Mattheus
691 2427 915 2475 Adrianus,
957 2427 1183 2467 Hebreicae
1220 2428 1450 2467 litterature
1488 2429 1763 2467 doctissimus.
1823 2429 1886 2468 Da

238 2512 276 2534 10
294 2506 459 2543 operam
488 2495 535 2531 vt
566 2494 673 2531 recte
703 2491 842 2531 valeas
871 2494 913 2531 et
944 2493 1182 2543 frequenter
1211 2494 1262 2532 ad
1293 2507 1368 2532 nos
1406 2493 1570 2532 scribas.
1632 2494 1677 2532 Si
1707 2507 1793 2532 non
1823 2497 1887 2533 est

293 2558 371 2596 tibi
405 2557 669 2596 familiaritas
697 2571 792 2596 cum
827 2558 960 2597 Paulo
993 2559 1199 2609 Aemylio,
1228 2559 1290 2597 fac
1325 2559 1555 2597 contrahas.
1608 2559 1737 2598 Crede
1767 2559 1884 2611 mihi,

294 2623 497 2671 Glariane,
532 2622 639 2661 nihil
672 2624 732 2661 est
764 2636 810 2661 eo
844 2623 1015 2661 homine
1046 2636 1177 2673 neque
1212 2624 1372 2663 doctius
1404 2637 1535 2674 neque
1570 2624 1720 2663 melius
1754 2638 1887 2676 neque

294 2688 337 2726 in
358 2688 487 2726 bonos
506 2687 760 2737 propensius.
822 2688 1004 2726 Rursum
1023 2688 1125 2726 vale.

340 2812 412 2842 720.
449 2823 497 2843 10.
536 2822 655 2843 versar
686 2816 754 2845 MS.
945 2824 995 2844 11.
1036 2815 1075 2844 in
1106 2823 1164 2844 om.
1196 2816 1257 2844 ΕΒ.
1405 2824 1455 2853 13.
1495 2814 1572 2846 alea
1604 2817 1675 2846 LB:
1715 2814 1789 2846 alia
1817 2817 1885 2846 MS.

298 2865 344 2892 14.
390 2857 523 2887 ceteros
560 2859 631 2888 MS.
888 2857 960 2888 721.
1002 2868 1031 2895 4.
1072 2858 1248 2888 maximae
1287 2861 1354 2888 MS.
1575 2859 1609 2890 6.
1648 2859 1793 2889 iuuines
1816 2861 1885 2890 MS.

340 3010 412 3041 721.
438 3019 467 3049 9.
495 3009 695 3050 Adrianus]
714 3009 778 3040 See
795 3020 826 3050 p.
850 3012 921 3042 108.
1168 3020 1217 3042 11.
1243 3010 1427 3052 Aemylio]
1444 3011 1508 3042 See
1526 3022 1559 3052 p.
1583 3022 1654 3052 149.
