2034 3433
200 434 238 455 10

198 1086 235 1107 20

197 1414 233 1445 ²5

261 119 336 157 104
721 118 967 158 LETTERS
1005 118 1074 156 OF
1112 117 1377 157 ERASMUS
1717 117 1757 171 [1
1767 132 1788 167 5
1797 132 1840 168 17

255 223 530 274 obstupuerat,
552 236 619 261 me
639 236 736 261 vero
757 219 1022 270 singulariter
1039 219 1165 258 etiam
1184 232 1425 269 pei-mouere
1445 220 1594 259 talium
1617 222 1843 262 amicorum

256 289 595 338 qualitercunque
626 287 901 337 representata
925 284 1138 332 memoria,
1158 297 1302 322 eorum
1327 298 1438 323 nunc
1468 285 1638 325 mirifice
1664 288 1753 337 rapi
1779 301 1846 326 me

255 356 370 393 tanto
397 353 572 393 artificio
600 351 811 390 deliniatis
838 352 962 400 atque
991 349 1196 399 expressis
1224 349 1474 399 imaginibus
1500 352 1545 389 vt
1566 365 1669 401 quae
1688 355 1846 392 veteres

255 419 371 458 facile
392 419 566 468 pictores
587 429 729 455 omnes
748 415 1063 465 prouocauerint
1076 415 1097 453 ’ἓ
1127 427 1229 464 quas
1249 415 1434 465 quisquis
1453 415 1650 465 intuetur,
1673 418 1709 456 is
1729 418 1847 456 nimi-

255 498 349 522 rum
364 484 507 522 fusiles
526 495 593 520 eas
612 481 751 531 potius
769 482 840 518 aut
859 479 1071 529 sculptiles
1090 480 1312 518 arbitretur
1326 494 1450 530 quam
1469 481 1622 531 pictas:
1650 481 1708 521 ita
1726 495 1846 532 porro

254 549 436 588 eminere
460 550 584 596 atque
608 547 747 585 extare
772 544 966 583 videntur
990 544 1099 583 iusta
1121 544 1257 582 virilis
1285 546 1467 595 corporis
1492 547 1694 585 crassicie.
1753 547 1846 587 Non

255 613 403 661 credas,
426 608 597 651 Erasme
622 611 681 649 mi
701 610 955 660 ἐρασμιότατε,
980 622 1103 660 quam
1122 610 1242 648 valde
1267 623 1450 649 amorem
1474 611 1520 650 in
1540 614 1580 650 te
1604 625 1756 661 meum,
1782 615 1848 651 cui

255 677 363 717 nihil
379 677 501 716 adiici
520 676 703 726 potuisse
719 675 806 726 ipse
820 674 927 713 mihi
946 687 1239 724 persuaseram,
1257 675 1442 714 studium
1461 677 1539 715 hoc
1552 680 1675 716 tuum
1693 677 1848 716 arctius

221 761 231 766 ·
253 743 385 782 adhuc
398 741 607 792 obligandi
622 754 689 779 me
702 740 941 788 intenderit,
957 753 1164 791 quamque
1180 754 1254 790 ego
1266 741 1534 780 vehementer
1548 742 1622 780 hac
1633 743 1847 793 triumpho

253 808 393 857 gloria,
415 807 523 857 quod
540 806 647 845 tanti
672 806 744 844 abs
764 808 804 843 te
823 805 995 843 estimor
1014 807 1060 844 vt
1081 807 1167 844 tam
1194 805 1355 856 egregio
1374 810 1648 846 monumento
1668 808 1848 847 declares

255 887 339 912 non
363 873 491 912 alium
512 886 598 911 esse
619 884 853 922 quenquam
873 884 895 909 a
916 885 998 921 quo
1019 873 1065 909 tu
1086 871 1217 909 amari
1236 871 1368 910 malis.
1427 872 1535 910 Nam
1553 873 1612 911 sic
1631 873 1720 923 ipse
1739 876 1848 912 certe

254 939 406 977 —satis
434 938 502 988 pol
531 937 715 987 superbe,
747 936 817 975 sed
847 938 985 974 tamen
1024 937 1081 974 sic
1093 938 1397 986 —-interpretor,
1429 938 1539 987 quod
1566 938 1679 977 istud
1709 938 1781 977 abs
1809 941 1850 977 te

254 1006 428 1043 missum
456 1006 517 1042 est
537 1003 643 1042 mihi
663 1016 743 1052 quo
763 1015 847 1040 non
872 1001 917 1040 in
943 1002 1030 1040 dies
1055 1002 1177 1041 modo
1197 1002 1267 1041 sed
1295 1002 1340 1040 in
1363 1003 1486 1041 horas
1513 1003 1638 1042 etiam
1658 1004 1722 1042 tui
1741 1005 1849 1053 apud

254 1083 321 1108 me
340 1070 541 1108 memoria
560 1070 792 1107 renouetur.
836 1066 1040 1117 Equidem
1060 1067 1143 1106 scio
1159 1081 1226 1106 me
1246 1067 1305 1106 sic
1323 1070 1585 1118 perspectum
1606 1069 1685 1108 tibi
1700 1071 1747 1109 vt
1766 1083 1850 1107 non

254 1137 309 1175 sit
324 1136 369 1174 in
383 1149 430 1174 eo
445 1135 552 1173 mihi
566 1134 684 1173 valde
703 1132 987 1181 laborandum,
1005 1146 1072 1171 1119
1088 1135 1133 1171 vt
1148 1133 1227 1171 tibi
1247 1134 1417 1183 probem
1432 1133 1684 1184 (quanquam
1704 1135 1851 1173 multis

254 1201 436 1251 alioquin
466 1199 635 1250 ineptiis
662 1212 748 1237 non
778 1198 890 1247 vaco)
919 1211 1060 1237 vacare
1089 1198 1234 1237 saltem
1263 1198 1507 1249 longissime
1540 1200 1590 1238 ab
1619 1200 1852 1239 Trasonicis

253 1266 494 1305 adfectibus.
553 1264 632 1303 Sed
653 1266 805 1312 tamen,
822 1265 868 1302 vt
882 1277 1027 1302 verum
1046 1264 1187 1311 fatear,
1206 1277 1338 1302 vnum
1359 1264 1472 1302 hunc
1492 1265 1699 1314 pruritum
1720 1265 1851 1316 glorie

255 1334 444 1371 excutere
475 1330 657 1381 profecto
689 1343 772 1368 non
801 1342 982 1379 possum,
1015 1343 1096 1379 quo
1129 1329 1283 1367 mirum
1314 1343 1439 1379 quam
1472 1330 1654 1369 suauiter
1686 1330 1846 1378 titillor,

255 1398 415 1448 quoties
444 1397 632 1434 animum
660 1395 774 1433 subit
802 1407 889 1433 sere
917 1395 1085 1433 demum
1114 1395 1347 1444 posteritati
1375 1409 1441 1433 me
1476 1394 1639 1434 Erasmi
1668 1396 1851 1435 amicitia

253 1462 418 1510 litteris,
459 1461 586 1508 libris,
629 1460 792 1508 tabulis,
835 1459 1029 1498 omnibus
1075 1460 1250 1510 denique
1296 1460 1429 1499 modis
1475 1462 1703 1499 contestata
1741 1474 1848 1500 com-

255 1527 546 1566 mendandum.
607 1525 781 1564 Vtinam
816 1538 862 1564 ea
894 1525 1001 1563 mihi
1032 1526 1208 1564 facultas
1238 1528 1345 1564 esset
1375 1539 1478 1576 quae
1516 1526 1673 1576 insigni
1711 1527 1848 1577 aliquo

256 1594 503 1632 documento
527 1592 656 1642 possit
681 1591 838 1629 efficere
864 1604 917 1629 ne
942 1590 1137 1641 indignus
1163 1604 1303 1629 amore
1325 1593 1410 1629 tam
1430 1591 1620 1642 impenso
1641 1591 1729 1641 viri,
1754 1605 1849 1630 cum

254 1672 327 1697 suo
348 1658 495 1706 seculo,
518 1660 608 1695 tum
630 1656 832 1694 secuturis
851 1655 1030 1694 etatibus
1050 1655 1378 1706 incomparandi,
1397 1657 1563 1695 videar!
1621 1656 1699 1695 Sed
1721 1670 1849 1707 quum

195 1742 210 1770 ς
253 1727 340 1763 tam
356 1724 477 1772 longe
492 1735 617 1772 supra
631 1734 766 1760 meam
781 1721 888 1759 hanc
899 1720 1229 1759 mediocritatem
1245 1722 1299 1760 sit
1312 1722 1396 1760 vllo
1413 1735 1507 1760 meo
1522 1722 1630 1760 facto
1644 1725 1850 1772 praestare

254 1789 360 1828 illud
375 1791 421 1827 vt
442 1788 624 1826 mundus
642 1785 861 1835 intelligat,
882 1785 1024 1824 sedulo
1044 1790 1151 1824 certe
1172 1786 1307 1825 enitar
1322 1789 1367 1825 vt
1387 1787 1536 1825 saltem
1556 1800 1641 1825 non
1661 1787 1851 1838 ingratus

253 1867 340 1892 esse
361 1855 433 1892 tuo
452 1854 576 1891 vnius
594 1851 833 1890 testimonio
853 1851 1104 1902 comprober.

308 1919 556 1969 Apologiam
596 1920 712 1956 tuam
749 1917 905 1967 perlegi
942 1917 1242 1955 studiosissime
1260 1930 1268 1954 ε
1312 1930 1391 1967 qua
1425 1919 1531 1955 certe
1570 1918 1627 1956 sic
1665 1917 1850 1956 adfectus

254 1998 347 2024 sum
366 1986 412 2023 vt
438 1983 718 2034 eloquentiam
744 1983 871 2029 tuam,
898 1995 1027 2031 quum
1050 1995 1256 2031 nusquam
1283 1982 1415 2031 magis
1434 1982 1620 2031 viderim,
1644 1995 1850 2032 nusquam

254 2050 396 2088 minus
432 2049 512 2087 sim
546 2048 783 2087 admiratus.
844 2047 1002 2097 Quippe
1037 2047 1141 2085 illud
1176 2046 1283 2085 mihi
1316 2047 1486 2086 sustulit
1518 2047 1847 2096 admirationem,

256 2115 363 2165 quod
383 2117 427 2153 in
448 2117 535 2152 tam
554 2113 665 2151 facili
692 2125 812 2151 causa
831 2112 965 2151 cuiuis
992 2113 1087 2151 licet
1112 2126 1200 2151 esse
1225 2112 1387 2161 diserto,
1410 2126 1496 2151 non
1519 2113 1596 2150 tibi
1622 2113 1754 2161 modo,
1779 2114 1849 2163 qui

255 2180 418 2218 facilem
451 2179 583 2229 possis
615 2179 746 2216 facere
780 2191 829 2216 ex
862 2177 1115 2216 difficillima.
1173 2178 1344 2216 Peream
1377 2177 1422 2215 ni
1453 2177 1622 2216 miseret
1650 2179 1739 2217 eius
1768 2191 1845 2227 me,

256 2245 473 2283 hominem
500 2257 597 2282 suae
624 2243 785 2281 scholae
811 2242 960 2292 plausu
985 2256 1032 2281 eo
1058 2256 1321 2292 progressum
1348 2244 1468 2294 atque
1494 2243 1715 2282 incitatum
1733 2245 1781 2282 vt
1799 2244 1849 2283 ad

257 2310 578 2349 ostentationem
606 2309 760 2347 virium
789 2321 881 2346 eam
912 2307 990 2346 sibi
1020 2306 1335 2347 declamandam
1369 2309 1593 2358 sumpserit
1622 2311 1851 2348 controuer-

194 2396 209 2422 4
255 2376 371 2424 siam,
405 2388 484 2425 qua
518 2374 625 2412 nihil
654 2386 837 2424 vnquam
871 2373 951 2412 fuit
988 2374 1120 2423 magis
1153 2375 1391 2412 ἀσύστατονε
1433 2376 1495 2412 est
1527 2374 1639 2412 enim
1669 2375 1850 2413 maxime

256 2442 497 2490 ἑτερορρεπές.
558 2440 683 2489 Spero
721 2439 806 2477 fore
837 2440 882 2476 vt
918 2439 995 2478 hac
1033 2439 1262 2477 monitione
1299 2441 1371 2476 tua
1404 2439 1627 2488 resipiscat.
1687 2439 1850 2478 Placuit

256 2506 426 2543 mirifice
454 2505 563 2543 mihi
591 2507 636 2542 vt
665 2503 805 2542 omnia
833 2503 904 2542 sed
933 2505 1074 2542 tamen
1110 2504 1348 2542 notabiliter
1376 2503 1507 2552 figura
1535 2517 1614 2553 qua
1643 2504 1851 2550 κενοδοξίαν

256 2572 346 2610 eius
365 2572 492 2609 facete
512 2569 787 2620 reprehendis,
807 2569 878 2619 qui
897 2569 1119 2608 secundam
1140 2569 1363 2607 editionem
1382 2581 1501 2606 suam
1520 2569 1652 2607 videri
1671 2569 1850 2608 voluerit

256 2636 593 2675 annotationibus
618 2636 702 2673 tuis
729 2635 938 2685 priorem3
979 2648 1108 2684 quum
1136 2637 1276 2673 tamen
1306 2634 1349 2672 in
1377 2635 1520 2672 eadem
1548 2647 1643 2672 cum
1672 2635 1757 2673 tuis
1787 2636 1850 2673 de-

220 2715 234 2743 5
255 2704 420 2752 pugnet,
442 2701 630 2739 nondum
650 2700 770 2739 factis
789 2699 956 2739 scilicet.

299 2813 329 2842 9.
354 2813 442 2843 quae
459 2806 531 2834 LB:
557 2814 581 2846 q
598 2815 629 2834 α.
780 2812 832 2841 25.
859 2801 915 2833 (1²2
941 2803 1149 2843 posteritate
1166 2800 1209 2839 αἱ,
1229 2802 1266 2837 cf.
1286 2802 1344 2836 Ep.
1363 2801 1426 2838 684
1439 2810 1571 2837 prooem.
1717 2811 1769 2840 29.
1793 2802 1846 2832 11²:

257 2849 442 2877 secuturus
458 2847 501 2877 ul.
638 2856 691 2884 41.
717 2845 899 2885 ἐτερορεπὲς
914 2857 945 2877 α.
1078 2855 1130 2883 42.
1157 2842 1355 2882 καινοδοξίαν
1370 2855 1408 2874 α;
1434 2854 1508 2875 corr.
1525 2847 1589 2876 ΕΒ.

301 2943 352 2964 22.
376 2933 592 2974 Trasonicis]
627 2934 694 2964 For
732 2932 806 2964 this
845 2933 937 2963 form
971 2933 1014 2963 cf.
1107 2934 1160 2971 36.
1186 2932 1224 2962 in
1240 2933 1314 2962 tam
1331 2931 1445 2972 facili]
1462 2931 1513 2963 Cf.
1528 2932 1588 2963 Ov.
1604 2934 1652 2963 Tr.
1671 2940 1703 2969 3.
1725 2941 1772 2963 11.
1792 2941 1844 2962 21.

258 2977 322 3016 Ep.
340 2978 413 3016 485.
431 2978 482 3015 38.
1107 2985 1159 3014 43.
1185 2975 1435 3016 reprehendis]
1454 2975 1524 3006 LB.
1542 2976 1589 3006 ix.
1607 2985 1649 3005 ρο
1665 2984 1697 3006 D.
