2034 3433
292 127 342 166 18
751 127 1001 168 LETTERS
1038 126 1108 165 or
1145 127 1411 169 ERASMUS
1747 126 1841 182 [151
1853 140 1872 178 7

285 244 403 280 spero
430 234 471 270 et
499 231 619 270 nobis
646 231 923 282 profuturum,
954 231 990 268 si
1019 229 1141 268 modo
1170 229 1287 269 Iesus
1315 231 1497 280 optimus
1529 229 1875 271 clementissimos

287 309 383 334 suos
413 297 551 335 oculos
583 297 628 335 in
657 310 725 335 me
756 298 945 347 torquere
978 295 1182 345 dignetur.
1241 295 1275 334 Ο
1303 297 1345 334 te
1377 296 1551 345 felicem,
1585 296 1655 347 qui
1685 298 1800 336 totus
1832 301 1874 336 et

230 375 266 407 15
288 374 443 400 vacuus
481 362 526 400 in
562 361 724 400 intimis
761 359 1043 410 penetralibus
1079 360 1253 399 verseris
1289 373 1384 400 cum
1421 375 1582 412 sponso,
1618 361 1726 400 nihil
1760 362 1875 401 aliud

287 439 411 475 quam
449 426 642 465 coelestia
678 425 910 464 meditans!
976 424 1033 462 Et
1069 425 1238 462 antrum
1275 439 1397 464 vocas
1434 426 1573 465 sedem
1611 426 1761 475 istam;
1799 441 1875 476 ego

284 492 522 541 paradisum
548 492 732 539 arbitror,
756 489 1001 541 praesertim
1029 490 1178 528 comite
1208 490 1397 541 socioque
1425 492 1658 531 studiorum
1685 494 1874 532 omnium

285 557 483 595 Brentio:
511 570 584 606 per
603 570 726 606 quem
754 556 811 594 ita
839 555 950 593 solus
977 568 1029 602 eS,
1051 556 1098 593 vt
1126 554 1363 594 solitudinis
1386 557 1568 595 taedium
1595 571 1679 597 non
1708 558 1872 597 sentias.

286 622 398 659 Olim
414 622 604 660 homines
623 622 681 671 pii
700 621 851 671 partim
871 619 1018 658 offensi
1037 619 1195 658 deliciis
1213 632 1258 658 ac
1278 620 1499 660 sceleribus
1517 624 1644 674 vulgi,
1661 623 1875 663 Christum

229 701 269 722 20
287 687 406 725 titulo
425 687 722 736 profitentium,
744 686 833 725 vita
858 685 1113 734 negantium,
1136 685 1288 734 partim
1311 684 1450 724 afflicti
1476 687 1586 727 seuis
1607 689 1875 727 barbarorum

287 752 602 800 incursionibus,
644 750 865 800 captabant
901 750 1037 789 inuios
1075 750 1285 788 montium
1328 763 1374 788 ac
1414 764 1634 791 nemorum
1676 767 1873 793 secessus.

287 817 407 855 Nunc
439 816 572 866 magis
603 816 730 854 etiam
763 816 890 854 libeat
922 815 1102 864 effugere
1133 815 1234 853 istos
1268 815 1339 865 qui
1372 815 1449 854 sub
1476 819 1689 866 praetextu
1718 818 1877 858 Christi

287 881 444 920 Christi
463 881 694 920 doctrinam
716 881 948 920 moliuntur
967 881 1221 930 extinguere.

340 947 418 985 Sed
438 946 534 996 quid
554 959 705 995 narras,
722 946 882 997 impie?
937 946 1062 984 Matri
1081 945 1296 984 tantillum
1312 946 1610 985 munusculum
1629 947 1877 988 inuidebas‘?

229 1024 265 1054 25
287 1012 372 1050 Nae
390 1013 437 1050 tu
457 1012 607 1061 dignus
632 1025 674 1050 es
702 1011 908 1060 maximis,
931 1011 1004 1062 qui
1023 1013 1110 1050 tam
1132 1012 1248 1060 grato
1270 1011 1411 1049 animo
1431 1011 1611 1062 pensites
1631 1026 1733 1062 quae
1751 1013 1876 1054 nihili

285 1079 394 1116 sunt.
468 1077 584 1125 Quod
619 1077 868 1127 Hieronymi
904 1076 1221 1116 translationem
1259 1077 1420 1116 confers
1457 1090 1553 1115 cum
1591 1077 1875 1118 Hebraeorum

285 1142 577 1191 voluminibus,
598 1155 683 1180 non
709 1142 852 1181 dubito
878 1142 979 1192 quin
1005 1155 1098 1181 cum
1124 1142 1276 1181 iudicio
1300 1142 1435 1190 facias,
1456 1155 1679 1193 precorque
1698 1146 1744 1182 vt
1763 1144 1877 1183 Deus

284 1208 469 1246 laborem
488 1208 615 1246 istum
635 1210 757 1246 tuum
776 1208 880 1246 bene
899 1208 1093 1248 fortunet.
1153 1208 1341 1258 Optarim
1364 1207 1544 1246 indicem
1564 1209 1876 1258 quamprimum

285 1274 458 1323 prodire,
491 1273 597 1311 mihi
631 1287 792 1324 quoque
820 1274 913 1312 vsui
946 1274 1147 1312 futurum.
1214 1273 1274 1311 Ea
1310 1286 1374 1311 res
1411 1273 1644 1322 complures
1681 1275 1875 1313 accendet

209 1351 268 1381 ,30
286 1339 336 1377 ad
374 1334 651 1377 euoluendum
693 1338 1014 1389 Hieronymum.
1072 1337 1168 1376 Non
1204 1339 1305 1376 satis
1349 1338 1492 1377 diuino
1528 1338 1627 1388 quid
1659 1338 1741 1377 sibi
1772 1340 1876 1378 velit

286 1404 497 1453 tragoedia
517 1418 526 1451 ;
555 1405 719 1442 tantum
739 1403 941 1442 admoneo
961 1416 1012 1441 ne
1034 1402 1215 1441 nimium
1233 1403 1358 1442 variis
1385 1402 1534 1441 studiis
1554 1416 1696 1442 oneres
1717 1403 1876 1454 ingenii

284 1470 393 1507 vires
418 1470 460 1507 et
487 1469 812 1507 imbecillitatem
842 1468 1073 1518 corpusculi
1100 1468 1174 1508 tui.
1233 1468 1295 1506 De
1325 1467 1642 1509 Melanchthone.
1671 1470 1712 1507 et
1742 1470 1875 1508 sentio

285 1534 490 1584 praeclare
510 1535 551 1572 et
570 1547 687 1584 spero
706 1533 933 1584 magnifice,
954 1535 1121 1572 tantum
1139 1535 1187 1572 vt
1207 1547 1302 1572 eum
1322 1533 1516 1572 iuuenem
1540 1533 1662 1572 nobis
1685 1533 1876 1574 Christus

286 1600 356 1638 diu
377 1600 479 1638 velit
498 1612 585 1637 esse
605 1599 883 1649 superstitem.
943 1598 986 1638 Is
1005 1612 1170 1649 prorsus
1191 1598 1426 1638 obscurabit
1445 1599 1679 1638 Erasmum.

226 1679 265 1711 35
340 1665 452 1703 Bene
471 1664 576 1703 vale.
633 1664 820 1705 Louanii.
878 1665 961 1704 An.
984 1661 1246 1717 M.D.xvn[1].

789 1810 885 1850 606.
944 1807 1009 1849 To
1039 1807 1164 1849 JOHN
1195 1807 1366 1849 RUSER.

332 1884 495 1929 Farrago
513 1895 548 1928 p.
571 1892 645 1928 157.
1567 1879 1793 1929 <L0uvain.)

332 1943 371 1977 F.
390 1954 428 1987 p.
447 1952 510 1986 301
529 1954 537 1977 :
566 1941 657 1977 HN:
684 1941 801 1976 Lond.
819 1939 866 1977 vi.
887 1950 954 1985 24:
981 1939 1053 1974 LB.
1072 1939 1170 1986 App.
1189 1950 1269 1984 242.
1537 1937 1703 1987 <Ju1y‘?>
1727 1950 1826 1986 1517.

329 2022 515 2063 [Erasmus
530 2032 602 2053 was
617 2023 681 2052 not
698 2022 737 2052 in
754 2021 857 2053 Basle
873 2022 909 2051 in
931 2030 1011 2060 1517
1029 2031 1036 2058 ;
1060 2021 1099 2051 in
1116 2030 1357 2060 consequence
1374 2020 1403 2051 it
1422 2020 1453 2051 is
1472 2029 1659 2059 necessary
1682 2023 1718 2052 to
1739 2024 1874 2053 correct

285 2076 352 2097 one
369 2068 405 2097 of
418 2067 480 2097 the
498 2066 598 2097 dates
613 2066 719 2105 given
736 2065 776 2096 in
794 2066 832 2096 E.
878 2065 963 2095 This
985 2064 1093 2095 letter
1114 2066 1243 2095 cannot
1267 2065 1309 2095 be
1331 2064 1440 2095 much
1459 2063 1588 2095 earlier
1609 2063 1699 2094 than
1717 2065 1778 2104 Ep.
1798 2067 1873 2105 633,

284 2110 356 2140 and
380 2109 550 2149 probably
567 2119 723 2140 answers
746 2109 808 2140 the
829 2109 938 2139 letter
962 2108 1081 2138 which
1107 2108 1257 2138 Schrirer
1280 2108 1461 2138 mentions
1484 2107 1524 2138 in
1551 2107 1614 2147 Ep.
1646 2109 1719 2139 612.
1750 2118 1809 2144 103
1837 2119 1874 2140 so

283 2154 364 2184 that
378 2154 441 2184 the
457 2153 639 2191 year—date
655 2154 751 2183 must
766 2152 809 2183 be
827 2152 996 2183 retained.
1029 2152 1102 2182 The
1115 2151 1290 2182 incorrect
1304 2151 1385 2182 date
1399 2150 1435 2182 of
1448 2151 1547 2191 place
1563 2153 1659 2181 must
1676 2151 1768 2182 have
1784 2153 1874 2183 been

284 2197 399 2227 added
417 2199 453 2228 at
470 2196 531 2227 the
554 2197 641 2227 time
663 2196 699 2227 of
719 2196 905 2236 printing;
929 2195 971 2226 cf.
990 2194 1058 2226 vol.
1076 2196 1098 2233 i,
1119 2205 1152 2235 p.
1171 2204 1245 2234 595.
1289 2194 1323 2225 A
1344 2195 1479 2234 precise
1503 2194 1731 2225 month-date
1754 2196 1785 2225 is
1810 2198 1873 2227 not

282 2240 434 2280 possible
449 2252 455 2277 ;
479 2240 543 2271 but
558 2240 631 2270 this
647 2239 818 2280 probably
834 2240 932 2270 went
947 2239 1038 2269 with
1054 2238 1116 2269 the
1135 2239 1265 2278 budget
1281 2238 1489 2278 dispatched
1506 2239 1542 2269 to
1563 2238 1666 2269 Basle
1683 2239 1722 2269 in
1738 2238 1836 2278 July.

327 2284 395 2314 For
412 2284 522 2314 Ruser
537 2293 593 2313 see
611 2284 672 2323 Ep.
689 2293 764 2322 302.
788 2292 825 2322 15
843 2293 878 2314 n.
926 2282 971 2313 In
984 2282 1078 2313 June
1098 2283 1179 2321 1518
1201 2283 1246 2312 he
1268 2291 1341 2312 was
1362 2282 1531 2322 teaching
1552 2284 1589 2312 at
1610 2281 1846 2313 Schlettstadt
1864 2294 1872 2321 ;

283 2337 339 2357 see
365 2327 528 2357 Froben’s
550 2327 687 2366 preface
710 2329 747 2357 to
769 2327 826 2357 his
844 2326 981 2357 edition
1003 2326 1042 2356 of
1062 2326 1227 2356 Hadrian
1253 2326 1297 2356 de
1321 2325 1502 2356 Castello's
1526 2327 1569 2355 De
1591 2335 1726 2356 sermone
1747 2328 1869 2364 Latino,

284 2370 376 2401 June
396 2372 488 2412 1518,
507 2370 578 2401 and
595 2371 637 2401 cf.
655 2371 718 2411 Ep.
736 2371 810 2410 858.
832 2369 913 2411 fin.]

312 2457 518 2487 ERASMVS
548 2456 880 2487 ROTERODAMVS
910 2455 1073 2486 IOANNI
1102 2455 1278 2486 RVSERO
1307 2454 1600 2485 NOVIENTANO
1631 2455 1713 2486 SVO
1743 2455 1778 2487 S.
1799 2455 1842 2486 D.

339 2540 456 2588 Qvon
477 2537 676 2577 Mathiam
697 2537 965 2577 Schurerium
981 2537 1086 2575 mihi
1106 2539 1193 2575 tam
1213 2535 1394 2575 studiose
1408 2535 1686 2583 commendas,
1704 2549 1872 2585 prorsus

283 2605 399 2643 iuxta
431 2603 697 2653 prouerbium
729 2605 868 2642 actum
904 2602 1001 2653 agis,
1061 2603 1137 2640 Est
1170 2601 1282 2640 enim
1320 2600 1356 2639 is
1388 2600 1512 2639 homo
1546 2600 1654 2639 mihi
1690 2603 1782 2640 tum
1821 2601 1873 2639 ob

283 2669 456 2707 eximias
484 2668 641 2718 ingenii
669 2667 796 2716 dotes,
820 2670 913 2706 tum
942 2667 993 2706 ob
1023 2666 1154 2705 officia
1182 2665 1227 2703 in
1255 2678 1323 2704 me
1350 2678 1435 2703 non
1462 2665 1656 2714 vulgaria,
1682 2666 1740 2704 sic
1768 2679 1875 2704 com-

283 2735 504 2773 mendatus
535 2735 582 2772 vt
616 2732 944 2772 commendatior
980 2745 1067 2770 esse
1101 2744 1186 2770 non
1223 2730 1363 2781 possit.
1423 2730 1541 2769 Nihil
1581 2732 1642 2769 est
1680 2731 1789 2781 quod
1827 2731 1874 2769 in

449 2839 523 2869 605.
553 2847 602 2876 15.
628 2837 780 2868 versaris
795 2839 833 2869 F.
1011 2836 1061 2867 18.
1083 2837 1138 2867 H:
1163 2834 1293 2866 Bentio
1307 2845 1337 2865 α.
1510 2842 1565 2873 25.
1589 2834 1686 2865 nihil
1703 2837 1740 2866 F.

326 2949 400 2979 605.
427 2958 479 2986 31.
502 2946 698 2987 tragoedia]
721 2945 796 2977 The
816 2946 984 2985 prologue
1006 2946 1042 2976 to
1109 2943 1258 2985 printed
1280 2944 1329 2982 by
1344 2943 1551 2982 Heumann,
1570 2953 1626 2984 pp.
1641 2952 1783 2982 319—21.

280 2991 366 3033 this,
407 2991 596 3022 addressed
634 2993 671 3022 to
715 2989 963 3020 Pirckheimer
1000 2989 1040 3027 is,
1152 2988 1228 3019 606.
1254 2997 1285 3019 2.
1310 2987 1559 3028 prouerbium]
1575 2987 1629 3019 Cf.
1651 2989 1753 3026 Aday.
1770 2996 1845 3026 370.
