<?xml version="1.0" encoding="UTF-8"?>
<!DOCTYPE html PUBLIC "-//W3C//DTD XHTML 1.0 Transitional//EN"
    "http://www.w3.org/TR/xhtml1/DTD/xhtml1-transitional.dtd">
<html xmlns="http://www.w3.org/1999/xhtml" xml:lang="en" lang="en">
 <head>
  <title>
</title>
<meta http-equiv="Content-Type" content="text/html;charset=utf-8" />
  <meta name='ocr-system' content='tesseract 3.04.00' />
  <meta name='ocr-capabilities' content='ocr_page ocr_carea ocr_par ocr_line ocrx_word'/>
</head>
<body>
  <div class='ocr_page' id='page_1' title='image "./opusepistolarumd03erasuoft_0615.png"; bbox 0 0 2034 3433; ppageno 0'>
   <div class='ocr_carea' id='block_1_1' title="bbox 108 183 1687 258">
    <p class='ocr_par' dir='ltr' id='par_1_1' title="bbox 108 183 1687 258">
     <span class='ocr_line' id='line_1_1' title="bbox 108 183 1687 258; baseline -0.001 -11"><span class='ocrx_word' id='word_1_1' title='bbox 108 183 204 258; x_wconf 53' lang='lat'>952]</span> <span class='ocrx_word' id='word_1_2' title='bbox 494 207 565 245; x_wconf 80' lang='lat' dir='ltr'>To</span> <span class='ocrx_word' id='word_1_3' title='bbox 603 206 837 245; x_wconf 82' lang='lat' dir='ltr'>ANTONY</span> <span class='ocrx_word' id='word_1_4' title='bbox 876 207 950 245; x_wconf 84' lang='lat' dir='ltr'>DE</span> <span class='ocrx_word' id='word_1_5' title='bbox 990 207 1065 245; x_wconf 86' lang='lat' dir='ltr'>LA</span> <span class='ocrx_word' id='word_1_6' title='bbox 1103 207 1302 247; x_wconf 85' lang='lat' dir='ltr'><strong>MARCK</strong></span> <span class='ocrx_word' id='word_1_7' title='bbox 1612 209 1687 247; x_wconf 85' lang='lat'>561</span> 
     </span>
    </p>
   </div>
   <div class='ocr_carea' id='block_1_2' title="bbox 105 309 1755 2312">
    <p class='ocr_par' dir='ltr' id='par_1_2' title="bbox 105 309 1753 1273">
     <span class='ocr_line' id='line_1_2' title="bbox 105 309 1690 361; baseline 0.001 -13"><span class='ocrx_word' id='word_1_8' title='bbox 105 309 300 358; x_wconf 85' lang='lat' dir='ltr'>indolem,</span> <span class='ocrx_word' id='word_1_9' title='bbox 323 324 423 360; x_wconf 90' lang='lat' dir='ltr'>quae</span> <span class='ocrx_word' id='word_1_10' title='bbox 447 310 504 348; x_wconf 88' lang='lat' dir='ltr'>sic</span> <span class='ocrx_word' id='word_1_11' title='bbox 528 309 733 359; x_wconf 90' lang='lat' dir='ltr'>optimum</span> <span class='ocrx_word' id='word_1_12' title='bbox 758 309 930 348; x_wconf 89' lang='lat' dir='ltr'>fratrem</span> <span class='ocrx_word' id='word_1_13' title='bbox 954 309 1193 360; x_wconf 84' lang='lat' dir='ltr'>Principem</span> <span class='ocrx_word' id='word_1_14' title='bbox 1223 309 1452 350; x_wconf 86' lang='lat' dir='ltr'>Simaicum</span> <span class='ocrx_word' id='word_1_15' title='bbox 1478 313 1690 361; x_wconf 76' lang='lat' dir='ltr'>expressit,</span> 
     </span>
     <span class='ocr_line' id='line_1_3' title="bbox 105 374 1693 426; baseline 0.001 -13"><span class='ocrx_word' id='word_1_16' title='bbox 105 376 151 413; x_wconf 92' lang='lat' dir='ltr'>vt</span> <span class='ocrx_word' id='word_1_17' title='bbox 177 375 319 414; x_wconf 88' lang='lat' dir='ltr'>minus</span> <span class='ocrx_word' id='word_1_18' title='bbox 344 377 450 415; x_wconf 89' lang='lat' dir='ltr'>esset</span> <span class='ocrx_word' id='word_1_19' title='bbox 475 387 672 426; x_wconf 86' lang='lat' dir='ltr'>germana</span> <span class='ocrx_word' id='word_1_20' title='bbox 693 374 997 425; x_wconf 72' lang='lat' dir='ltr'>propinquitate</span> <span class='ocrx_word' id='word_1_21' title='bbox 1027 375 1238 425; x_wconf 83' lang='lat' dir='ltr'>sanguinis</span> <span class='ocrx_word' id='word_1_22' title='bbox 1265 388 1389 425; x_wconf 89' lang='lat' dir='ltr'>quam</span> <span class='ocrx_word' id='word_1_23' title='bbox 1419 376 1693 416; x_wconf 81' lang='lat' dir='ltr'>aemulatione</span> 
     </span>
     <span class='ocr_line' id='line_1_4' title="bbox 105 439 1750 491; baseline 0.001 -13"><span class='ocrx_word' id='word_1_24' title='bbox 105 440 338 489; x_wconf 89' lang='lat' dir='ltr'>virtutum;</span> <span class='ocrx_word' id='word_1_25' title='bbox 396 442 606 490; x_wconf 88' lang='lat' dir='ltr'>postremo</span> <span class='ocrx_word' id='word_1_26' title='bbox 653 439 859 490; x_wconf 84' lang='lat' dir='ltr'>presulem</span> <span class='ocrx_word' id='word_1_27' title='bbox 905 440 1041 478; x_wconf 90' lang='lat' dir='ltr'>modis</span> <span class='ocrx_word' id='word_1_28' title='bbox 1087 440 1283 479; x_wconf 86' lang='lat' dir='ltr'>omnibus</span> <span class='ocrx_word' id='word_1_29' title='bbox 1328 440 1693 491; x_wconf 81' lang='lat' dir='ltr'>incomparabilem</span> <span class='ocrx_word' id='word_1_30' title='bbox 1714 458 1750 490; x_wconf 90' lang='lat'>15</span> 
     </span>
     <span class='ocr_line' id='line_1_5' title="bbox 105 505 1693 556; baseline 0.001 -12"><span class='ocrx_word' id='word_1_31' title='bbox 105 505 358 555; x_wconf 83' lang='lat' dir='ltr'>Episcopum</span> <span class='ocrx_word' id='word_1_32' title='bbox 377 518 423 544; x_wconf 88' lang='lat' dir='ltr'>ac</span> <span class='ocrx_word' id='word_1_33' title='bbox 442 505 680 555; x_wconf 89' lang='lat' dir='ltr'>Principem</span> <span class='ocrx_word' id='word_1_34' title='bbox 700 505 983 554; x_wconf 86' lang='lat' dir='ltr'>Leodiensem,</span> <span class='ocrx_word' id='word_1_35' title='bbox 1004 507 1199 554; x_wconf 90' lang='lat' dir='ltr'>patruum</span> <span class='ocrx_word' id='word_1_36' title='bbox 1223 507 1356 554; x_wconf 91' lang='lat' dir='ltr'>tuum,</span> <span class='ocrx_word' id='word_1_37' title='bbox 1379 506 1444 544; x_wconf 88' lang='lat' dir='ltr'>cui</span> <span class='ocrx_word' id='word_1_38' title='bbox 1462 507 1693 556; x_wconf 83' lang='lat' dir='ltr'>proximam</span> 
     </span>
     <span class='ocr_line' id='line_1_6' title="bbox 105 569 1693 621; baseline 0.001 -12"><span class='ocrx_word' id='word_1_39' title='bbox 105 571 397 621; x_wconf 85' lang='lat' dir='ltr'>Paraphrasim</span> <span class='ocrx_word' id='word_1_40' title='bbox 435 571 676 609; x_wconf 88' lang='lat' dir='ltr'>dicauimus.</span> <span class='ocrx_word' id='word_1_41' title='bbox 735 572 805 609; x_wconf 91' lang='lat' dir='ltr'>An</span> <span class='ocrx_word' id='word_1_42' title='bbox 842 583 927 609; x_wconf 91' lang='lat' dir='ltr'>non</span> <span class='ocrx_word' id='word_1_43' title='bbox 965 569 1136 620; x_wconf 90' lang='lat' dir='ltr'>pudebit</span> <span class='ocrx_word' id='word_1_44' title='bbox 1174 570 1346 620; x_wconf 89' lang='lat' dir='ltr'>posthac</span> <span class='ocrx_word' id='word_1_45' title='bbox 1381 571 1611 610; x_wconf 87' lang='lat' dir='ltr'>sacerdotes</span> <span class='ocrx_word' id='word_1_46' title='bbox 1647 585 1693 611; x_wconf 90' lang='lat' dir='ltr'>ac</span> 
     </span>
     <span class='ocr_line' id='line_1_7' title="bbox 106 635 1694 686; baseline 0.001 -11"><span class='ocrx_word' id='word_1_47' title='bbox 106 636 331 675; x_wconf 89' lang='lat' dir='ltr'>monachos</span> <span class='ocrx_word' id='word_1_48' title='bbox 345 636 469 674; x_wconf 90' lang='lat' dir='ltr'>etiam</span> <span class='ocrx_word' id='word_1_49' title='bbox 483 649 557 686; x_wconf 88' lang='lat' dir='ltr'>per</span> <span class='ocrx_word' id='word_1_50' title='bbox 570 635 726 684; x_wconf 83' lang='lat' dir='ltr'>luxum,</span> <span class='ocrx_word' id='word_1_51' title='bbox 742 649 815 686; x_wconf 90' lang='lat' dir='ltr'>per</span> <span class='ocrx_word' id='word_1_52' title='bbox 829 635 981 683; x_wconf 86' lang='lat' dir='ltr'>ocium,</span> <span class='ocrx_word' id='word_1_53' title='bbox 996 648 1069 685; x_wconf 89' lang='lat' dir='ltr'>per</span> <span class='ocrx_word' id='word_1_54' title='bbox 1083 635 1215 674; x_wconf 88' lang='lat' dir='ltr'>aleam</span> <span class='ocrx_word' id='word_1_55' title='bbox 1231 637 1492 686; x_wconf 87' lang='lat' dir='ltr'>caeterasque</span> <span class='ocrx_word' id='word_1_56' title='bbox 1507 637 1694 676; x_wconf 89' lang='lat' dir='ltr'>sordidas</span> 
     </span>
     <span class='ocr_line' id='line_1_8' title="bbox 105 700 1693 751; baseline 0 -11"><span class='ocrx_word' id='word_1_57' title='bbox 105 701 338 751; x_wconf 85' lang='lat' dir='ltr'>voluptates</span> <span class='ocrx_word' id='word_1_58' title='bbox 365 703 541 740; x_wconf 87' lang='lat' dir='ltr'>aetatem</span> <span class='ocrx_word' id='word_1_59' title='bbox 570 701 793 749; x_wconf 88' lang='lat' dir='ltr'>traducere,</span> <span class='ocrx_word' id='word_1_60' title='bbox 828 713 923 739; x_wconf 87' lang='lat' dir='ltr'>cum</span> <span class='ocrx_word' id='word_1_61' title='bbox 950 703 997 739; x_wconf 88' lang='lat' dir='ltr'>tu</span> <span class='ocrx_word' id='word_1_62' title='bbox 1026 700 1105 739; x_wconf 87' lang='lat' dir='ltr'>ista</span> <span class='ocrx_word' id='word_1_63' title='bbox 1135 700 1360 749; x_wconf 92' lang='lat' dir='ltr'>nobilitate,</span> <span class='ocrx_word' id='word_1_64' title='bbox 1395 702 1475 740; x_wconf 89' lang='lat' dir='ltr'>isto</span> <span class='ocrx_word' id='word_1_65' title='bbox 1503 702 1693 740; x_wconf 87' lang='lat' dir='ltr'>fortunae</span> 
     </span>
     <span class='ocr_line' id='line_1_9' title="bbox 105 766 1753 817; baseline 0 -12"><span class='ocrx_word' id='word_1_66' title='bbox 105 766 280 816; x_wconf 86' lang='lat' dir='ltr'>fastigio,</span> <span class='ocrx_word' id='word_1_67' title='bbox 318 767 400 805; x_wconf 87' lang='lat' dir='ltr'>isto</span> <span class='ocrx_word' id='word_1_68' title='bbox 438 767 582 805; x_wconf 87' lang='lat' dir='ltr'>aetatis</span> <span class='ocrx_word' id='word_1_69' title='bbox 619 766 728 814; x_wconf 89' lang='lat' dir='ltr'>flore,</span> <span class='ocrx_word' id='word_1_70' title='bbox 762 766 914 816; x_wconf 90' lang='lat' dir='ltr'>quippe</span> <span class='ocrx_word' id='word_1_71' title='bbox 952 767 1077 804; x_wconf 89' lang='lat' dir='ltr'>natus</span> <span class='ocrx_word' id='word_1_72' title='bbox 1113 779 1245 804; x_wconf 89' lang='lat' dir='ltr'>annos</span> <span class='ocrx_word' id='word_1_73' title='bbox 1282 766 1411 804; x_wconf 86' lang='lat' dir='ltr'>ferme</span> <span class='ocrx_word' id='word_1_74' title='bbox 1446 770 1621 817; x_wconf 86' lang='lat' dir='ltr'>quatuor</span> <span class='ocrx_word' id='word_1_75' title='bbox 1653 770 1694 806; x_wconf 93' lang='lat' dir='ltr'>et</span> <span class='ocrx_word' id='word_1_76' title='bbox 1713 783 1753 805; x_wconf 87' lang='lat'>20</span> 
     </span>
     <span class='ocr_line' id='line_1_10' title="bbox 105 831 1693 881; baseline 0.001 -11"><span class='ocrx_word' id='word_1_77' title='bbox 105 832 268 881; x_wconf 85' lang='lat' dir='ltr'>viginti,</span> <span class='ocrx_word' id='word_1_78' title='bbox 305 832 413 870; x_wconf 89' lang='lat' dir='ltr'>nihil</span> <span class='ocrx_word' id='word_1_79' title='bbox 442 831 662 881; x_wconf 89' lang='lat' dir='ltr'>antiquius,</span> <span class='ocrx_word' id='word_1_80' title='bbox 696 831 803 870; x_wconf 84' lang='lat' dir='ltr'>nihil</span> <span class='ocrx_word' id='word_1_81' title='bbox 834 832 1013 879; x_wconf 87' lang='lat' dir='ltr'>suauius,</span> <span class='ocrx_word' id='word_1_82' title='bbox 1051 831 1159 869; x_wconf 88' lang='lat' dir='ltr'>nihil</span> <span class='ocrx_word' id='word_1_83' title='bbox 1197 832 1540 871; x_wconf 89' lang='lat' dir='ltr'>honorificentius</span> <span class='ocrx_word' id='word_1_84' title='bbox 1578 834 1693 872; x_wconf 89' lang='lat' dir='ltr'>ducis</span> 
     </span>
     <span class='ocr_line' id='line_1_11' title="bbox 106 896 1693 947; baseline 0.001 -12"><span class='ocrx_word' id='word_1_85' title='bbox 106 910 229 946; x_wconf 87' lang='lat' dir='ltr'>quam</span> <span class='ocrx_word' id='word_1_86' title='bbox 252 897 298 935; x_wconf 92' lang='lat' dir='ltr'>in</span> <span class='ocrx_word' id='word_1_87' title='bbox 323 897 564 936; x_wconf 87' lang='lat' dir='ltr'>liberalibus</span> <span class='ocrx_word' id='word_1_88' title='bbox 591 896 755 944; x_wconf 88' lang='lat' dir='ltr'>litteris,</span> <span class='ocrx_word' id='word_1_89' title='bbox 787 910 911 946; x_wconf 92' lang='lat' dir='ltr'>quam</span> <span class='ocrx_word' id='word_1_90' title='bbox 940 896 985 934; x_wconf 90' lang='lat' dir='ltr'>in</span> <span class='ocrx_word' id='word_1_91' title='bbox 1012 896 1321 935; x_wconf 87' lang='lat' dir='ltr'>honestissimis</span> <span class='ocrx_word' id='word_1_92' title='bbox 1348 897 1580 947; x_wconf 85' lang='lat' dir='ltr'>disciplinis</span> <span class='ocrx_word' id='word_1_93' title='bbox 1607 912 1693 937; x_wconf 85' lang='lat' dir='ltr'>ver-</span> 
     </span>
     <span class='ocr_line' id='line_1_12' title="bbox 105 961 1693 1012; baseline 0.001 -12"><span class='ocrx_word' id='word_1_94' title='bbox 105 963 267 1000; x_wconf 87' lang='lat' dir='ltr'>santem</span> <span class='ocrx_word' id='word_1_95' title='bbox 304 962 459 1012; x_wconf 88' lang='lat' dir='ltr'>priscos</span> <span class='ocrx_word' id='word_1_96' title='bbox 497 962 592 1000; x_wconf 86' lang='lat' dir='ltr'>illos</span> <span class='ocrx_word' id='word_1_97' title='bbox 630 975 674 1000; x_wconf 88' lang='lat' dir='ltr'>ac</span> <span class='ocrx_word' id='word_1_98' title='bbox 712 961 1020 1000; x_wconf 87' lang='lat' dir='ltr'>laudatissimos</span> <span class='ocrx_word' id='word_1_99' title='bbox 1057 961 1264 1012; x_wconf 87' lang='lat' dir='ltr'>principes</span> <span class='ocrx_word' id='word_1_100' title='bbox 1306 962 1456 1001; x_wconf 88' lang='lat' dir='ltr'>referre</span> <span class='ocrx_word' id='word_1_101' title='bbox 1472 964 1492 1001; x_wconf 78' lang='lat'>⁶?</span> <span class='ocrx_word' id='word_1_102' title='bbox 1558 964 1693 1002; x_wconf 88' lang='lat' dir='ltr'>Macte</span> 
     </span>
     <span class='ocr_line' id='line_1_13' title="bbox 106 1026 1694 1078; baseline 0.002 -13"><span class='ocrx_word' id='word_1_103' title='bbox 106 1026 237 1065; x_wconf 88' lang='lat' dir='ltr'>animi</span> <span class='ocrx_word' id='word_1_104' title='bbox 270 1026 442 1074; x_wconf 86' lang='lat' dir='ltr'>iuuenis,</span> <span class='ocrx_word' id='word_1_105' title='bbox 475 1040 597 1077; x_wconf 85' lang='lat' dir='ltr'>perge</span> <span class='ocrx_word' id='word_1_106' title='bbox 629 1026 782 1065; x_wconf 87' lang='lat' dir='ltr'>talibus</span> <span class='ocrx_word' id='word_1_107' title='bbox 815 1026 965 1065; x_wconf 88' lang='lat' dir='ltr'>studiis</span> <span class='ocrx_word' id='word_1_108' title='bbox 998 1039 1069 1076; x_wconf 88' lang='lat' dir='ltr'>per</span> <span class='ocrx_word' id='word_1_109' title='bbox 1107 1040 1148 1065; x_wconf 90' lang='lat' dir='ltr'>se</span> <span class='ocrx_word' id='word_1_110' title='bbox 1187 1027 1415 1066; x_wconf 88' lang='lat' dir='ltr'>clarissimo</span> <span class='ocrx_word' id='word_1_111' title='bbox 1449 1029 1587 1078; x_wconf 85' lang='lat' dir='ltr'>generi</span> <span class='ocrx_word' id='word_1_112' title='bbox 1621 1031 1694 1068; x_wconf 92' lang='lat' dir='ltr'>tuo</span> 
     </span>
     <span class='ocr_line' id='line_1_14' title="bbox 105 1091 1751 1142; baseline 0 -12"><span class='ocrx_word' id='word_1_113' title='bbox 105 1091 241 1131; x_wconf 91' lang='lat' dir='ltr'>lucem</span> <span class='ocrx_word' id='word_1_114' title='bbox 268 1105 314 1131; x_wconf 91' lang='lat' dir='ltr'>ac</span> <span class='ocrx_word' id='word_1_115' title='bbox 343 1093 466 1132; x_wconf 87' lang='lat' dir='ltr'>decus</span> <span class='ocrx_word' id='word_1_116' title='bbox 495 1092 727 1142; x_wconf 86' lang='lat' dir='ltr'>adiungere,</span> <span class='ocrx_word' id='word_1_117' title='bbox 760 1105 882 1142; x_wconf 88' lang='lat' dir='ltr'>perge</span> <span class='ocrx_word' id='word_1_118' title='bbox 913 1091 1083 1130; x_wconf 86' lang='lat' dir='ltr'>caeteris</span> <span class='ocrx_word' id='word_1_119' title='bbox 1115 1092 1221 1130; x_wconf 89' lang='lat' dir='ltr'>bene</span> <span class='ocrx_word' id='word_1_120' title='bbox 1253 1092 1364 1131; x_wconf 87' lang='lat' dir='ltr'>natis</span> <span class='ocrx_word' id='word_1_121' title='bbox 1393 1093 1615 1133; x_wconf 88' lang='lat' dir='ltr'>iuuenibus</span> <span class='ocrx_word' id='word_1_122' title='bbox 1642 1094 1693 1133; x_wconf 88' lang='lat' dir='ltr'>ad</span> <span class='ocrx_word' id='word_1_123' title='bbox 1714 1108 1751 1141; x_wconf 88' lang='lat'>²5</span> 
     </span>
     <span class='ocr_line' id='line_1_15' title="bbox 105 1157 1694 1207; baseline 0.002 -12"><span class='ocrx_word' id='word_1_124' title='bbox 105 1157 282 1196; x_wconf 85' lang='lat' dir='ltr'>honesta</span> <span class='ocrx_word' id='word_1_125' title='bbox 312 1158 451 1197; x_wconf 87' lang='lat' dir='ltr'>studia</span> <span class='ocrx_word' id='word_1_126' title='bbox 483 1158 614 1196; x_wconf 89' lang='lat' dir='ltr'>calcar</span> <span class='ocrx_word' id='word_1_127' title='bbox 645 1157 817 1196; x_wconf 86' lang='lat' dir='ltr'>addere:</span> <span class='ocrx_word' id='word_1_128' title='bbox 858 1171 1034 1207; x_wconf 88' lang='lat' dir='ltr'>quorum</span> <span class='ocrx_word' id='word_1_129' title='bbox 1071 1157 1227 1207; x_wconf 89' lang='lat' dir='ltr'>aliquot</span> <span class='ocrx_word' id='word_1_130' title='bbox 1265 1157 1349 1196; x_wconf 89' lang='lat' dir='ltr'>iam</span> <span class='ocrx_word' id='word_1_131' title='bbox 1385 1158 1577 1198; x_wconf 87' lang='lat' dir='ltr'>videmus</span> <span class='ocrx_word' id='word_1_132' title='bbox 1612 1160 1694 1198; x_wconf 92' lang='lat' dir='ltr'>huc</span> 
     </span>
     <span class='ocr_line' id='line_1_16' title="bbox 106 1225 671 1273; baseline 0 -12"><span class='ocrx_word' id='word_1_133' title='bbox 106 1225 250 1273; x_wconf 88' lang='lat' dir='ltr'>suapte</span> <span class='ocrx_word' id='word_1_134' title='bbox 269 1226 415 1273; x_wconf 90' lang='lat' dir='ltr'>sponte</span> <span class='ocrx_word' id='word_1_135' title='bbox 434 1235 671 1273; x_wconf 88' lang='lat' dir='ltr'>propensos.</span> 
     </span>
    </p>

    <p class='ocr_par' dir='ltr' id='par_1_3' title="bbox 105 1288 1755 2118">
     <span class='ocr_line' id='line_1_17' title="bbox 159 1288 1696 1340; baseline 0.001 -13"><span class='ocrx_word' id='word_1_136' title='bbox 159 1289 270 1328; x_wconf 86' lang='lat' dir='ltr'>Tuae</span> <span class='ocrx_word' id='word_1_137' title='bbox 303 1288 513 1327; x_wconf 89' lang='lat' dir='ltr'>nobilitati</span> <span class='ocrx_word' id='word_1_138' title='bbox 544 1289 644 1327; x_wconf 86' lang='lat' dir='ltr'>satis</span> <span class='ocrx_word' id='word_1_139' title='bbox 674 1291 760 1327; x_wconf 89' lang='lat' dir='ltr'>erat</span> <span class='ocrx_word' id='word_1_140' title='bbox 793 1289 992 1337; x_wconf 85' lang='lat' dir='ltr'>futurum,</span> <span class='ocrx_word' id='word_1_141' title='bbox 1025 1289 1182 1338; x_wconf 86' lang='lat' dir='ltr'>opinor,</span> <span class='ocrx_word' id='word_1_142' title='bbox 1212 1288 1247 1327; x_wconf 88' lang='lat' dir='ltr'>si</span> <span class='ocrx_word' id='word_1_143' title='bbox 1277 1288 1493 1338; x_wconf 84' lang='lat' dir='ltr'>epistolam</span> <span class='ocrx_word' id='word_1_144' title='bbox 1521 1290 1696 1340; x_wconf 87' lang='lat' dir='ltr'>epistola</span> 
     </span>
     <span class='ocr_line' id='line_1_18' title="bbox 106 1353 1695 1404; baseline 0.001 -13"><span class='ocrx_word' id='word_1_145' title='bbox 106 1367 414 1404; x_wconf 85' lang='lat' dir='ltr'>repensassem3</span> <span class='ocrx_word' id='word_1_146' title='bbox 444 1367 555 1392; x_wconf 86' lang='lat' dir='ltr'>nunc</span> <span class='ocrx_word' id='word_1_147' title='bbox 575 1355 616 1392; x_wconf 91' lang='lat' dir='ltr'>et</span> <span class='ocrx_word' id='word_1_148' title='bbox 635 1353 827 1392; x_wconf 88' lang='lat' dir='ltr'>libeHum</span> <span class='ocrx_word' id='word_1_149' title='bbox 846 1354 972 1392; x_wconf 91' lang='lat' dir='ltr'>habes</span> <span class='ocrx_word' id='word_1_150' title='bbox 994 1354 1190 1403; x_wconf 87' lang='lat' dir='ltr'>epistolae</span> <span class='ocrx_word' id='word_1_151' title='bbox 1217 1354 1438 1392; x_wconf 85' lang='lat' dir='ltr'>comitem:</span> <span class='ocrx_word' id='word_1_152' title='bbox 1469 1368 1590 1404; x_wconf 91' lang='lat' dir='ltr'>quem</span> <span class='ocrx_word' id='word_1_153' title='bbox 1616 1355 1695 1393; x_wconf 91' lang='lat' dir='ltr'>tibi</span> 
     </span>
     <span class='ocr_line' id='line_1_19' title="bbox 106 1418 1754 1469; baseline -0.001 -11"><span class='ocrx_word' id='word_1_154' title='bbox 106 1432 190 1458; x_wconf 90' lang='lat' dir='ltr'>non</span> <span class='ocrx_word' id='word_1_155' title='bbox 220 1418 528 1466; x_wconf 86' lang='lat' dir='ltr'>commendabo,</span> <span class='ocrx_word' id='word_1_156' title='bbox 559 1419 630 1457; x_wconf 89' lang='lat' dir='ltr'>sed</span> <span class='ocrx_word' id='word_1_157' title='bbox 662 1421 804 1457; x_wconf 88' lang='lat' dir='ltr'>tamen</span> <span class='ocrx_word' id='word_1_158' title='bbox 835 1419 1029 1458; x_wconf 88' lang='lat' dir='ltr'>omnibus</span> <span class='ocrx_word' id='word_1_159' title='bbox 1060 1432 1132 1469; x_wconf 91' lang='lat' dir='ltr'>per</span> <span class='ocrx_word' id='word_1_160' title='bbox 1165 1421 1208 1457; x_wconf 91' lang='lat' dir='ltr'>te</span> <span class='ocrx_word' id='word_1_161' title='bbox 1240 1420 1575 1458; x_wconf 87' lang='lat' dir='ltr'>commendatum</span> <span class='ocrx_word' id='word_1_162' title='bbox 1609 1433 1695 1459; x_wconf 88' lang='lat' dir='ltr'>esse</span> <span class='ocrx_word' id='word_1_163' title='bbox 1713 1434 1754 1466; x_wconf 81' lang='lat'>30</span> 
     </span>
     <span class='ocr_line' id='line_1_20' title="bbox 107 1483 1694 1535; baseline 0.001 -13"><span class='ocrx_word' id='word_1_164' title='bbox 107 1483 237 1534; x_wconf 87' lang='lat' dir='ltr'>cupio.</span> <span class='ocrx_word' id='word_1_165' title='bbox 295 1485 609 1533; x_wconf 87' lang='lat' dir='ltr'>Argumentum</span> <span class='ocrx_word' id='word_1_166' title='bbox 639 1486 701 1522; x_wconf 88' lang='lat' dir='ltr'>est</span> <span class='ocrx_word' id='word_1_167' title='bbox 730 1484 782 1522; x_wconf 89' lang='lat' dir='ltr'>ab</span> <span class='ocrx_word' id='word_1_168' title='bbox 812 1484 924 1522; x_wconf 86' lang='lat' dir='ltr'>hisce</span> <span class='ocrx_word' id='word_1_169' title='bbox 957 1483 1213 1533; x_wconf 90' lang='lat' dir='ltr'>temporibus</span> <span class='ocrx_word' id='word_1_170' title='bbox 1250 1483 1437 1532; x_wconf 78' lang='lat' dir='ltr'>alienius,</span> <span class='ocrx_word' id='word_1_171' title='bbox 1469 1484 1553 1522; x_wconf 91' lang='lat' dir='ltr'>nisi</span> <span class='ocrx_word' id='word_1_172' title='bbox 1586 1486 1694 1535; x_wconf 91' lang='lat' dir='ltr'>quod</span> 
     </span>
     <span class='ocr_line' id='line_1_21' title="bbox 107 1549 1695 1600; baseline 0.001 -13"><span class='ocrx_word' id='word_1_173' title='bbox 107 1549 206 1587; x_wconf 88' lang='lat' dir='ltr'>hinc</span> <span class='ocrx_word' id='word_1_174' title='bbox 233 1549 473 1588; x_wconf 86' lang='lat' dir='ltr'>ratiocinari</span> <span class='ocrx_word' id='word_1_175' title='bbox 496 1549 591 1588; x_wconf 85' lang='lat' dir='ltr'>licet</span> <span class='ocrx_word' id='word_1_176' title='bbox 618 1552 817 1600; x_wconf 87' lang='lat' dir='ltr'>quatenus</span> <span class='ocrx_word' id='word_1_177' title='bbox 846 1550 937 1588; x_wconf 89' lang='lat' dir='ltr'>fieri</span> <span class='ocrx_word' id='word_1_178' title='bbox 965 1549 1095 1599; x_wconf 88' lang='lat' dir='ltr'>possit</span> <span class='ocrx_word' id='word_1_179' title='bbox 1122 1551 1168 1588; x_wconf 89' lang='lat' dir='ltr'>vt</span> <span class='ocrx_word' id='word_1_180' title='bbox 1196 1549 1262 1588; x_wconf 87' lang='lat' dir='ltr'>vir</span> <span class='ocrx_word' id='word_1_181' title='bbox 1284 1549 1447 1599; x_wconf 84' lang='lat' dir='ltr'>sapiens</span> <span class='ocrx_word' id='word_1_182' title='bbox 1474 1550 1695 1600; x_wconf 90' lang='lat' dir='ltr'>aliquando</span> 
     </span>
     <span class='ocr_line' id='line_1_22' title="bbox 106 1614 1697 1665; baseline 0.001 -14"><span class='ocrx_word' id='word_1_183' title='bbox 106 1614 209 1653; x_wconf 88' lang='lat' dir='ltr'>citra</span> <span class='ocrx_word' id='word_1_184' title='bbox 233 1614 390 1653; x_wconf 87' lang='lat' dir='ltr'>vicium</span> <span class='ocrx_word' id='word_1_185' title='bbox 413 1615 555 1653; x_wconf 86' lang='lat' dir='ltr'>laudet</span> <span class='ocrx_word' id='word_1_186' title='bbox 579 1615 775 1665; x_wconf 90' lang='lat' dir='ltr'>seipsum,</span> <span class='ocrx_word' id='word_1_187' title='bbox 799 1617 1000 1664; x_wconf 88' lang='lat' dir='ltr'>quatenus</span> <span class='ocrx_word' id='word_1_188' title='bbox 1023 1615 1230 1654; x_wconf 87' lang='lat' dir='ltr'>humanae</span> <span class='ocrx_word' id='word_1_189' title='bbox 1254 1615 1523 1654; x_wconf 90' lang='lat' dir='ltr'>tribuendum</span> <span class='ocrx_word' id='word_1_190' title='bbox 1549 1615 1697 1654; x_wconf 89' lang='lat' dir='ltr'>autori-</span> 
     </span>
     <span class='ocr_line' id='line_1_23' title="bbox 105 1679 1696 1730; baseline 0.001 -13"><span class='ocrx_word' id='word_1_191' title='bbox 105 1679 193 1727; x_wconf 87' lang='lat' dir='ltr'>tati,</span> <span class='ocrx_word' id='word_1_192' title='bbox 227 1680 476 1730; x_wconf 89' lang='lat' dir='ltr'>quantulum</span> <span class='ocrx_word' id='word_1_193' title='bbox 509 1680 778 1719; x_wconf 88' lang='lat' dir='ltr'>tribuendum</span> <span class='ocrx_word' id='word_1_194' title='bbox 814 1679 1070 1727; x_wconf 86' lang='lat' dir='ltr'>ceremoniis,</span> <span class='ocrx_word' id='word_1_195' title='bbox 1104 1682 1339 1729; x_wconf 87' lang='lat' dir='ltr'>quantaque</span> <span class='ocrx_word' id='word_1_196' title='bbox 1368 1680 1466 1718; x_wconf 92' lang='lat' dir='ltr'>hinc</span> <span class='ocrx_word' id='word_1_197' title='bbox 1494 1681 1696 1730; x_wconf 85' lang='lat' dir='ltr'>pernicies</span> 
     </span>
     <span class='ocr_line' id='line_1_24' title="bbox 106 1745 1753 1796; baseline 0.001 -13"><span class='ocrx_word' id='word_1_198' title='bbox 106 1757 201 1783; x_wconf 91' lang='lat' dir='ltr'>vere</span> <span class='ocrx_word' id='word_1_199' title='bbox 232 1745 409 1795; x_wconf 85' lang='lat' dir='ltr'>pietatis,</span> <span class='ocrx_word' id='word_1_200' title='bbox 444 1745 480 1784; x_wconf 89' lang='lat' dir='ltr'>si</span> <span class='ocrx_word' id='word_1_201' title='bbox 511 1746 603 1796; x_wconf 91' lang='lat' dir='ltr'>quis</span> <span class='ocrx_word' id='word_1_202' title='bbox 631 1746 873 1784; x_wconf 89' lang='lat' dir='ltr'>huiusmodi</span> <span class='ocrx_word' id='word_1_203' title='bbox 902 1745 1003 1784; x_wconf 90' lang='lat' dir='ltr'>fidat</span> <span class='ocrx_word' id='word_1_204' title='bbox 1033 1745 1260 1795; x_wconf 84' lang='lat' dir='ltr'>praesidiis.</span> <span class='ocrx_word' id='word_1_205' title='bbox 1321 1745 1373 1783; x_wconf 92' lang='lat' dir='ltr'>In</span> <span class='ocrx_word' id='word_1_206' title='bbox 1403 1746 1478 1785; x_wconf 87' lang='lat' dir='ltr'>hac</span> <span class='ocrx_word' id='word_1_207' title='bbox 1507 1746 1697 1796; x_wconf 86' lang='lat' dir='ltr'>Epistola</span> <span class='ocrx_word' id='word_1_208' title='bbox 1714 1758 1753 1790; x_wconf 82' lang='lat'>35</span> 
     </span>
     <span class='ocr_line' id='line_1_25' title="bbox 107 1807 1693 1858; baseline 0.001 -12"><span class='ocrx_word' id='word_1_209' title='bbox 107 1807 241 1846; x_wconf 84' lang='lat' dir='ltr'>nodus</span> <span class='ocrx_word' id='word_1_210' title='bbox 259 1809 322 1847; x_wconf 90' lang='lat' dir='ltr'>est</span> <span class='ocrx_word' id='word_1_211' title='bbox 341 1808 513 1847; x_wconf 88' lang='lat' dir='ltr'>antehac</span> <span class='ocrx_word' id='word_1_212' title='bbox 532 1808 643 1847; x_wconf 90' lang='lat' dir='ltr'>haud</span> <span class='ocrx_word' id='word_1_213' title='bbox 666 1808 750 1847; x_wconf 91' lang='lat' dir='ltr'>scio</span> <span class='ocrx_word' id='word_1_214' title='bbox 769 1821 822 1846; x_wconf 90' lang='lat' dir='ltr'>an</span> <span class='ocrx_word' id='word_1_215' title='bbox 841 1821 865 1846; x_wconf 92' lang='lat' dir='ltr'>a</span> <span class='ocrx_word' id='word_1_216' title='bbox 891 1820 1098 1858; x_wconf 88' lang='lat' dir='ltr'>quoquam</span> <span class='ocrx_word' id='word_1_217' title='bbox 1122 1810 1310 1847; x_wconf 86' lang='lat' dir='ltr'>veterum</span> <span class='ocrx_word' id='word_1_218' title='bbox 1334 1807 1436 1846; x_wconf 86' lang='lat' dir='ltr'>satis</span> <span class='ocrx_word' id='word_1_219' title='bbox 1454 1808 1693 1858; x_wconf 82' lang='lat' dir='ltr'>explicatus,</span> 
     </span>
     <span class='ocr_line' id='line_1_26' title="bbox 109 1872 1696 1923; baseline 0 -12"><span class='ocrx_word' id='word_1_220' title='bbox 109 1885 158 1911; x_wconf 86' lang='lat' dir='ltr'>ex</span> <span class='ocrx_word' id='word_1_221' title='bbox 189 1886 269 1923; x_wconf 86' lang='lat' dir='ltr'>quo</span> <span class='ocrx_word' id='word_1_222' title='bbox 300 1875 398 1911; x_wconf 91' lang='lat' dir='ltr'>nata</span> <span class='ocrx_word' id='word_1_223' title='bbox 435 1875 497 1912; x_wconf 88' lang='lat' dir='ltr'>est</span> <span class='ocrx_word' id='word_1_224' title='bbox 535 1873 688 1912; x_wconf 89' lang='lat' dir='ltr'>nobilis</span> <span class='ocrx_word' id='word_1_225' title='bbox 726 1873 798 1912; x_wconf 90' lang='lat' dir='ltr'>illa</span> <span class='ocrx_word' id='word_1_226' title='bbox 834 1873 945 1912; x_wconf 89' lang='lat' dir='ltr'>inter</span> <span class='ocrx_word' id='word_1_227' title='bbox 983 1872 1294 1922; x_wconf 87' lang='lat' dir='ltr'>Hieronymum</span> <span class='ocrx_word' id='word_1_228' title='bbox 1332 1875 1373 1911; x_wconf 93' lang='lat' dir='ltr'>et</span> <span class='ocrx_word' id='word_1_229' title='bbox 1409 1873 1696 1923; x_wconf 85' lang='lat' dir='ltr'>Augustinum</span> 
     </span>
     <span class='ocr_line' id='line_1_27' title="bbox 107 1937 1696 1988; baseline 0.001 -13"><span class='ocrx_word' id='word_1_230' title='bbox 107 1937 358 1976; x_wconf 87' lang='lat' dir='ltr'>conflictatio</span> <span class='ocrx_word' id='word_1_231' title='bbox 385 1939 435 1976; x_wconf 87' lang='lat' dir='ltr'>de</span> <span class='ocrx_word' id='word_1_232' title='bbox 463 1938 687 1977; x_wconf 89' lang='lat' dir='ltr'>mendacio.</span> <span class='ocrx_word' id='word_1_233' title='bbox 748 1938 832 1976; x_wconf 91' lang='lat' dir='ltr'>Nos</span> <span class='ocrx_word' id='word_1_234' title='bbox 858 1951 949 1977; x_wconf 91' lang='lat' dir='ltr'>eam</span> <span class='ocrx_word' id='word_1_235' title='bbox 974 1937 1257 1976; x_wconf 87' lang='lat' dir='ltr'>difficultatem</span> <span class='ocrx_word' id='word_1_236' title='bbox 1286 1937 1420 1988; x_wconf 89' lang='lat' dir='ltr'>magis</span> <span class='ocrx_word' id='word_1_237' title='bbox 1438 1938 1696 1977; x_wconf 87' lang='lat' dir='ltr'>ostendimus</span> 
     </span>
     <span class='ocr_line' id='line_1_28' title="bbox 108 2001 1696 2053; baseline 0.001 -13"><span class='ocrx_word' id='word_1_238' title='bbox 108 2002 294 2041; x_wconf 90' lang='lat' dir='ltr'>nondum</span> <span class='ocrx_word' id='word_1_239' title='bbox 312 2003 412 2042; x_wconf 89' lang='lat' dir='ltr'>satis</span> <span class='ocrx_word' id='word_1_240' title='bbox 433 2003 680 2052; x_wconf 79' lang='lat' dir='ltr'>explicatam</span> <span class='ocrx_word' id='word_1_241' title='bbox 702 2016 823 2053; x_wconf 89' lang='lat' dir='ltr'>quam</span> <span class='ocrx_word' id='word_1_242' title='bbox 847 2003 1159 2053; x_wconf 82' lang='lat' dir='ltr'>explicauimus.</span> <span class='ocrx_word' id='word_1_243' title='bbox 1231 2002 1314 2041; x_wconf 87' lang='lat' dir='ltr'>Res</span> <span class='ocrx_word' id='word_1_244' title='bbox 1340 2001 1466 2052; x_wconf 88' lang='lat' dir='ltr'>digna</span> <span class='ocrx_word' id='word_1_245' title='bbox 1493 2002 1696 2042; x_wconf 89' lang='lat' dir='ltr'>nimirum</span> 
     </span>
     <span class='ocr_line' id='line_1_29' title="bbox 108 2067 1755 2118; baseline 0.001 -14"><span class='ocrx_word' id='word_1_246' title='bbox 108 2067 153 2104; x_wconf 91' lang='lat' dir='ltr'>in</span> <span class='ocrx_word' id='word_1_247' title='bbox 171 2080 252 2116; x_wconf 88' lang='lat' dir='ltr'>qua</span> <span class='ocrx_word' id='word_1_248' title='bbox 270 2069 317 2106; x_wconf 89' lang='lat' dir='ltr'>tu</span> <span class='ocrx_word' id='word_1_249' title='bbox 336 2068 492 2107; x_wconf 87' lang='lat' dir='ltr'>mentis</span> <span class='ocrx_word' id='word_1_250' title='bbox 511 2068 634 2106; x_wconf 83' lang='lat' dir='ltr'>istius</span> <span class='ocrx_word' id='word_1_251' title='bbox 653 2068 838 2118; x_wconf 88' lang='lat' dir='ltr'>vigorem</span> <span class='ocrx_word' id='word_1_252' title='bbox 857 2081 902 2107; x_wconf 88' lang='lat' dir='ltr'>ac</span> <span class='ocrx_word' id='word_1_253' title='bbox 923 2081 1072 2106; x_wconf 89' lang='lat' dir='ltr'>neruos</span> <span class='ocrx_word' id='word_1_254' title='bbox 1090 2080 1311 2106; x_wconf 83' lang='lat' dir='ltr'>excerceas.</span> <span class='ocrx_word' id='word_1_255' title='bbox 1712 2084 1755 2116; x_wconf 88' lang='lat'>40</span> 
     </span>
    </p>

    <p class='ocr_par' dir='ltr' id='par_1_4' title="bbox 109 2131 1696 2312">
     <span class='ocr_line' id='line_1_30' title="bbox 161 2131 1696 2182; baseline 0.001 -12"><span class='ocrx_word' id='word_1_256' title='bbox 161 2131 276 2181; x_wconf 89' lang='lat' dir='ltr'>Vale,</span> <span class='ocrx_word' id='word_1_257' title='bbox 297 2133 612 2182; x_wconf 87' lang='lat' dir='ltr'>generosissime</span> <span class='ocrx_word' id='word_1_258' title='bbox 634 2133 810 2172; x_wconf 90' lang='lat' dir='ltr'>iuuenis.</span> <span class='ocrx_word' id='word_1_259' title='bbox 870 2133 962 2171; x_wconf 88' lang='lat' dir='ltr'>Hoc</span> <span class='ocrx_word' id='word_1_260' title='bbox 987 2132 1194 2171; x_wconf 86' lang='lat' dir='ltr'>amicitiae</span> <span class='ocrx_word' id='word_1_261' title='bbox 1220 2134 1384 2171; x_wconf 87' lang='lat' dir='ltr'>nostrae</span> <span class='ocrx_word' id='word_1_262' title='bbox 1411 2132 1696 2172; x_wconf 87' lang='lat' dir='ltr'>felicissimum</span> 
     </span>
     <span class='ocr_line' id='line_1_31' title="bbox 109 2196 1696 2247; baseline 0.001 -12"><span class='ocrx_word' id='word_1_263' title='bbox 109 2196 340 2247; x_wconf 85' lang='lat' dir='ltr'>auspicium</span> <span class='ocrx_word' id='word_1_264' title='bbox 359 2210 445 2236; x_wconf 89' lang='lat' dir='ltr'>esse</span> <span class='ocrx_word' id='word_1_265' title='bbox 464 2198 622 2245; x_wconf 89' lang='lat' dir='ltr'>ducam,</span> <span class='ocrx_word' id='word_1_266' title='bbox 644 2198 681 2236; x_wconf 89' lang='lat' dir='ltr'>si</span> <span class='ocrx_word' id='word_1_267' title='bbox 701 2211 864 2237; x_wconf 88' lang='lat' dir='ltr'>sensero</span> <span class='ocrx_word' id='word_1_268' title='bbox 885 2197 1076 2236; x_wconf 81' lang='lat' dir='ltr'>libellum</span> <span class='ocrx_word' id='word_1_269' title='bbox 1095 2197 1206 2235; x_wconf 89' lang='lat' dir='ltr'>hunc</span> <span class='ocrx_word' id='word_1_270' title='bbox 1225 2199 1267 2236; x_wconf 92' lang='lat' dir='ltr'>et</span> <span class='ocrx_word' id='word_1_271' title='bbox 1292 2197 1374 2236; x_wconf 87' lang='lat' dir='ltr'>leta</span> <span class='ocrx_word' id='word_1_272' title='bbox 1397 2198 1532 2236; x_wconf 85' lang='lat' dir='ltr'>fronte</span> <span class='ocrx_word' id='word_1_273' title='bbox 1560 2198 1633 2236; x_wconf 88' lang='lat' dir='ltr'>abs</span> <span class='ocrx_word' id='word_1_274' title='bbox 1655 2200 1696 2236; x_wconf 91' lang='lat' dir='ltr'>te</span> 
     </span>
     <span class='ocr_line' id='line_1_32' title="bbox 109 2262 936 2312; baseline 0.002 -13"><span class='ocrx_word' id='word_1_275' title='bbox 109 2263 321 2311; x_wconf 89' lang='lat' dir='ltr'>acceptum</span> <span class='ocrx_word' id='word_1_276' title='bbox 340 2263 382 2299; x_wconf 89' lang='lat' dir='ltr'>et</span> <span class='ocrx_word' id='word_1_277' title='bbox 400 2262 522 2301; x_wconf 90' lang='lat' dir='ltr'>alacri</span> <span class='ocrx_word' id='word_1_278' title='bbox 542 2262 680 2301; x_wconf 89' lang='lat' dir='ltr'>studio</span> <span class='ocrx_word' id='word_1_279' title='bbox 700 2263 936 2312; x_wconf 90' lang='lat' dir='ltr'>perlectum.</span> 
     </span>
    </p>
   </div>
   <div class='ocr_carea' id='block_1_3' title="bbox 160 2369 1578 2473">
    <p class='ocr_par' dir='ltr' id='par_1_5' title="bbox 160 2369 1578 2473">
     <span class='ocr_line' id='line_1_33' title="bbox 562 2369 1241 2425; baseline 0.003 -15"><span class='ocrx_word' id='word_1_280' title='bbox 562 2372 698 2425; x_wconf 69' lang='lat'>957958</span> <span class='ocrx_word' id='word_1_281' title='bbox 755 2369 820 2411; x_wconf 89' lang='lat' dir='ltr'>To</span> <span class='ocrx_word' id='word_1_282' title='bbox 849 2370 1068 2411; x_wconf 80' lang='lat' dir='ltr'><strong>WILLIAM</strong></span> <span class='ocrx_word' id='word_1_283' title='bbox 1102 2369 1241 2412; x_wconf 77' lang='lat' dir='ltr'>CROY.</span> 
     </span>
     <span class='ocr_line' id='line_1_34' title="bbox 160 2426 1578 2473; baseline 0.001 -12"><span class='ocrx_word' id='word_1_284' title='bbox 160 2426 322 2473; x_wconf 87' lang='lat' dir='ltr'>Farrago</span> <span class='ocrx_word' id='word_1_285' title='bbox 339 2439 375 2471; x_wconf 90' lang='lat' dir='ltr'>p.</span> <span class='ocrx_word' id='word_1_286' title='bbox 395 2429 473 2470; x_wconf 84' lang='lat'>346.</span> <span class='ocrx_word' id='word_1_287' title='bbox 1405 2427 1578 2463; x_wconf 88' lang='lat' dir='ltr'>Louvain.</span> 
     </span>
    </p>
   </div>
   <div class='ocr_carea' id='block_1_4' title="bbox 159 2484 1647 2532">
    <p class='ocr_par' dir='ltr' id='par_1_6' title="bbox 159 2484 1647 2532">
     <span class='ocr_line' id='line_1_35' title="bbox 159 2484 1647 2532; baseline 0.002 -14"><span class='ocrx_word' id='word_1_288' title='bbox 159 2484 197 2518; x_wconf 92' lang='lat' dir='ltr'>F.</span> <span class='ocrx_word' id='word_1_289' title='bbox 215 2497 252 2530; x_wconf 89' lang='lat' dir='ltr'>p.</span> <span class='ocrx_word' id='word_1_290' title='bbox 271 2495 360 2529; x_wconf 84' lang='lat'><strong>445:</strong></span> <span class='ocrx_word' id='word_1_291' title='bbox 386 2484 478 2520; x_wconf 89' lang='lat' dir='ltr'>HN:</span> <span class='ocrx_word' id='word_1_292' title='bbox 504 2485 618 2520; x_wconf 89' lang='lat' dir='ltr'>Lond.</span> <span class='ocrx_word' id='word_1_293' title='bbox 636 2485 686 2521; x_wconf 83' lang='lat' dir='ltr'>xi.</span> <span class='ocrx_word' id='word_1_294' title='bbox 704 2487 746 2521; x_wconf 87' lang='lat'>6:</span> <span class='ocrx_word' id='word_1_295' title='bbox 772 2485 844 2521; x_wconf 91' lang='lat' dir='ltr'>LB.</span> <span class='ocrx_word' id='word_1_296' title='bbox 865 2495 945 2530; x_wconf 87' lang='lat'>349.</span> <span class='ocrx_word' id='word_1_297' title='bbox 1341 2485 1394 2532; x_wconf 80' lang='lat' dir='ltr'>(c.</span> <span class='ocrx_word' id='word_1_298' title='bbox 1414 2485 1502 2530; x_wconf 84' lang='lat' dir='ltr'>May</span> <span class='ocrx_word' id='word_1_299' title='bbox 1522 2484 1647 2532; x_wconf 85' lang='lat'>1519.)</span> 
     </span>
    </p>
   </div>
   <div class='ocr_carea' id='block_1_5' title="bbox 113 2558 1696 2644">
    <p class='ocr_par' dir='ltr' id='par_1_7' title="bbox 113 2558 1696 2644">
     <span class='ocr_line' id='line_1_36' title="bbox 157 2558 1695 2600; baseline 0.002 -11"><span class='ocrx_word' id='word_1_300' title='bbox 157 2558 284 2600; x_wconf 86' lang='lat' dir='ltr'>[These</span> <span class='ocrx_word' id='word_1_301' title='bbox 316 2559 416 2590; x_wconf 86' lang='lat' dir='ltr'>three</span> <span class='ocrx_word' id='word_1_302' title='bbox 447 2560 570 2591; x_wconf 84' lang='lat' dir='ltr'>letters</span> <span class='ocrx_word' id='word_1_303' title='bbox 601 2570 666 2590; x_wconf 86' lang='lat' dir='ltr'>can</span> <span class='ocrx_word' id='word_1_304' title='bbox 697 2560 782 2599; x_wconf 87' lang='lat' dir='ltr'>only</span> <span class='ocrx_word' id='word_1_305' title='bbox 813 2561 853 2590; x_wconf 93' lang='lat' dir='ltr'>be</span> <span class='ocrx_word' id='word_1_306' title='bbox 884 2560 992 2591; x_wconf 89' lang='lat' dir='ltr'>dated</span> <span class='ocrx_word' id='word_1_307' title='bbox 1021 2560 1289 2600; x_wconf 78' lang='lat' dir='ltr'>conjecturally.</span> <span class='ocrx_word' id='word_1_308' title='bbox 1347 2560 1446 2600; x_wconf 84' lang='lat' dir='ltr'>They</span> <span class='ocrx_word' id='word_1_309' title='bbox 1473 2561 1570 2592; x_wconf 85' lang='lat' dir='ltr'>show</span> <span class='ocrx_word' id='word_1_310' title='bbox 1596 2571 1695 2592; x_wconf 85' lang='lat' dir='ltr'>more</span> 
     </span>
     <span class='ocr_line' id='line_1_37' title="bbox 113 2602 1696 2644; baseline 0.002 -12"><span class='ocrx_word' id='word_1_311' title='bbox 113 2602 286 2642; x_wconf 84' lang='lat' dir='ltr'>intimacy</span> <span class='ocrx_word' id='word_1_312' title='bbox 308 2603 399 2633; x_wconf 88' lang='lat' dir='ltr'>with</span> <span class='ocrx_word' id='word_1_313' title='bbox 423 2603 513 2642; x_wconf 85' lang='lat' dir='ltr'>Croy</span> <span class='ocrx_word' id='word_1_314' title='bbox 536 2604 625 2635; x_wconf 87' lang='lat' dir='ltr'>than</span> <span class='ocrx_word' id='word_1_315' title='bbox 648 2613 793 2644; x_wconf 89' lang='lat' dir='ltr'>appears</span> <span class='ocrx_word' id='word_1_316' title='bbox 817 2604 855 2634; x_wconf 91' lang='lat' dir='ltr'>in</span> <span class='ocrx_word' id='word_1_317' title='bbox 883 2603 944 2643; x_wconf 91' lang='lat' dir='ltr'>Ep.</span> <span class='ocrx_word' id='word_1_318' title='bbox 975 2613 1049 2643; x_wconf 85' lang='lat'>945,</span> <span class='ocrx_word' id='word_1_319' title='bbox 1079 2603 1153 2634; x_wconf 89' lang='lat' dir='ltr'>and</span> <span class='ocrx_word' id='word_1_320' title='bbox 1179 2613 1263 2643; x_wconf 84' lang='lat' dir='ltr'>may</span> <span class='ocrx_word' id='word_1_321' title='bbox 1294 2604 1469 2635; x_wconf 87' lang='lat' dir='ltr'>therefore</span> <span class='ocrx_word' id='word_1_322' title='bbox 1498 2605 1541 2635; x_wconf 90' lang='lat' dir='ltr'>be</span> <span class='ocrx_word' id='word_1_323' title='bbox 1572 2604 1696 2644; x_wconf 87' lang='lat' dir='ltr'>placed</span> 
     </span>
    </p>
   </div>
   <div class='ocr_carea' id='block_1_6' title="bbox 704 2683 1105 2721">
    <p class='ocr_par' dir='ltr' id='par_1_8' title="bbox 704 2683 1105 2721">
     <span class='ocr_line' id='line_1_38' title="bbox 704 2683 1105 2721; baseline 0.005 -8"><span class='ocrx_word' id='word_1_324' title='bbox 704 2693 751 2721; x_wconf 84' lang='lat'>13.</span> <span class='ocrx_word' id='word_1_325' title='bbox 779 2684 839 2713; x_wconf 75' lang='lat'>‹162</span> <span class='ocrx_word' id='word_1_326' title='bbox 864 2683 1056 2713; x_wconf 86' lang='lat' dir='ltr'>Simiacum</span> <span class='ocrx_word' id='word_1_327' title='bbox 1072 2684 1105 2716; x_wconf 84' lang='grc' dir='ltr'>β.</span> 
     </span>
    </p>
   </div>
   <div class='ocr_carea' id='block_1_7' title="bbox 115 2751 1696 3096">
    <p class='ocr_par' dir='ltr' id='par_1_9' title="bbox 115 2751 1696 2923">
     <span class='ocr_line' id='line_1_39' title="bbox 159 2751 1696 2794; baseline 0.003 -13"><span class='ocrx_word' id='word_1_328' title='bbox 159 2759 208 2789; x_wconf 92' lang='grc'>13.</span> <span class='ocrx_word' id='word_1_329' title='bbox 233 2751 398 2793; x_wconf 83' lang='lat' dir='ltr'>fratrem]</span> <span class='ocrx_word' id='word_1_330' title='bbox 413 2752 708 2792; x_wconf 84' lang='lat' dir='ltr'>Cha1·lesCroy(†</span> <span class='ocrx_word' id='word_1_331' title='bbox 721 2763 756 2782; x_wconf 94' lang='lat'>11</span> <span class='ocrx_word' id='word_1_332' title='bbox 771 2753 866 2793; x_wconf 86' lang='lat' dir='ltr'>Sept.</span> <span class='ocrx_word' id='word_1_333' title='bbox 938 2763 1058 2792; x_wconf 84' lang='lat' dir='ltr'>power</span> <span class='ocrx_word' id='word_1_334' title='bbox 1079 2753 1118 2783; x_wconf 86' lang='lat' dir='ltr'>in</span> <span class='ocrx_word' id='word_1_335' title='bbox 1140 2753 1205 2784; x_wconf 89' lang='lat' dir='ltr'>her</span> <span class='ocrx_word' id='word_1_336' title='bbox 1221 2763 1300 2784; x_wconf 85' lang='lat' dir='ltr'>own</span> <span class='ocrx_word' id='word_1_337' title='bbox 1325 2753 1452 2794; x_wconf 88' lang='lat' dir='ltr'>hands,</span> <span class='ocrx_word' id='word_1_338' title='bbox 1469 2754 1514 2784; x_wconf 91' lang='lat' dir='ltr'>he</span> <span class='ocrx_word' id='word_1_339' title='bbox 1534 2754 1696 2793; x_wconf 85' lang='lat' dir='ltr'>resigned</span> 
     </span>
     <span class='ocr_line' id='line_1_40' title="bbox 117 2795 1694 2838; baseline 0.003 -15"><span class='ocrx_word' id='word_1_340' title='bbox 117 2803 197 2832; x_wconf 88' lang='lat'>1521</span> <span class='ocrx_word' id='word_1_341' title='bbox 215 2804 254 2824; x_wconf 89' lang='lat' dir='ltr'>or</span> <span class='ocrx_word' id='word_1_342' title='bbox 273 2795 380 2835; x_wconf 86' lang='lat'>1527),</span> <span class='ocrx_word' id='word_1_343' title='bbox 398 2795 475 2826; x_wconf 83' lang='lat' dir='ltr'>first</span> <span class='ocrx_word' id='word_1_344' title='bbox 499 2796 627 2827; x_wconf 85' lang='lat' dir='ltr'>Prince</span> <span class='ocrx_word' id='word_1_345' title='bbox 650 2796 687 2827; x_wconf 80' lang='lat' dir='ltr'>of</span> <span class='ocrx_word' id='word_1_346' title='bbox 702 2796 866 2836; x_wconf 77' lang='lat' dir='ltr'>Chimay.</span> <span class='ocrx_word' id='word_1_347' title='bbox 938 2797 998 2827; x_wconf 89' lang='lat' dir='ltr'>his</span> <span class='ocrx_word' id='word_1_348' title='bbox 1013 2797 1174 2827; x_wconf 89' lang='lat' dir='ltr'>nominal</span> <span class='ocrx_word' id='word_1_349' title='bbox 1190 2797 1285 2827; x_wconf 88' lang='lat' dir='ltr'>office</span> <span class='ocrx_word' id='word_1_350' title='bbox 1302 2797 1341 2826; x_wconf 90' lang='lat' dir='ltr'>in</span> <span class='ocrx_word' id='word_1_351' title='bbox 1361 2806 1443 2838; x_wconf 88' lang='lat'>1509</span> <span class='ocrx_word' id='word_1_352' title='bbox 1458 2799 1495 2828; x_wconf 88' lang='lat' dir='ltr'>to</span> <span class='ocrx_word' id='word_1_353' title='bbox 1518 2797 1576 2828; x_wconf 87' lang='lat' dir='ltr'>his</span> <span class='ocrx_word' id='word_1_354' title='bbox 1598 2797 1694 2828; x_wconf 86' lang='lat' dir='ltr'>kins-</span> 
     </span>
     <span class='ocr_line' id='line_1_41' title="bbox 116 2837 1694 2882; baseline 0.003 -15"><span class='ocrx_word' id='word_1_355' title='bbox 116 2837 173 2868; x_wconf 86' lang='lat' dir='ltr'>He</span> <span class='ocrx_word' id='word_1_356' title='bbox 196 2847 269 2868; x_wconf 85' lang='lat' dir='ltr'>was</span> <span class='ocrx_word' id='word_1_357' title='bbox 293 2837 467 2877; x_wconf 85' lang='lat' dir='ltr'>knighted</span> <span class='ocrx_word' id='word_1_358' title='bbox 491 2842 527 2870; x_wconf 81' lang='lat' dir='ltr'>at</span> <span class='ocrx_word' id='word_1_359' title='bbox 551 2840 745 2877; x_wconf 78' lang='lat' dir='ltr'>Guinegate</span> <span class='ocrx_word' id='word_1_360' title='bbox 772 2850 866 2879; x_wconf 91' lang='lat'>1479,</span> <span class='ocrx_word' id='word_1_361' title='bbox 937 2849 1022 2870; x_wconf 89' lang='lat' dir='ltr'>man</span> <span class='ocrx_word' id='word_1_362' title='bbox 1045 2840 1216 2871; x_wconf 84' lang='lat' dir='ltr'>Chievres</span> <span class='ocrx_word' id='word_1_363' title='bbox 1240 2841 1321 2881; x_wconf 82' lang='lat' dir='ltr'>(Ep.</span> <span class='ocrx_word' id='word_1_364' title='bbox 1351 2850 1425 2879; x_wconf 85' lang='lat'>532.</span> <span class='ocrx_word' id='word_1_365' title='bbox 1453 2851 1491 2879; x_wconf 89' lang='lat'>27</span> <span class='ocrx_word' id='word_1_366' title='bbox 1509 2841 1573 2882; x_wconf 86' lang='lat' dir='ltr'>n.).</span> <span class='ocrx_word' id='word_1_367' title='bbox 1630 2840 1694 2872; x_wconf 85' lang='lat' dir='ltr'>See</span> 
     </span>
     <span class='ocr_line' id='line_1_42' title="bbox 115 2881 1210 2923; baseline 0.002 -11"><span class='ocrx_word' id='word_1_368' title='bbox 115 2881 256 2912; x_wconf 77' lang='lat' dir='ltr'>created</span> <span class='ocrx_word' id='word_1_369' title='bbox 266 2881 394 2912; x_wconf 90' lang='lat' dir='ltr'>Prince</span> <span class='ocrx_word' id='word_1_370' title='bbox 413 2883 507 2922; x_wconf 91' lang='lat'>1486,</span> <span class='ocrx_word' id='word_1_371' title='bbox 520 2883 591 2913; x_wconf 86' lang='lat' dir='ltr'>and</span> <span class='ocrx_word' id='word_1_372' title='bbox 605 2883 745 2923; x_wconf 83' lang='lat' dir='ltr'>Knight</span> <span class='ocrx_word' id='word_1_373' title='bbox 757 2883 794 2913; x_wconf 86' lang='lat' dir='ltr'>of</span> <span class='ocrx_word' id='word_1_374' title='bbox 807 2884 869 2914; x_wconf 85' lang='lat' dir='ltr'>the</span> <span class='ocrx_word' id='word_1_375' title='bbox 937 2883 1012 2914; x_wconf 90' lang='lat' dir='ltr'>BN.</span> <span class='ocrx_word' id='word_1_376' title='bbox 1028 2884 1074 2914; x_wconf 79' lang='lat' dir='ltr'>iv.</span> <span class='ocrx_word' id='word_1_377' title='bbox 1092 2884 1210 2922; x_wconf 86' lang='lat'>564-6.</span> 
     </span>
    </p>

    <p class='ocr_par' dir='ltr' id='par_1_10' title="bbox 116 2923 1534 2967">
     <span class='ocr_line' id='line_1_43' title="bbox 116 2923 1534 2967; baseline 0.002 -13"><span class='ocrx_word' id='word_1_378' title='bbox 116 2923 253 2955; x_wconf 88' lang='lat' dir='ltr'>Golden</span> <span class='ocrx_word' id='word_1_379' title='bbox 275 2924 395 2955; x_wconf 88' lang='lat' dir='ltr'>Fleece</span> <span class='ocrx_word' id='word_1_380' title='bbox 422 2935 511 2964; x_wconf 90' lang='lat'>1491.</span> <span class='ocrx_word' id='word_1_381' title='bbox 559 2927 608 2957; x_wconf 90' lang='lat' dir='ltr'>At</span> <span class='ocrx_word' id='word_1_382' title='bbox 633 2926 695 2957; x_wconf 88' lang='lat' dir='ltr'>the</span> <span class='ocrx_word' id='word_1_383' title='bbox 720 2927 810 2957; x_wconf 85' lang='lat' dir='ltr'>wish</span> <span class='ocrx_word' id='word_1_384' title='bbox 835 2927 873 2957; x_wconf 87' lang='lat' dir='ltr'>of</span> <span class='ocrx_word' id='word_1_385' title='bbox 985 2927 1035 2958; x_wconf 91' lang='lat'>16.</span> <span class='ocrx_word' id='word_1_386' title='bbox 1060 2926 1307 2967; x_wconf 87' lang='lat' dir='ltr'>Leodiensem]</span> <span class='ocrx_word' id='word_1_387' title='bbox 1326 2927 1389 2958; x_wconf 89' lang='lat' dir='ltr'>See</span> <span class='ocrx_word' id='word_1_388' title='bbox 1406 2937 1438 2967; x_wconf 89' lang='lat' dir='ltr'>p.</span> <span class='ocrx_word' id='word_1_389' title='bbox 1462 2928 1534 2966; x_wconf 93' lang='lat'>167.</span> 
     </span>
    </p>

    <p class='ocr_par' dir='ltr' id='par_1_11' title="bbox 116 2966 1490 3011">
     <span class='ocr_line' id='line_1_44' title="bbox 116 2966 1490 3011; baseline 0.003 -15"><span class='ocrx_word' id='word_1_390' title='bbox 116 2966 238 3006; x_wconf 90' lang='lat' dir='ltr'>Philip</span> <span class='ocrx_word' id='word_1_391' title='bbox 254 2967 316 2998; x_wconf 88' lang='lat' dir='ltr'>the</span> <span class='ocrx_word' id='word_1_392' title='bbox 334 2968 413 2998; x_wconf 86' lang='lat' dir='ltr'>Fair</span> <span class='ocrx_word' id='word_1_393' title='bbox 433 2969 479 2999; x_wconf 89' lang='lat' dir='ltr'>he</span> <span class='ocrx_word' id='word_1_394' title='bbox 499 2978 571 2999; x_wconf 84' lang='lat' dir='ltr'>was</span> <span class='ocrx_word' id='word_1_395' title='bbox 594 2970 780 3009; x_wconf 84' lang='lat' dir='ltr'>godfather</span> <span class='ocrx_word' id='word_1_396' title='bbox 798 2971 869 3000; x_wconf 88' lang='lat' dir='ltr'>and</span> <span class='ocrx_word' id='word_1_397' title='bbox 1026 2970 1241 3011; x_wconf 88' lang='lat' dir='ltr'>proximam]</span> <span class='ocrx_word' id='word_1_398' title='bbox 1259 2970 1312 3001; x_wconf 89' lang='lat' dir='ltr'>Cf.</span> <span class='ocrx_word' id='word_1_399' title='bbox 1332 2970 1397 3010; x_wconf 91' lang='lat' dir='ltr'>Ep.</span> <span class='ocrx_word' id='word_1_400' title='bbox 1415 2972 1490 3010; x_wconf 92' lang='lat'>916.</span> 
     </span>
    </p>

    <p class='ocr_par' dir='ltr' id='par_1_12' title="bbox 115 3010 1692 3096">
     <span class='ocr_line' id='line_1_45' title="bbox 115 3010 1692 3054; baseline 0.003 -14"><span class='ocrx_word' id='word_1_401' title='bbox 115 3010 290 3050; x_wconf 84' lang='lat' dir='ltr'>guardian</span> <span class='ocrx_word' id='word_1_402' title='bbox 307 3012 343 3041; x_wconf 89' lang='lat' dir='ltr'>to</span> <span class='ocrx_word' id='word_1_403' title='bbox 359 3011 488 3042; x_wconf 85' lang='lat' dir='ltr'>Prince</span> <span class='ocrx_word' id='word_1_404' title='bbox 504 3012 651 3044; x_wconf 87' lang='lat' dir='ltr'>Charles</span> <span class='ocrx_word' id='word_1_405' title='bbox 666 3023 674 3051; x_wconf 89' lang='lat'><strong>;</strong></span> <span class='ocrx_word' id='word_1_406' title='bbox 698 3013 762 3044; x_wconf 88' lang='lat' dir='ltr'>but</span> <span class='ocrx_word' id='word_1_407' title='bbox 779 3013 870 3044; x_wconf 90' lang='lat' dir='ltr'>find·</span> <span class='ocrx_word' id='word_1_408' title='bbox 983 3023 1036 3052; x_wconf 86' lang='lat'>37.</span> <span class='ocrx_word' id='word_1_409' title='bbox 1061 3012 1321 3054; x_wconf 82' lang='lat' dir='ltr'>Augustinum]</span> <span class='ocrx_word' id='word_1_410' title='bbox 1339 3016 1397 3051; x_wconf 77' lang='lat' dir='ltr'>Ep.</span> <span class='ocrx_word' id='word_1_411' title='bbox 1420 3015 1461 3044; x_wconf 88' lang='lat'>28</span> <span class='ocrx_word' id='word_1_412' title='bbox 1474 3028 1502 3039; x_wconf 94' lang='lat'>=</span> <span class='ocrx_word' id='word_1_413' title='bbox 1516 3013 1616 3045; x_wconf 90' lang='lat' dir='ltr'>Hier.</span> <span class='ocrx_word' id='word_1_414' title='bbox 1633 3017 1692 3050; x_wconf 84' lang='lat' dir='ltr'>Ep.</span> 
     </span>
     <span class='ocr_line' id='line_1_46' title="bbox 118 3053 1391 3096; baseline 0.003 -12"><span class='ocrx_word' id='word_1_415' title='bbox 118 3054 178 3094; x_wconf 85' lang='lat' dir='ltr'>ing</span> <span class='ocrx_word' id='word_1_416' title='bbox 194 3053 273 3084; x_wconf 88' lang='lat' dir='ltr'>that</span> <span class='ocrx_word' id='word_1_417' title='bbox 292 3054 467 3093; x_wconf 84' lang='lat' dir='ltr'>Margaret</span> <span class='ocrx_word' id='word_1_418' title='bbox 485 3056 522 3086; x_wconf 86' lang='lat' dir='ltr'>of</span> <span class='ocrx_word' id='word_1_419' title='bbox 539 3056 687 3088; x_wconf 87' lang='lat' dir='ltr'>Austria</span> <span class='ocrx_word' id='word_1_420' title='bbox 707 3056 790 3096; x_wconf 87' lang='lat' dir='ltr'>kept</span> <span class='ocrx_word' id='word_1_421' title='bbox 806 3056 868 3088; x_wconf 91' lang='lat' dir='ltr'>the</span> <span class='ocrx_word' id='word_1_422' title='bbox 938 3057 1002 3096; x_wconf 87' lang='lat'>56:</span> <span class='ocrx_word' id='word_1_423' title='bbox 1027 3057 1135 3088; x_wconf 85' lang='lat' dir='ltr'>about</span> <span class='ocrx_word' id='word_1_424' title='bbox 1153 3057 1232 3088; x_wconf 89' lang='lat' dir='ltr'>Gal.</span> <span class='ocrx_word' id='word_1_425' title='bbox 1248 3067 1278 3088; x_wconf 88' lang='lat'>2.</span> <span class='ocrx_word' id='word_1_426' title='bbox 1300 3066 1391 3095; x_wconf 88' lang='lat'>11-4.</span> 
     </span>
    </p>
   </div>
   <div class='ocr_carea' id='block_1_8' title="bbox 184 3119 943 3149">
    <p class='ocr_par' dir='ltr' id='par_1_13' title="bbox 184 3119 943 3149">
     <span class='ocr_line' id='line_1_47' title="bbox 184 3119 943 3149; baseline -0.005 -11"><span class='ocrx_word' id='word_1_427' title='bbox 184 3119 290 3139; x_wconf 54' lang='lat' dir='ltr'>311sz</span> <span class='ocrx_word' id='word_1_428' title='bbox 309 3119 352 3139; x_wconf 88' lang='lat'>111</span> <span class='ocrx_word' id='word_1_429' title='bbox 877 3124 900 3149; x_wconf 88' lang='lat'>0</span> <span class='ocrx_word' id='word_1_430' title='bbox 921 3124 943 3149; x_wconf 83' lang='grc' dir='ltr'>ο</span> 
     </span>
    </p>
   </div>
  </div>
 </body>
</html>
