2034 3433
255 1983 272 2003 ἶ)

238 2300 274 2321 10

297 167 374 206 116
757 163 1006 204 LETTERS
1046 163 1115 201 OF
1153 162 1417 201 ERASMUs
1761 160 1882 213 [1517

726 291 825 330 693.
858 287 922 327 To
954 286 1203 326 MATTHIAS
1233 285 1464 327 SCHURER.

341 381 526 417 Deventer
544 379 620 414 MS.
640 389 695 423 91,
715 379 739 413 f.
758 379 802 413 68
821 381 869 411 v0.
1576 375 1753 410 Louvain.

340 439 412 473 LB.
431 439 524 484 App.
548 439 622 482 198.
1494 445 1532 478 31
1556 434 1717 469 October
1740 443 1838 479 1517.

717 520 924 551 ERASMVS
954 520 1211 551 SCHVRERIO
1243 520 1325 550 SVO
1356 521 1391 552 S.
1420 521 1461 551 D.

347 605 485 642 Murro
505 602 555 641 ad
584 605 625 641 te
652 601 853 650 Quintum
875 601 1065 640 Curtium
1096 613 1119 638 a
1144 613 1212 638 me
1238 600 1497 650 recognitum
1523 613 1607 639 vna
1633 613 1728 639 cum
1753 600 1888 640 indice

292 671 331 707 et
356 668 622 718 praefatione.
683 667 727 706 Si
753 666 884 716 placet
912 678 1027 715 opus,
1048 665 1112 703 fac
1138 667 1184 704 vt
1211 667 1283 704 tuo
1309 668 1349 704 et
1375 678 1467 704 meo
1495 665 1684 704 consulas
1712 666 1887 713 honori3

291 733 355 771 sin
382 733 536 782 minus,
559 732 682 771 redde
709 731 900 770 libellum
928 732 967 769 ei
992 731 1065 781 qui
1088 730 1232 769 adfert.
1291 730 1406 779 Vale,
1435 730 1590 780 optime
1618 731 1823 779 Schureri,
1846 734 1888 770 et

291 797 424 837 saluta
442 798 606 846 amicos,
629 797 706 835 hoc
727 797 788 834 est
805 798 943 834 totum
964 795 1207 834 sodalicium
1228 795 1491 834 litterarium.

347 863 521 901 Louanii
542 862 674 913 pridie
695 861 885 900 omnium
907 861 1153 899 Sanctorum
1172 861 1256 898 An.
1283 870 1397 909 1517.

346 928 468 967 Mitto
488 928 538 967 ad
557 930 600 967 te
618 927 868 977 Apologiam
887 940 966 976 qua
985 926 1120 964 Fabro
1135 925 1375 975 Stapulensi
1390 926 1617 976 respondeo
1634 941 1642 974 3
1673 940 1798 976 quam
1813 939 1888 976 ego

293 1006 376 1031 non
398 993 574 1043 optarim
596 993 678 1032 alio
698 992 839 1031 animo
858 993 1135 1041 propagatam,
1158 991 1239 1029 nisi
1263 1004 1316 1029 ne
1339 991 1432 1042 quis
1455 991 1664 1030 existimet
1683 992 1795 1030 inter
1813 1005 1888 1030 nos

291 1058 504 1097 inimicam
537 1057 875 1097 contentionem:
918 1057 1084 1096 etiamsi
1115 1056 1188 1095 ille
1220 1070 1369 1107 parum
1402 1056 1532 1095 amice
1564 1056 1784 1096 lacessiuit.
1845 1057 1889 1096 Si

291 1124 433 1173 placet,
455 1124 606 1174 accipe,
622 1125 662 1162 et
682 1123 746 1161 tui
765 1122 917 1161 similis
937 1124 1035 1161 esto.

591 1248 781 1303 ⁰⁸⁵694747
842 1246 906 1288 To
938 1247 1213 1288 WILLIBALD
1242 1247 1584 1289 PIRCKHEIMER.

337 1338 608 1374 Pirckheimeri
626 1338 747 1384 Opera
764 1337 897 1384 p.[268.
1569 1336 1746 1372 Louvain.

338 1396 393 1431 02.
413 1409 448 1442 p.
470 1406 558 1442 155:
586 1397 702 1432 Lond.
722 1408 806 1431 xxx.
827 1406 891 1440 23:
919 1395 990 1431 LB.
1010 1404 1089 1439 274.
1470 1405 1489 1429 2
1509 1394 1719 1432 November
1739 1405 1839 1441 1517.

337 1478 524 1518 [Between
541 1477 588 1507 Le
605 1475 793 1516 Sauvage's
809 1476 999 1517 departure
1023 1475 1115 1506 from
1138 1475 1202 1506 the
1228 1474 1471 1506 Netherlands
1489 1475 1568 1515 (Ep.
1584 1476 1658 1506 608.
1685 1485 1705 1505 2
1730 1476 1784 1515 n.)
1816 1475 1888 1506 and

292 1520 351 1551 his
367 1521 477 1551 death
495 1531 540 1551 on
558 1530 575 1559 7
592 1520 687 1551 June
708 1520 818 1561 1518]

721 1619 927 1649 ERASMVS
959 1617 1207 1648 BILIBALDO
1239 1617 1321 1647 SVO
1352 1617 1386 1648 S.
1413 1617 1456 1647 D.

347 1701 504 1737 ACCEPI
534 1698 724 1737 libellum
752 1712 833 1737 vna
859 1712 955 1737 cum
981 1698 1132 1736 litteris
1158 1698 1252 1743 tuis,
1273 1698 1339 1737 vir
1362 1697 1589 1737 clarissime
1609 1712 1619 1745 ;
1647 1699 1696 1737 ad
1721 1711 1822 1749 quas
1843 1701 1888 1738 vt

291 1764 433 1814 paucis
445 1764 723 1817 respondeam,
743 1764 894 1814 quippe
909 1763 1086 1801 summis
1101 1763 1316 1802 districtus
1329 1763 1553 1809 laboribus,
1566 1763 1663 1802 viuo
1677 1766 1888 1815 vtcunque

292 1842 511 1879 versorque
532 1829 719 1874 Louanii‚
740 1831 955 1879 cooptatus
974 1829 1018 1867 in
1038 1829 1296 1867 consortium
1315 1829 1613 1879 theologorum,
1632 1829 1728 1868 licet
1749 1830 1793 1867 in
1810 1830 1887 1868 hac

290 1894 498 1933 academia
517 1908 601 1933 non
621 1894 701 1932 sim
723 1894 952 1944 insignitus
971 1894 1096 1932 titulo
1116 1894 1307 1933 doctoris.
1370 1894 1420 1932 Id
1440 1894 1569 1932 malui
1590 1907 1714 1944 quam
1730 1894 1888 1933 Princi-

259 1973 270 1979 ·
292 1973 388 2008 pem
415 1959 609 1999 carolum
635 1960 681 1997 in
705 1959 930 2009 Hispanias
956 1959 1168 2006 comitari;
1200 1960 1381 1997 maxime
1408 1972 1503 1998 cum
1534 1959 1718 1998 viderem
1747 1960 1888 1998 aulam

292 2026 335 2063 111
384 2027 445 2064 tot
493 2028 647 2064 sectam
694 2025 894 2064 factiones
942 2025 1165 2074 Hispanos,
1212 2024 1415 2071 Maranos,
1467 2024 1687 2071 Oiuericos‚
1732 2024 1884 2072 Gallos,

293 2091 576 2136 Caesareanos‚
614 2090 919 2140 Neapolitanos,
958 2089 1120 2128 Siculos
1153 2092 1193 2127 et
1233 2102 1337 2139 quos
1371 2103 1457 2127 non
1477 2090 1498 2128 ἵ)
1553 2089 1754 2128 Proximo
1791 2102 1888 2128 vere

293 2169 388 2194 cum
415 2155 614 2205 Angliam
645 2156 695 2193 ob
725 2156 936 2205 priuatum
967 2154 1174 2205 quoddam
1203 2155 1381 2193 adissem
1410 2155 1638 2204 negotium,
1662 2155 1752 2193 Rex
1777 2154 1889 2193 vltro

293 2235 359 2259 me
398 2221 506 2259 mira
542 2220 786 2270 complexus
818 2222 880 2259 est
913 2219 1185 2268 humanitate,
1219 2221 1342 2270 atque
1381 2221 1485 2259 item
1523 2219 1763 2267 Gardinalis,
1801 2219 1890 2258 Rex

293 2287 407 2334 alter,
430 2288 476 2325 vt
502 2287 561 2325 ita
584 2286 737 2336 loquar.
798 2285 1052 2325 Obtulerunt
1078 2287 1241 2336 praeter
1266 2286 1385 2324 aedes
1411 2285 1653 2335 magnificas
1676 2287 1889 2324 sexcentos

293 2352 467 2390 florenos
500 2352 544 2389 in
575 2351 763 2400 singulos
791 2364 932 2390 annos.
993 2351 1061 2389 Sic
1089 2351 1154 2400 egi
1189 2351 1343 2401 gratias
1367 2352 1414 2389 vt
1439 2364 1513 2389 nec
1542 2350 1766 2400 acciperem
1795 2362 1888 2389 con-

336 2456 411 2487 693.
440 2466 466 2486 1.
494 2465 550 2486 me
568 2458 613 2485 bis
628 2458 663 2486 in
677 2458 745 2486 MS.
853 2465 882 2485 2.
908 2455 1071 2485 consules
1086 2457 1155 2485 MS.
1245 2464 1275 2493 5.
1301 2454 1431 2485 Saetolr
1444 2455 1513 2484 MS.
1602 2453 1676 2484 696.
1701 2454 1731 2483 6.
1756 2454 1888 2484 sectam

293 2501 459 2535 Bywater:
482 2501 658 2529 sectarum
675 2501 708 2530 P.
801 2498 857 2530 0²:
884 2498 1047 2529 Marauos
1061 2501 1095 2529 P.

337 2588 411 2618 693.
433 2598 463 2618 2.
481 2585 720 2628 praefatione]
734 2587 796 2626 Ep.
816 2597 890 2625 704.
915 2586 988 2617 The
1003 2585 1056 2616 di·
1171 2594 1220 2614 10.
1252 2583 1483 2624 obtulerunt]
1509 2583 1560 2614 Cf.
1590 2584 1678 2624 Epp.
1708 2585 1784 2622 619,
1808 2584 1884 2624 657,

295 2641 466 2671 ver-genoe
482 2631 521 2662 of
533 2631 613 2661 date
630 2631 660 2661 is
678 2630 885 2661 noticeable.
1126 2629 1199 2667 756,
1219 2628 1290 2667 761,
1311 2636 1383 2666 775,
1402 2627 1477 2665 784,
1497 2627 1569 2666 786,
1586 2637 1659 2667 794,
1676 2628 1750 2666 867,
1766 2627 1885 2666 886-7.

338 2686 368 2712 4.
395 2673 623 2714 sodalicium]
641 2674 705 2705 See
722 2674 786 2713 Ep.
805 2683 880 2713 302.
1124 2671 1187 2711 Ep.
1213 2680 1286 2709 577.
1310 2672 1331 2700 6
1354 2680 1427 2709 seq.
1452 2671 1595 2709 implies
1619 2671 1700 2702 that
1724 2671 1786 2701 the
1809 2681 1887 2710 pre-

338 2720 367 2749 6.
395 2716 624 2758 Apologiam]
657 2718 690 2749 A
727 2717 867 2748 revised
894 2716 1031 2747 edition
1049 2727 1057 2752 ς
1124 2715 1196 2745 eise
1212 2717 1324 2745 ter-ms
1341 2714 1378 2744 of
1390 2714 1452 2745 the
1468 2714 1553 2744 offer
1567 2724 1660 2745 were
1678 2716 1742 2745 not
1756 2714 1887 2745 settled

295 2762 339 2793 cf.
363 2762 449 2801 Epp.
474 2771 590 2800 730-2,
614 2761 689 2791 821.
736 2760 892 2792 8011111101·
912 2759 1058 2799 printed
1124 2757 1220 2789 until
1238 2758 1331 2788 after
1347 2757 1514 2788 Erasmus
1531 2758 1601 2788 had
1618 2758 1684 2789 left
1697 2757 1875 2797 England.

296 2805 323 2834 it
339 2806 447 2835 about
464 2806 538 2835 this
554 2805 654 2844 time,
673 2815 731 2835 s.a.
747 2816 754 2842 ;
778 2814 835 2834 see
851 2803 959 2835 BEr.²
1212 2802 1396 2832 sexcentos
1431 2801 1599 2842 florenos]
1639 2812 1681 2832 sc.
1712 2811 1835 2832 aureos
1852 2816 1880 2826 =

339 2848 413 2877 694.
439 2858 468 2886 3.
497 2846 696 2888 cooptatus]
715 2848 765 2879 Cf.
786 2847 848 2888 Ep.
867 2849 941 2886 637.
964 2857 1003 2877 10
1019 2856 1055 2877 n.
1123 2846 1228 2877 3100.
1274 2844 1361 2884 Epp.
1380 2855 1455 2884 775,
1477 2845 1540 2884 786
1562 2845 1662 2876 show
1684 2845 1762 2876 that
1787 2845 1887 2875 these

339 2900 369 2929 5.
395 2891 575 2932 comitari]
593 2891 644 2922 Cf.
661 2901 692 2931 p.
712 2901 742 2930 3.
1124 2897 1217 2918 were
1234 2888 1296 2918 the
1314 2888 1422 2927 hopes
1438 2888 1525 2919 held
1543 2890 1604 2920 out
1624 2889 1671 2928 by
1687 2887 1884 2927 Mountjoy,

338 2936 369 2965 6.
398 2934 575 2974 Maranos]
601 2934 653 2964 Cf.
673 2935 736 2974 Ep.
755 2944 830 2973 549.
852 2944 889 2964 12
906 2944 941 2965 n.
1126 2933 1188 2962 not
1210 2932 1271 2961 the
1294 2933 1405 2962 terms
1425 2931 1464 2961 of
1481 2931 1543 2962 the
1563 2931 1680 2963 actual
1697 2932 1792 2962 offer.
1841 2931 1886 2961 In

384 2977 576 3017 Ciuericos]
628 2978 702 3009 The
766 2978 962 3008 adherents
1024 2976 1063 3006 of
1125 2976 1189 3014 Ep.
1213 2975 1279 3004 886
1304 2974 1367 3005 the
1395 2985 1474 3005 sum
1503 2976 1532 3006 is
1563 2975 1726 3016 specified
1757 2984 1794 3005 as
1826 2984 1889 3005 100

296 3020 465 3052 Chievres
482 3030 489 3058 ;
513 3021 556 3052 cf.
576 3020 639 3060 Ep.
658 3030 731 3059 532.
751 3031 791 3059 27
809 3031 845 3052 11.
1126 3019 1246 3049 marks
1265 3018 1353 3058 (³266
1372 3028 1435 3057 133.
1452 3019 1538 3059 μὴ),
