2034 3433
136 172 234 240 933]
676 190 747 229 To
786 191 936 229 JOHN
974 191 1184 231 FISHER
1645 195 1724 232 523

134 292 253 339 letur,
269 293 431 331 Aeneae
444 293 584 344 magni
600 293 743 332 dextra
757 294 876 333 cadis.
937 295 1041 334 Mihi
1053 308 1148 334 cum
1165 309 1244 346 qua
1258 296 1389 335 scabie
1405 296 1726 335 conflictandum
1747 312 1786 332 20

135 359 219 396 est!
249 371 345 397 cum
368 358 600 397 cuiusmodi
623 359 891 409 sycophantis
914 373 978 399 res
1004 362 1089 400 est!
1119 362 1189 412 qui
1212 375 1306 400 cum
1331 362 1432 400 alias
1454 375 1538 400 non
1565 361 1727 411 possint

136 422 347 462 nobilitari
377 424 690 472 benemerendo,
722 426 1031 475 conspurcanda
1063 425 1173 464 fama
1203 426 1338 465 aliena
1367 429 1573 465 venantur
1605 427 1727 476 glori-

135 487 257 527 olam.

189 553 426 603 Stephanus
452 553 710 593 Poncherius
738 555 953 605 episcopus
979 556 1240 604 Parisiensis‚
1272 557 1342 606 qui
1372 558 1491 595 tuum
1520 557 1726 596 calamum

135 618 185 657 ad
214 618 290 657 hoc
320 632 423 668 opus
452 618 729 668 extimulauit,
760 621 842 658 iam
871 620 1202 671 archiepiscopus
1231 624 1293 660 est
1322 622 1572 660 Senonensis
1588 637 1597 670 ;
1626 636 1729 672 quae
1748 635 1785 668 25

136 696 201 722 res
219 683 380 722 vtinam
399 683 465 722 illi
484 685 570 723 tam
586 686 740 723 certam
759 685 1001 724 felicitatem
1017 686 1176 724 adferat
1191 699 1316 736 quam
1332 687 1521 725 Romano
1536 687 1729 726 Pontifici

134 750 293 787 certum
312 748 475 787 lucrum
494 751 555 788 est
575 749 774 789 allatura!
805 751 849 789 Is
869 764 980 789 nunc
1003 751 1186 789 mittitur
1210 751 1368 801 legatus
1395 752 1439 790 in
1464 751 1725 802 Hispaniam,

135 813 260 852 homo
279 826 426 852 senex:
455 814 572 853 cuius
591 814 868 854 incolumitati
888 815 994 854 male
1014 818 1165 863 metuo,
1186 816 1242 854 ita
1261 829 1328 854 me
1348 817 1461 855 Deus
1480 816 1585 856 bene
1604 820 1726 857 amet.

135 877 298 928 Dignus
317 881 402 917 erat
422 880 494 929 qui
512 893 636 930 quam
656 879 892 919 diutissime
912 880 1160 931 reipublicae
1178 884 1423 930 seruaretur,
1443 882 1625 921 consiliis
1643 883 1730 922 suis

137 944 240 993 Regi
260 957 466 994 regnoque
486 946 738 995 profuturus.
1749 964 1789 994 30

190 1009 235 1048 Is
264 1009 313 1048 de
347 1023 427 1060 quo
457 1010 562 1049 mihi
590 1010 737 1049 scribis
762 1024 977 1061 nunquam
1007 1024 1090 1049 non
1119 1011 1197 1049 erit
1226 1011 1291 1050 sui
1320 1011 1483 1060 similis,
1509 1012 1594 1050 imo
1619 1026 1730 1051 nunc

137 1074 315 1113 maxime
343 1075 476 1114 feruet
504 1076 550 1114 in
578 1075 747 1126 negocio
775 1076 1076 1127 sycophantico,
1100 1076 1166 1115 cui
1195 1076 1302 1114 mihi
1324 1079 1448 1115 natus
1473 1077 1660 1116 videtur:
1690 1080 1730 1116 et

136 1141 275 1178 tamen
312 1140 394 1179 sibi
431 1140 598 1180 videtur
635 1142 859 1180 sanctulus.
923 1141 1011 1191 Ego
1049 1142 1086 1180 si
1123 1141 1230 1180 mihi
1269 1142 1455 1181 conscius
1494 1156 1627 1180 essem
1665 1143 1730 1181 vel

136 1204 335 1244 minimae
358 1206 644 1256 portiunculae
671 1209 733 1245 tot
759 1207 1135 1257 sycophantiarum,
1159 1220 1244 1245 non
1273 1207 1465 1245 auderem
1495 1207 1545 1245 ad
1575 1208 1730 1247 Christi

137 1282 322 1309 mensam
339 1271 539 1310 accedere.
1749 1285 1787 1317 35

191 1334 354 1374 Prodiit
374 1336 561 1387 dialogus
580 1336 748 1387 quidam
775 1337 917 1375 Iacobi
941 1336 1114 1384 Latomi,
1140 1336 1324 1386 theologi
1343 1337 1626 1384 Louaniensis‚
1650 1351 1730 1387 quo

136 1399 301 1449 linguas
320 1415 404 1440 non
425 1402 468 1440 in
489 1404 624 1442 totum
645 1402 827 1451 damnat,
850 1403 921 1441 sed
941 1403 999 1441 ita
1018 1404 1168 1441 tractat
1187 1404 1234 1441 vt
1251 1402 1336 1441 illis
1360 1416 1485 1452 quam
1505 1402 1730 1442 minimum

136 1465 264 1504 tribui
297 1466 411 1506 velit.
471 1468 580 1506 Tum
615 1467 802 1506 Methodi
829 1481 942 1506 meae
975 1467 1201 1517 praeceptis
1229 1468 1398 1517 opponit
1429 1467 1592 1506 diuersa
1620 1481 1732 1517 prae-

137 1532 260 1580 cepta,
292 1533 364 1571 sed
399 1532 567 1572 interim
596 1547 620 1572 a
649 1534 819 1572 nomine
847 1547 940 1573 meo
970 1535 1227 1583 temperans:
1267 1534 1430 1572 etiamsi
1460 1534 1518 1572 sic
1545 1535 1732 1584 grauiore

136 1609 214 1635 nos
244 1598 396 1647 premit
428 1598 598 1647 inuidia,
635 1599 736 1638 dum
770 1612 872 1650 quae
906 1600 950 1637 in
983 1599 1094 1637 hunc
1128 1602 1199 1638 aut
1237 1599 1370 1648 illum,
1407 1600 1507 1637 dum
1547 1612 1650 1649 quae
1688 1600 1732 1637 in
1751 1613 1791 1643 40

137 1661 368 1701 Lutherum
395 1663 576 1713 stringit,
608 1664 737 1702 lector
764 1665 934 1714 ignarus
963 1665 1009 1703 in
1038 1678 1104 1703 me
1134 1665 1284 1715 stringi
1313 1665 1552 1714 suspicatur.
1612 1664 1732 1702 Hanc

136 1726 428 1767 immodestam
453 1729 699 1768 modestiam
725 1729 858 1768 nostri
881 1729 1067 1780 theologi
1087 1730 1313 1769 commenti
1332 1732 1441 1769 sunt.
1503 1729 1605 1768 Mihi
1625 1732 1732 1768 certe

136 1792 242 1831 liber
259 1793 408 1832 multis
428 1794 669 1833 nominibus
696 1795 864 1845 placuit.
925 1797 1066 1845 Atque
1092 1795 1254 1834 vtinam
1280 1796 1508 1834 scriberent
1527 1809 1655 1845 vsque
1681 1796 1731 1834 ad

136 1859 372 1897 satietatem
406 1859 722 1911 desinerentque
760 1863 1032 1910 συκοφαντεῖνῖ
1102 1862 1223 1900 Nunc
1261 1862 1446 1911 strophis
1484 1862 1732 1911 quibusdam

137 1925 195 1964 ita
223 1938 299 1975 per
327 1926 484 1964 multos
516 1927 709 1966 traducor
739 1929 785 1966 vt
816 1941 900 1965 non
934 1927 989 1965 sit
1018 1927 1062 1965 in
1094 1941 1217 1977 quem
1252 1929 1361 1966 certo
1391 1927 1545 1977 possim
1575 1928 1731 1965 ferrum
1750 1939 1788 1969 45

138 1989 352 2039 stringere.
421 1991 694 2030 Decreueram
728 1992 898 2030 omnino
936 2005 1021 2030 non
1062 1992 1304 2041 respondere
1338 1991 1494 2037 libello,
1527 1992 1596 2029 sed
1631 1992 1732 2029 vicit

138 2055 366 2094 amicorum
396 2057 629 2096 sententia:
658 2070 895 2107 quanquam
922 2058 980 2096 ita
1005 2057 1198 2107 respondi
1224 2060 1270 2095 vt
1289 2057 1431 2096 videar
1454 2071 1540 2095 non
1566 2070 1732 2107 respon-

139 2121 259 2159 disse.
290 2121 485 2160 Dixeram
493 2122 538 2160 in
547 2122 743 2161 Methodo
756 2136 847 2161 mea
854 2122 1004 2161 bonam
1017 2122 1251 2172 theologiae
1264 2125 1425 2172 partem
1437 2136 1524 2161 esse
1537 2123 1731 2172 pietatem

140 2186 294 2226 mentis
309 2189 350 2226 et
364 2187 558 2227 afflatum.
618 2188 667 2226 Id
689 2201 932 2238 oppugnans
949 2189 1147 2227 Latomus
1164 2187 1311 2227 multis
1326 2188 1462 2227 verbis
1477 2189 1733 2227 demonstrat

142 2265 227 2291 non
247 2252 359 2291 idem
380 2266 467 2291 esse
487 2252 726 2303 theologum
746 2256 787 2291 et
805 2254 922 2303 pium
938 2254 1075 2291 virum
1091 2266 1189 2292 esse.
1246 2254 1305 2292 At
1320 2267 1464 2292 vereor
1481 2267 1530 2291 ne
1547 2254 1729 2303 posthac,
1750 2265 1791 2296 50

140 2318 177 2356 si
206 2320 392 2368 pergant,
416 2318 500 2356 sint
527 2318 598 2368 qui
624 2319 763 2358 dicant
788 2332 872 2357 non
899 2319 1009 2357 idem
1036 2332 1123 2357 esse
1150 2318 1388 2369 theologum
1411 2332 1499 2357 esse
1519 2321 1560 2357 et
1578 2331 1729 2368 sapere.

141 2383 272 2422 Video
298 2382 419 2432 plane
447 2385 606 2433 pestem
633 2396 721 2422 esse
747 2383 940 2431 fatalem3
970 2386 1010 2421 et
1043 2383 1342 2433 propemodum
1370 2383 1586 2434 astrologis
1606 2383 1733 2422 fidem

679 2490 730 2510 20.
755 2478 850 2512 EN2:
875 2479 1019 2511 dextera
1036 2478 1081 2509 Nl
1098 2483 1191 2512 Loncl.

187 2579 240 2600 20.
265 2567 422 2608 Aeneae]
440 2568 544 2607 Verg.
563 2570 644 2600 Aen.
666 2577 714 2598 10.
732 2568 807 2606 830.
1014 2577 1068 2606 32.
1094 2567 1215 2608 natus]
1233 2568 1302 2598 Lee
1318 2568 1429 2598 refers
1445 2569 1481 2598 to
1498 2568 1573 2598 this
1590 2576 1732 2607 passage

187 2622 242 2651 24.
267 2610 502 2652 Poncherius]
520 2610 572 2642 Of.
592 2612 654 2651 Ep.
672 2621 745 2650 924.
769 2621 806 2649 14
824 2621 858 2641 n.
974 2612 1013 2641 in
1030 2611 1087 2641 his
1102 2613 1242 2648 Epistola
1265 2613 1456 2651 apologetica,
1488 2621 1500 2640 1
1527 2611 1607 2641 Feb.
1629 2620 1710 2649 1520
1729 2622 1736 2649 3

187 2663 237 2694 25.
262 2653 508 2695 extimulauit]
527 2654 663 2686 Whilst
678 2654 906 2685 ambassador
971 2654 1119 2694 printed
1146 2655 1238 2685 with
1269 2654 1327 2685 his
1357 2657 1519 2693 Apoloyia,
1553 2654 1663 2693 Paris,
1691 2655 1731 2686 G.

145 2699 183 2730 in
195 2697 360 2737 England
372 2699 411 2729 in
423 2698 510 2729 Nov.
526 2707 605 2738 1517
621 2698 699 2738 (Ep.
713 2708 785 2737 744.
797 2707 837 2737 37
850 2698 903 2738 n.)
972 2698 1182 2737 Gourmont,
1201 2709 1224 2729 s.
1238 2708 1280 2736 a.‚
1299 2698 1322 2729 f.
1345 2707 1414 2737 141.

144 2752 183 2772 or
198 2741 440 2782 Aug.—Nov.
467 2742 549 2780 1518
570 2741 671 2782 (BE4.
701 2751 816 2780 17—2o‚
842 2751 905 2780 23;
1016 2742 1070 2781 36.
1096 2741 1251 2782 Latomi]
1272 2741 1337 2772 See
1354 2741 1417 2781 Ep.
1435 2752 1508 2781 934.
1525 2750 1545 2779 3
1562 2750 1624 2771 nn.

145 2786 189 2816 cf.
213 2785 357 2816 Brewer
378 2786 416 2816 ii.
437 2794 530 2823 4401,
550 2785 675 2826 4470);
699 2786 741 2816 cf.
760 2785 801 2816 f0.
821 2785 853 2815 a³
870 2785 909 2815 of
1017 2785 1068 2823 48.
1092 2784 1276 2825 Dixeram]
1294 2785 1367 2815 The
1382 2785 1499 2815 actual
1518 2784 1630 2814 words
1649 2785 1733 2815 used

146 2829 206 2860 the
223 2831 266 2860 De
281 2831 373 2859 mica
387 2830 585 2866 Maqdalena.
973 2829 1058 2859 here
1089 2828 1181 2859 form
1212 2828 1275 2859 the
1306 2828 1375 2858 last
1405 2830 1573 2858 sentence
1603 2826 1642 2858 of
1669 2828 1731 2858 the

188 2881 240 2910 3¹·
266 2872 304 2903 Is
327 2871 372 2903 de
398 2871 484 2912 quo]
516 2871 711 2911 Evidently
742 2872 833 2911 Lee;
861 2872 904 2902 cf.
974 2871 1110 2902 revised
1126 2871 1264 2902 edition
1282 2871 1320 2901 of
1332 2871 1394 2902 the
1409 2873 1568 2902 Metlwdus
1585 2880 1623 2900 or
1642 2873 1734 2902 Ratio

145 2917 182 2947 ll.
200 2925 243 2954 32
259 2925 294 2945 n.
307 2915 380 2946 and
396 2915 448 2954 89.
978 2918 1070 2945 Verae
1096 2917 1279 2952 Theoloyiae,
1303 2915 1389 2946 Nov.
1420 2915 1502 2953 1518
1533 2914 1614 2954 (Ep.
1641 2915 1733 2955 745).

234 2959 377 2999 scribis]
410 2958 478 2989 For
506 2959 569 2989 the
602 2959 848 2989 intervention
873 2959 911 2989 of
974 2959 1044 2989 But
1056 2957 1120 2988 the
1132 2967 1229 2988 same
1242 2958 1344 2997 point
1358 2957 1396 2988 of
1402 2957 1493 2988 view
1504 2958 1534 2988 is
1546 2967 1711 2997 expresse

151 3002 301 3043 English
318 3002 455 3033 friends
468 3003 507 3032 in
521 3002 583 3032 the
597 3002 738 3041 dispute
751 3002 794 3033 cf.
813 3004 905 3039 Apol.
975 3002 1013 3032 in
1029 3001 1116 3032 both
1138 3001 1201 3032 the
1217 3004 1390 3032 Paraclesis
1412 3001 1483 3032 and
1506 3001 1568 3032 the
1591 3003 1681 3032 Ratio
1698 3012 1736 3032 as

152 3057 213 3084 qua
229 3049 395 3084 respondet,
414 3046 454 3076 1'0.
470 3045 514 3075 13²
526 3047 573 3077 vo.
590 3057 597 3075 :
623 3046 644 3076 J
647 3045 743 3076 ortin
761 3045 796 3076 ii.
817 3054 892 3084 501.
976 3044 1121 3085 printed
1137 3045 1176 3076 in
1193 3047 1319 3075 Nouum
1335 3047 1595 3083 Ins-crumentum,
1616 3046 1709 3084 1516.
