2034 3433
148 174 248 229 858]
725 177 795 216 To
834 177 991 217 PAUL
1028 177 1173 217 VOLZ
1663 181 1744 218 369

145 281 355 330 redarguit
399 295 522 333 quam
559 282 632 321 vbi
672 281 880 321 vindictae
926 281 1151 332 cupiditate
1192 284 1265 321 aut
1310 282 1552 321 ambitionis
1596 282 1743 321 affectu

144 349 388 397 tanguntur.
447 347 705 397 Rogantibus
725 360 778 386 an
804 346 962 386 iussuri
987 350 1130 386 essent
1148 347 1290 398 ignem
1310 361 1332 386 e
1351 348 1463 386 coelo
1482 347 1741 395 descendere,

145 412 218 463 qui
249 415 436 452 exureret
470 412 682 451 ciuitatem
706 412 815 450 vnde
847 412 1186 461 excludebantur,
1215 413 1410 462 Nescitis,
1442 413 1589 464 inquit,
1626 413 1744 452 cuius
1767 422 1829 455 270

145 478 318 528 spiritus
358 477 465 517 sitis.
527 477 701 516 Petrum
740 491 764 516 a
797 490 913 516 cruce
952 479 1002 517 ad
1031 479 1238 517 mundum
1278 491 1470 518 reuocare
1511 480 1741 525 conantem,

145 543 344 583 Satanam
376 543 568 594 appellat.
627 543 689 582 De
717 543 899 592 primatu
928 545 1203 594 disputantes,
1224 547 1325 595 quot
1353 545 1489 584 modis
1516 547 1557 584 et
1582 546 1744 596 quoties

145 612 309 649 reuocat
328 609 379 648 ad
396 609 612 648 diuersum
631 609 847 648 affectum!
897 609 1006 648 Sunt
1029 610 1132 648 item
1152 623 1256 660 quae
1276 610 1413 660 palam
1433 610 1550 650 docet
1570 624 1616 649 ac
1636 623 1745 660 prae-

145 674 266 725 cipit:
296 688 383 713 non
402 674 595 713 resistere
618 674 739 722 malo,
761 675 868 713 bene
894 675 1044 714 mereri
1069 676 1118 714 de
1138 675 1332 724 inimicis,
1354 676 1486 714 animi
1506 678 1745 715 mansuetu-

144 740 285 779 dinem
304 740 466 790 aliaque
486 739 732 778 consimilia.
1766 752 1825 783 275

199 805 507 855 Distinguenda
537 808 640 844 sunt
668 805 769 844 haec
797 808 839 844 et
872 806 917 843 in
952 819 1077 844 suum
1111 819 1295 857 quaeque
1330 807 1556 856 digerenda
1588 806 1739 845 locum.

146 871 208 909 Ne
227 872 419 921 protinus
440 871 570 922 igitur
589 871 740 909 horum
760 884 863 920 quae
883 873 1087 920 geruntur
1106 885 1130 910 a
1149 871 1407 922 principibus
1428 874 1497 910 aut
1518 872 1743 922 prophanis

145 936 473 986 magistratibus,
496 936 713 976 Christum
741 935 942 974 faciamus
971 938 1172 984 autorem,
1192 939 1274 983 aut,
1298 939 1344 975 vt
1370 950 1481 975 nunc
1500 937 1741 987 loquuntur,

144 1001 226 1040 iuri
264 1002 410 1040 diuino
453 1014 700 1040 asseramus.
762 1000 910 1040 Crassa
943 1001 1147 1051 quaedam
1186 1002 1238 1040 ab
1272 1002 1359 1041 illis
1393 1004 1639 1050 tractantur,
1669 1015 1745 1041 nec

145 1067 317 1105 omnino
345 1067 604 1106 Christianae
632 1066 844 1116 puritatis,
865 1067 937 1105 sed
966 1080 1070 1116 quae
1100 1069 1241 1105 tamen
1268 1068 1511 1106 insectanda
1537 1081 1622 1106 non
1642 1067 1740 1117 sint,
1766 1071 1828 1102 280

145 1134 286 1181 vtpote
319 1132 551 1171 necessaria
584 1132 634 1171 ad
668 1145 807 1170 rerum
843 1131 1032 1170 ordinem
1066 1133 1284 1171 tuendum.
1343 1133 1426 1171 Nec
1457 1133 1570 1171 enim
1592 1133 1745 1171 horum

145 1197 383 1236 ministerio
416 1198 465 1236 fit
493 1199 538 1235 vt
574 1197 671 1235 boni
700 1197 845 1244 simus,
869 1197 941 1235 sed
971 1200 1016 1236 vt
1051 1199 1194 1236 minus
1224 1198 1351 1245 mali;
1390 1200 1517 1248 vtque
1545 1199 1616 1248 qui
1644 1199 1745 1237 mali

144 1265 255 1310 sunt,
277 1263 419 1301 minus
439 1265 616 1301 noceant
638 1262 899 1312 reipublicae.
959 1263 1145 1301 Debetur
1168 1264 1298 1314 igitur
1322 1265 1364 1302 et
1386 1264 1453 1302 his
1474 1277 1575 1302 suus
1596 1264 1742 1311 honos,

144 1329 253 1378 quod
272 1330 484 1378 vtcunque
513 1328 697 1366 seruiant
725 1327 909 1366 iustitiae
939 1328 1108 1367 diuinae
1137 1329 1407 1378 publicaeque
1432 1328 1739 1378 tranquillitati,

144 1394 236 1432 sine
255 1407 336 1444 qua
365 1394 592 1432 turbantur
617 1393 835 1442 aliquoties
864 1395 904 1431 et
933 1406 978 1431 ea
1003 1407 1106 1443 quae
1133 1397 1233 1432 sunt
1252 1394 1434 1444 pietatis.
1496 1394 1743 1433 Honorandi
1765 1399 1825 1438 285

143 1461 246 1498 sunt
273 1459 344 1498 vbi
370 1472 445 1497 suo
473 1459 709 1509 funguntur
742 1458 885 1506 officio,
917 1459 1123 1498 tolerandi
1156 1460 1348 1498 fortassis
1378 1460 1449 1498 vbi
1481 1459 1562 1498 sibi
1594 1461 1744 1509 gerunt

143 1526 404 1574 potestatem,
446 1537 499 1562 ne
540 1525 641 1574 quid
692 1524 873 1562 deterius
913 1525 1131 1564 exoriatur.
1192 1524 1391 1563 Sublucet
1433 1525 1547 1563 enim
1589 1525 1634 1562 in
1675 1524 1743 1563 his

143 1603 307 1640 quoque
356 1590 494 1640 imago
532 1590 599 1628 vel
643 1589 790 1628 vmbra
827 1590 968 1628 verius
1003 1590 1170 1628 diuinae
1208 1590 1403 1638 iustitiae,
1440 1603 1564 1640 quam
1602 1592 1743 1629 tamen

144 1657 303 1706 oportet
322 1656 445 1705 longe
464 1656 711 1705 expressius,
728 1655 964 1694 euidentius
980 1669 1027 1694 ac
1041 1656 1187 1706 purius
1207 1656 1253 1694 in
1273 1656 1536 1694 sacerdotum
1556 1655 1742 1694 moribus

142 1733 188 1760 ac
217 1721 381 1771 legibus
411 1721 582 1759 elucere.
641 1720 782 1760 Aliter
810 1721 855 1759 in
884 1720 993 1759 ferro
1022 1722 1177 1760 relucet
1206 1721 1354 1772 imago,
1387 1721 1507 1759 aliter
1534 1721 1580 1759 in
1612 1721 1743 1760 vitreo
1764 1735 1825 1768 ²90

143 1786 322 1836 speculo.

198 1851 252 1889 In
275 1852 398 1890 tertio
426 1851 579 1890 circulo
599 1851 885 1901 promiscuum
908 1851 1063 1902 vulgus
1090 1852 1349 1900 collocemus,
1380 1851 1513 1891 veluti
1538 1851 1744 1890 crassissi-

143 1929 257 1955 mam
275 1916 401 1955 huius
428 1917 539 1955 orbis
563 1919 737 1967 partem,
759 1917 831 1955 sed
856 1917 914 1956 ita
940 1917 1246 1956 crassissimam
1265 1919 1312 1956 vt
1337 1920 1481 1956 tamen
1507 1917 1559 1955 ad
1586 1916 1744 1956 Christi

143 1982 378 2031 pertineant
398 1995 556 2032 corpus.
607 1982 750 2032 Neque
768 1982 883 2021 enim
903 1982 1012 2021 oculi
1030 1984 1198 2021 tantum
1219 1982 1401 2032 corporis
1422 1982 1608 2021 membra
1627 1984 1738 2030 sunt,

143 2059 290 2085 verum
315 2046 440 2086 etiam
467 2060 601 2096 surae,
622 2048 746 2098 pedes
767 2060 813 2086 ac
832 2047 1038 2097 pudenda.
1095 2047 1178 2086 His
1205 2047 1265 2086 sic
1288 2050 1352 2087 est
1370 2047 1676 2097 indulgendum
1695 2049 1743 2086 vt
1763 2062 1824 2095 295

143 2124 319 2162 semper,
340 2112 472 2162 quoad
492 2112 583 2150 fieri
602 2113 767 2162 poterit,
783 2114 984 2151 vocentur
1003 2113 1054 2151 ad
1074 2126 1121 2151 ea
1141 2126 1243 2163 quae
1258 2113 1426 2152 Christo
1446 2114 1547 2151 sunt
1566 2112 1739 2162 potiora.

146 2177 253 2216 Nam
290 2178 335 2215 in
373 2177 450 2215 hoc
488 2190 656 2227 corpore
692 2178 765 2228 qui
797 2177 920 2216 modo
953 2191 1025 2227 pes
1056 2180 1154 2226 erat,
1178 2178 1321 2216 oculus
1355 2177 1447 2217 fieri
1479 2179 1626 2227 potest.
1686 2179 1743 2216 Et

143 2244 286 2281 tamen
305 2244 352 2281 vt
370 2242 590 2292 principes,
614 2243 651 2281 si
677 2244 764 2281 sint
790 2243 924 2293 impii,
944 2255 1030 2281 non
1050 2246 1151 2282 sunt
1169 2243 1436 2282 exacerbandi
1455 2243 1666 2292 conuiciis,
1690 2257 1742 2282 ne

143 2307 358 2358 prouocati
375 2307 586 2357 grauiores
610 2308 792 2346 excitent
807 2307 1057 2357 tragoedias,
1075 2308 1192 2347 iuxta
1211 2308 1465 2347 sententiam
1484 2309 1740 2358 Augustini;

144 2373 202 2412 ita
229 2372 409 2423 populus
438 2371 687 2420 imbecillus,
720 2372 912 2422 exemplo
941 2372 1100 2411 Christi
1129 2373 1200 2422 qui
1226 2375 1346 2411 tanta
1371 2372 1544 2412 lenitate
1571 2373 1669 2411 tulit
1696 2386 1742 2412 ac
1761 2388 1824 2421 300

143 2435 252 2474 fouit
271 2448 368 2473 suos
390 2434 629 2485 discipulos,
651 2435 846 2473 ferendus
870 2434 949 2473 erit
975 2448 1020 2474 ac
1046 2437 1218 2485 paterna
1239 2435 1444 2474 fouendus
1464 2435 1739 2485 indulgentia,

145 2500 273 2539 donec
293 2499 500 2550 paulatim
523 2499 769 2550 grandescat
791 2499 836 2538 in
860 2499 1038 2539 Christo.
1098 2499 1239 2539 Habet
1261 2500 1375 2538 enim
1399 2502 1439 2539 et
1463 2500 1593 2550 pietas
1620 2514 1741 2540 suam

144 2566 377 2613 infantiam,
399 2565 525 2603 habet
544 2565 692 2604 aetatis
712 2577 912 2613 accessus,
932 2564 1060 2604 habet
1078 2565 1309 2615 perfectum
1327 2567 1370 2604 et
1389 2567 1584 2615 vegetum
1603 2565 1739 2604 robur.

146 2630 353 2669 Omnibus
373 2632 515 2669 tamen
534 2643 608 2681 pro
627 2643 702 2669 sua
722 2631 868 2681 cuique
886 2631 1074 2681 portione
1093 2630 1145 2669 ad
1161 2630 1376 2670 Christum
1395 2632 1460 2669 est
1479 2630 1738 2670 enitendum.

145 2696 462 2735 Elementorum
481 2709 582 2735 suus
603 2696 752 2746 cuique
777 2695 891 2735 locus
916 2697 991 2734 est.
1053 2695 1134 2734 Sed
1154 2695 1277 2746 ignis,
1300 2695 1373 2746 qui
1392 2709 1604 2735 summam
1625 2697 1741 2735 tenet
1760 2714 1822 2747 305

145 2760 298 2808 sedem,
322 2760 462 2799 omnia
490 2761 692 2810 paulatim
725 2761 775 2800 ad
810 2774 854 2799 se
881 2761 992 2811 rapit
1021 2763 1074 2809 et,
1097 2761 1230 2811 quoad
1262 2760 1368 2809 licet,
1390 2761 1434 2800 in
1463 2774 1585 2800 suam
1612 2762 1741 2800 trans·

145 2825 298 2865 format
317 2827 520 2864 naturam.
580 2828 748 2878 Aquam
768 2826 994 2877 eliquatam
1014 2827 1140 2865 vertit
1160 2826 1204 2865 in
1230 2839 1376 2875 aerem,
1398 2839 1535 2865 aerem
1550 2828 1739 2865 extenua-

276 2943 351 2973 294.
375 2935 555 2974 pertineat
570 2937 612 2966 Η.
746 2936 821 2975 306.
845 2935 962 2975 quoad
980 2935 1064 2966 licet
1081 2949 1100 2967 α
1116 2947 1122 2965 ;
1146 2937 1325 2975 quantum
1341 2935 1418 2967 fieri
1435 2937 1550 2976 potest
1566 2938 1609 2967 H.

682 3044 755 3074 270.
783 3034 952 3075 Nescitis]
977 3035 1075 3066 Luke
1091 3045 1122 3075 9.
1140 3044 1192 3075 55.

213 3099 320 3119 Anum
336 3099 379 3118 111
906 3103 931 3128 B
950 3090 977 3128 l)
