2034 3433
87 169 217 241 ρ959]
1631 189 1711 228 569

565 241 717 284 958959.
776 241 840 281 To
871 240 1091 282 WILLIAM
1123 240 1262 283 CRor.

167 310 329 356 Farrago
347 322 381 356 p.
403 320 481 355 352.
1421 309 1597 345 Louvain.

168 368 209 404 F.
226 381 262 414 p.
281 378 372 413 449:
397 367 489 403 HN:
514 367 632 403 Lond.
650 366 699 402 xi.
718 369 760 404 8:
786 367 857 402 LB.
879 377 957 413 351.
1355 367 1409 414 <0.
1427 368 1514 413 May
1536 367 1664 414 1519.)

119 470 518 502 REVERENDISSIMO
549 470 727 501 DOMINO
758 471 802 501 D.
828 471 1096 501 GVILHELMO
1127 470 1188 501 DE
1218 471 1348 510 CROY,
1370 471 1624 502 CARDINALI
1656 472 1711 501 ET

347 539 706 570 ARCHIEPISCOPO
737 539 983 578 TOLETANO,
1010 539 1218 569 ERASMVS
1247 539 1345 570 ROT.
1374 540 1406 570 S.
1433 540 1473 573 P.

171 621 539 660 REVERENDISSIME
579 621 631 660 D.
668 634 713 659 ac
751 620 950 670 Princeps
996 620 1293 667 illustrissime,
1334 621 1536 670 proximis
1580 621 1712 660 literis

115 686 280 725 iocabar
311 686 442 724 vereri
480 699 546 725 me
579 699 633 724 ne
663 685 741 724 t-ibi
773 698 1035 736 prouocasses
1066 685 1323 724 Arrhabium
1363 686 1592 724 tibicinem.
1652 687 1712 724 At

117 751 229 790 idem
246 751 377 790 versis
401 765 539 789 rerum
559 751 720 790 vicibus
745 750 790 788 in
816 764 884 789 me
912 751 1104 789 recidisse
1124 751 1312 790 videtur:
1342 751 1442 790 adeo
1463 765 1547 790 non
1575 752 1711 790 solum

119 817 315 856 omnibus
334 817 525 867 quamuis
544 817 726 867 prolixae
745 816 862 855 illius
882 816 1076 866 epistolae
1091 817 1278 866 partibus
1298 817 1532 866 respondes,
1551 831 1712 855 verum-

116 882 241 921 etiam
258 883 418 921 obtorto
435 882 539 921 00110
554 882 598 920 111
613 882 864 921 latissimum
883 881 1191 932 philosophicae
1207 882 1500 931 disputationis
1517 895 1710 932 campum
1731 895 1748 926 5

113 947 258 997 trahis,
289 949 584 998 argumentum
617 960 703 986 non
731 946 857 986 vnius
886 947 1114 996 voluminis
1148 947 1324 986 ordiens.
1385 948 1501 995 Quod
1529 948 1575 985 ni
1603 947 1694 985 mih

116 1015 378 1063 perspectum
409 1015 517 1052 esset
546 1012 764 1062 ingenium
793 1013 841 1051 R.
874 1012 918 1052 T.
952 1013 1000 1051 D.
1032 1012 1083 1051 ad
1112 1013 1253 1051 omnia
1280 1013 1484 1062 versatile,
1516 1013 1695 1052 nonnihi

115 1078 401 1117 addubitarem
416 1091 469 1118 ne
483 1078 563 1116 tibi
577 1078 658 1116 ista
673 1077 870 1116 scribenti
889 1077 1075 1128 sophista
1090 1078 1297 1128 quispiam
1312 1078 1357 1116 in
1373 1078 1545 1117 consilio
1560 1079 1686 1118 fuerit
1704 1093 1712 1127 ;

114 1143 214 1181 adeo
230 1143 429 1193 quaedam
448 1145 533 1182 arte
554 1143 770 1193 detorques
788 1143 952 1193 alioque
968 1157 1092 1192 quam
1108 1143 1219 1182 dicta
1239 1146 1337 1182 sunt
1357 1143 1476 1193 rapis.
1528 1143 1581 1182 In
1601 1157 1711 1194 prae-

115 1208 251 1248 sentia
266 1221 350 1247 non
366 1208 606 1259 congrediar
619 1210 758 1247 tecum
774 1208 885 1247 iusta
899 1208 995 1257 acie,
1011 1208 1081 1246 sed
1099 1208 1240 1258 paucis
1253 1209 1456 1258 attingam
1470 1222 1610 1259 pauca,
1626 1222 1711 1247 non
1730 1221 1742 1243 1
1752 1224 1771 1245 0

112 1273 336 1312 immemor
353 1274 572 1323 epistolam
592 1273 767 1313 scribere
787 1287 865 1313 me.
920 1274 1052 1312 Porro
1073 1275 1236 1324 quando
1257 1274 1421 1313 testaris
1442 1276 1484 1313 te
1505 1277 1711 1325 vtcunque

116 1339 358 1378 disserueris
386 1339 537 1378 sentire
566 1353 743 1385 mecum,
771 1353 855 1377 non
884 1352 1055 1389 possum
1083 1353 1168 1378 non
1197 1342 1237 1378 et
1263 1340 1350 1390 ipse
1377 1342 1515 1378 tecum
1544 1340 1706 1388 sentire,

114 1405 324 1454 vtcunque
362 1404 605 1443 disseruero.
664 1404 733 1444 Sic
765 1405 882 1443 aiunt
915 1407 956 1443 et
991 1404 1291 1455 Peripateticos
1330 1405 1452 1444 rebus
1485 1405 1586 1455 ipsis
1621 1419 1711 1444 con-

113 1469 255 1507 uenire
285 1483 379 1508 cum
409 1470 570 1520 Stoicis,
599 1469 740 1509 verbis
769 1470 972 1508 duntaxat
1000 1484 1044 1509 ac
1075 1470 1233 1509 ratione
1260 1470 1540 1521 praecipiendi
1568 1471 1711 1510 discre-

113 1547 218 1584 pare.
280 1535 409 1574 Porro
438 1549 534 1574 cum
566 1536 678 1574 idem
711 1535 895 1584 doceant,
928 1538 1069 1574 tamen
1098 1535 1396 1586 Peripateticos
1430 1536 1506 1574 1100
1540 1536 1710 1574 nomine
1731 1550 1769 1581 15

118 1600 301 1649 praefero
327 1599 488 1649 Stoicis,
512 1601 623 1651 quod
648 1600 713 1639 illi
737 1601 956 1651 paradoxis
974 1603 1150 1640 vtantur
1178 1602 1363 1640 multum
1390 1600 1711 1640 abhorrentibus

113 1678 137 1704 a
155 1665 241 1705 vita
260 1678 463 1716 sensuque
489 1666 728 1714 communi;
761 1666 807 1704 hi
825 1666 957 1705 veluti
983 1666 1209 1705 demittant
1234 1680 1322 1705 sese
1348 1666 1483 1716 magis
1510 1667 1560 1704 ad
1586 1680 1712 1717 popu-

113 1730 242 1770 larem
262 1733 440 1782 captum,
463 1745 548 1770 non
567 1731 649 1770 alio
669 1733 810 1770 tamen
833 1734 1069 1781 spectantes
1088 1745 1213 1782 quam
1234 1734 1423 1781 spectant
1442 1731 1582 1771 Stoici.
1643 1732 1709 1770 Sic

114 1796 235 1835 Plato
250 1797 341 1835 vult
360 1810 484 1836 suum
504 1797 734 1847 sapientem
752 1798 803 1837 ab
822 1797 895 1836 illa
910 1797 1092 1836 mirabili
1108 1798 1197 1836 luce
1212 1811 1351 1835 rerum
1368 1811 1472 1846 quae
1487 1810 1582 1835 vere
1597 1800 1706 1845 sunt,

111 1862 161 1900 ad
181 1862 350 1901 vmbras
367 1863 485 1912 vulgi
510 1862 766 1910 descendere,
792 1876 872 1913 quo
892 1863 1027 1913 magis
1053 1864 1247 1912 prodesse
1275 1863 1428 1912 possit:
1459 1863 1516 1900 sic
1545 1864 1710 1901 aeterna
1732 1875 1771 1897 20

111 1927 313 1977 sapientia
332 1927 454 1967 nobis
467 1928 621 1978 vbique
639 1928 722 1966 fere
740 1928 934 1966 balbutit.
991 1928 1075 1966 Nec
1095 1928 1187 1966 ideo
1205 1928 1399 1977 protinus
1419 1928 1627 1977 optimum
1648 1929 1711 1966 est

112 1992 306 2043 quicquid
328 1993 498 2031 infimae
516 1993 593 2031 feci
614 1992 728 2042 vulgi
752 1993 934 2031 maxime
953 1993 1108 2042 placet:
1138 1993 1218 2030 11110
1245 1993 1358 2030 0111111
1386 1992 1615 2042 detorques,
1638 1993 1708 2031 sed

112 2057 293 2096 violente
311 2058 450 2097 verius
471 2071 595 2108 quam
615 2058 809 2108 apposite.
860 2059 992 2107 Quem
1011 2060 1149 2097 autem
1170 2058 1361 2107 mouerit,
1380 2057 1416 2095 si
1432 2057 1523 2108 quis
1545 2057 1708 2096 Stoicus

116 2122 302 2161 clamitet
316 2136 501 2173 regnum,
521 2136 628 2172 opes,
646 2137 888 2174 prosperam
907 2123 1191 2162 valetudinem
1206 2122 1324 2161 nullo
1338 2126 1456 2172 pacto
1472 2123 1580 2161 bona
1594 2125 1708 2162 esse?

116 2201 260 2227 rursus
284 2188 542 2237 seruitutem,
566 2190 861 2238 paupertatem,
886 2189 1088 2237 morbum,
1114 2190 1381 2235 senectutem,
1400 2190 1579 2226 mortem
1598 2188 1708 2226 nihil
1730 2203 1743 2223 2
1751 2202 1767 2233 5

115 2267 203 2292 esse
222 2253 355 2292 mali?
379 2267 522 2292 omnes
541 2253 754 2292 felicitatis
780 2267 974 2292 numeros
1000 2255 1215 2292 conclusos
1237 2253 1282 2291 in
1301 2253 1449 2291 habitu
1469 2253 1607 2291 nescio
1628 2267 1708 2303 quo

113 2318 362 2369 sapientiae?
400 2318 514 2357 Haec
529 2320 637 2356 certe
652 2318 804 2369 frigent
818 2321 857 2357 et
869 2320 976 2369 apud
991 2319 1183 2368 eruditos,
1199 2319 1308 2368 apud
1321 2319 1472 2368 vulgus
1486 2318 1707 2356 hominum

114 2384 239 2422 etiam
258 2383 434 2422 ridicula
452 2385 561 2422 sunt.
622 2385 680 2422 At
700 2384 736 2422 si
756 2384 849 2434 quis
875 2386 995 2434 neget
1016 2384 1115 2423 haec
1135 2384 1255 2422 anxie
1276 2383 1444 2433 quidem
1465 2384 1704 2433 expetenda,

116 2462 261 2488 verum
293 2448 329 2486 si
362 2449 466 2487 forte
497 2448 734 2498 obtigerint,
755 2450 956 2488 vertenda
978 2463 1067 2488 esse
1097 2449 1143 2487 in
1175 2448 1392 2487 materiam
1425 2461 1708 2498 organumque

115 2514 294 2561 virtutis,
318 2513 444 2552 huius
464 2514 594 2552 oratio
620 2514 861 2564 placabilius
888 2514 1108 2553 descendet
1129 2514 1173 2552 in
1201 2526 1319 2552 aures
1344 2513 1598 2563 animosque,
1623 2527 1706 2551 non
1726 2527 1766 2556 30

114 2579 247 2618 dicam
277 2579 508 2627 cerdonum,
533 2580 750 2627 sartorum,
773 2579 1080 2627 culinariorum,
1103 2592 1205 2630 quos
1233 2581 1279 2617 tu
1306 2591 1613 2627 commemoras,
1637 2580 1705 2617 sed

114 2643 447 2694 magistratuum,
475 2644 724 2694 principum,
748 2645 1041 2695 episcoporum,
1066 2645 1215 2684 addam
1244 2644 1369 2682 etiam
1399 2643 1709 2693 theologorum:

113 2722 212 2748 nam
231 2708 308 2747 hac
334 2708 379 2747 in
404 2722 448 2746 re
474 2722 549 2747 nec
568 2708 790 2748 Latomum
814 2723 838 2748 a
860 2723 926 2748 me
953 2710 1237 2748 dissensui-um
1257 2709 1413 2759 opinor,
1438 2709 1707 2759 quantumuis

112 2775 157 2812 in
190 2774 360 2823 negocio
390 2774 628 2824 linguarum
661 2775 882 2814 dissentire
915 2777 1096 2826 putatur.
1156 2775 1300 2824 Neque
1333 2777 1473 2812 tamen
1508 2774 1705 2813 continuo

156 2900 220 2922 rt'r.
246 2900 291 2921 DE
306 2899 393 2921 CROY
409 2893 439 2921 Ε
454 2901 461 2920 :
484 2899 585 2920 onom
600 2892 642 2922 H.
771 2900 796 2922 1.
816 2890 1124 2922 Reuerendissime
1142 2891 1183 2921 D.
1202 2892 1231 2920 E
1245 2902 1252 2921 ι
1277 2890 1485 2921 Reuerende
1501 2890 1644 2929 praesul
1662 2894 1704 2924 H.

115 2945 144 2974 7.
170 2935 210 2965 R.
228 2934 265 2965 T.
283 2934 324 2965 D.
343 2936 396 2964 E:
419 2935 524 2964 tuum
540 2935 583 2964 H.

247 3042 296 3072 19.
319 3032 436 3074 Plato]
453 3035 530 3070 Rep.
546 3042 618 3072 519.
917 3043 968 3072 33.
997 3032 1200 3074 Latomum]
1218 3033 1270 3063 Cf.
1290 3032 1352 3072 Ep.
1371 3042 1446 3072 934.
1465 3042 1484 3072 3
1497 3043 1558 3065 nn.
