2034 3433
355 151 436 193 490
820 155 1068 193 LETTERS
1105 155 1174 193 or
1212 155 1478 195 ERAsMUs
1813 154 1939 210 [1519

273 270 335 301 350
355 256 673 294 mansuetudine
710 256 863 294 mederi
900 255 1144 295 vulneribus
1182 257 1424 296 nocentium
1462 269 1556 306 sepe
1596 256 1745 296 lacerat
1783 259 1938 298 famam

353 320 636 367 innocentum,
674 320 759 358 imo
789 320 898 370 quod
931 323 994 359 est
1026 321 1187 360 foedius
1219 322 1322 360 bene
1352 322 1614 361 merentium.
1675 321 1787 361 Haec
1819 324 1941 363 nobis

352 385 440 423 vice
461 385 534 423 teli
553 387 627 433 est,
651 398 733 434 quo
754 385 1012 424 confodimus
1032 386 1067 424 si
1086 387 1179 436 quis
1197 400 1273 425 nos
1294 387 1486 436 offendat,
1508 387 1592 426 imo
1613 387 1649 425 si
1668 400 1744 425 nec
1763 388 1938 428 offendat

352 450 421 488 sed
452 450 581 488 officio
609 452 814 499 prouocet.
874 451 997 489 Dicas
1024 451 1225 490 medicam
1252 452 1370 490 illam
1395 452 1583 502 linguam
1606 465 1767 490 versam
1793 453 1838 490 in
1862 453 1939 492 lin-

351 527 473 563 guam
511 514 684 564 viperae.
761 515 871 564 Quin
908 516 1046 565 potius
1083 516 1305 555 Paulinam
1342 517 1558 556 imitamur
1594 516 1794 567 linguam,
1835 531 1936 567 quae

270 594 330 624 355
350 580 510 627 praeter
528 580 755 618 Dominum
778 580 920 619 Iesum
940 581 1047 619 nihil
1066 595 1210 620 sonare
1230 584 1399 631 potest?
1455 582 1563 631 Quin
1587 582 1725 632 potius
1750 582 1938 621 memini-

351 656 444 681 mus
462 644 782 693 praedicatorem
802 645 994 695 angelum
1015 659 1102 685 esse
1122 647 1304 694 Domini,
1326 661 1347 685 e
1370 647 1487 686 cuius
1508 661 1575 686 ore
1597 647 1775 697 populus
1802 646 1937 698 legem

351 711 536 758 expectat
552 710 639 758 Dei,
656 723 740 748 non
758 710 942 749 conuicia
956 711 998 749 in
1016 712 1203 751 membra
1218 712 1373 751 Christi
1390 727 1398 760 3
1419 712 1728 762 plurimumque
1743 713 1938 751 interesse

350 774 458 811 inter
472 774 786 825 hierophantam
802 777 842 814 et
857 776 1167 826 sycophantam,
1185 777 1293 816 inter
1306 777 1546 826 theologum
1562 780 1602 816 et
1618 777 1934 827 spermologum,

350 838 456 876 inter
476 840 687 878 doctorem
706 842 747 878 et
767 840 988 879 delatorem
1001 842 1022 879 ‘?
1063 841 1145 880 Hic
1161 843 1460 893 Episcoporum
1475 844 1608 892 partes
1623 843 1934 892 desyderantur,

270 911 331 951 360
350 916 527 952 quorum
554 907 616 943 est
642 919 784 944 curare
808 919 860 944 ne
886 906 1042 956 passim
1066 907 1199 946 cuiuis
1223 908 1343 946 detur
1367 908 1480 947 locus
1500 907 1606 957 apud
1626 907 1826 957 populum
1847 920 1937 945 con-

348 968 549 1008 cionandi.
598 971 682 1009 Nec
701 971 802 1010 satis
821 984 908 1009 esse
927 971 1141 1011 credamus
1161 973 1210 1012 ad
1231 986 1384 1012 munus
1398 973 1686 1023 Apostolicum
1701 972 1936 1011 obeundum

347 1037 504 1083 gestare
524 1036 737 1075 cucullam.
800 1036 893 1075 Non
913 1050 1058 1076 omnes
1078 1038 1150 1088 qui
1168 1038 1355 1088 linguam
1376 1038 1540 1086 habent,
1564 1051 1631 1077 cor
1651 1037 1816 1076 habent.

401 1099 480 1138 Sed
502 1100 566 1139 his
586 1102 633 1140 de
656 1102 779 1140 rebus
803 1101 906 1140 alias
932 1103 1103 1142 fortasse
1129 1104 1386 1142 commodius
1413 1104 1598 1152 dicetur;
1627 1116 1738 1142 nunc
1757 1105 1804 1141 vt
1823 1102 1874 1141 ad
1894 1102 1936 1140 id

347 1166 454 1214 quod
476 1166 519 1204 in
539 1167 732 1206 manibus
751 1169 846 1215 erat,
871 1168 1045 1208 redeam.
1105 1169 1212 1208 Cum
1232 1169 1390 1208 Paulus
1410 1171 1554 1207 noster
1573 1169 1722 1218 vbique
1741 1168 1856 1207 vafer
1882 1167 1936 1205 sit

268 1239 327 1280 365
348 1242 393 1267 ac
408 1230 605 1280 lubricus,
625 1232 667 1270 in
684 1232 749 1270 his
764 1235 904 1272 tamen
920 1233 1078 1272 duabus
1096 1234 1281 1284 epistolis
1296 1235 1353 1273 sic
1373 1234 1571 1285 polypum
1592 1247 1638 1272 ac
1658 1233 1935 1272 chamaeleon-

346 1296 444 1343 tem,
468 1296 525 1334 sic
552 1297 751 1336 Proteum
777 1311 821 1336 ac
845 1299 1127 1337 Vertumnum
1155 1300 1362 1348 quendam
1392 1300 1487 1349 agit,
1511 1302 1556 1338 vt
1584 1312 1680 1337 cum
1709 1297 1936 1338 Corinthiis

347 1359 567 1411 plusquam
597 1362 762 1401 Graecis
781 1377 914 1413 agens,
938 1364 1239 1414 quodammodo
1270 1365 1390 1404 iuxta
1415 1367 1535 1404 vetus
1557 1364 1826 1415 prouerbium
1845 1364 1937 1414 πρὸς

348 1428 479 1474 Κρῆτα
501 1428 679 1476 κρητίζειν
698 1428 896 1475 videatur,
919 1429 963 1467 in
984 1430 1123 1468 omnia
1143 1444 1186 1468 se
1205 1433 1370 1469 vertens
1392 1444 1471 1480 quo
1493 1430 1586 1469 illos
1605 1430 1871 1480 transfiguret
1890 1429 1935 1467 in

348 1490 563 1530 Christum
582 1506 590 1530 :
629 1494 729 1532 adeo
768 1507 841 1532 ceu
878 1508 951 1544 per
987 1495 1122 1534 varios
1166 1495 1385 1534 labirinthi
1423 1496 1555 1534 flexus
1593 1508 1682 1534 sese
1720 1495 1851 1534 voluit
1889 1507 1935 1534 ac

266 1571 328 1604 370
346 1556 535 1605 reuoluit,
566 1558 741 1596 subinde
766 1559 871 1597 alius
900 1564 1021 1609 atque
1050 1561 1160 1599 alius
1188 1561 1309 1600 nobis
1338 1561 1542 1611 prodiens.
1602 1561 1735 1609 Quam
1760 1559 1933 1610 supplex

346 1633 390 1658 ac
420 1621 599 1661 blandus
626 1622 787 1671 alicubi,
821 1624 1002 1664 obsecrat
1031 1639 1104 1675 per
1131 1626 1495 1664 mansuetudinem
1529 1626 1696 1674 Christi,
1728 1627 1854 1675 rogat,
1887 1626 1933 1662 vt

345 1686 482 1725 ferant
502 1687 729 1727 stulticiam
763 1703 880 1728 suam
913 1690 1230 1741 aliquantisper!
1288 1691 1450 1730 Rursus
1483 1693 1671 1730 austerus
1707 1704 1752 1728 ac
1790 1689 1931 1728 minax

346 1751 507 1799 clamat,
550 1754 620 1791 An
657 1755 987 1803 experimentum
1029 1756 1224 1806 quaeritis
1270 1769 1342 1805 per
1383 1769 1451 1794 me
1496 1755 1704 1806 loquentis
1742 1754 1934 1793 Christi?

344 1817 463 1854 Alibi
490 1831 578 1856 sese
605 1818 799 1858 deiiciens
820 1820 1051 1870 peripsema
1069 1834 1111 1859 se
1125 1824 1256 1869 vocat,
1278 1821 1513 1860 abortiuum
1532 1823 1573 1859 et
1588 1821 1808 1870 indignum
1824 1820 1932 1870 Apo-

265 1895 325 1929 375
343 1882 441 1920 stoli
468 1883 646 1932 nomine,
669 1897 714 1922 ac
744 1898 839 1923 mox
868 1885 1014 1935 ingens
1041 1888 1082 1924 et
1109 1889 1268 1925 erectus
1295 1887 1472 1926 summis
1502 1886 1628 1925 etiam
1651 1886 1866 1936 Apostolis
1889 1898 1932 1924 se

345 1948 520 1996 praefert
535 1963 545 1996 ;
576 1949 642 1986 hic
670 1949 789 1988 humi
817 1951 935 2000 repit,
968 1951 1053 1989 illic
1082 1965 1103 1989 e
1132 1952 1258 1990 tercio
1289 1951 1399 1990 coelo
1429 1952 1547 1990 nobis
1575 1953 1752 2002 apparet.
1812 1950 1932 1989 Nunc

345 2012 552 2051 collaudat
589 2014 900 2054 Corinthiorum
939 2016 1144 2066 pietatem,
1181 2030 1278 2055 mox
1315 2017 1360 2055 in
1398 2016 1503 2055 vicia
1539 2016 1708 2055 illorum
1746 2015 1927 2054 detonat.

346 2078 553 2126 Quaedam
579 2079 715 2129 palam
741 2081 880 2131 exigit,
912 2082 1112 2131 quaedam
1141 2096 1214 2122 ceu
1243 2095 1317 2132 per
1345 2081 1560 2121 cuniculos
1587 2081 1786 2120 insinuat.
1844 2080 1931 2119 Ali-

345 2143 440 2182 cubi
459 2144 675 2194 imperitus
695 2159 885 2185 sermone
901 2147 1008 2185 nihil
1028 2148 1148 2186 nouit
1171 2148 1255 2186 nisi
1281 2147 1435 2196 Iesum,
1459 2149 1500 2185 et
1521 2147 1632 2186 hunc
1657 2146 1900 2185 crucifixum
1919 2161 1933 2194 ·,

264 2216 326 2253 380
344 2209 493 2248 alicubi
522 2210 769 2260 sapientiam
803 2211 987 2261 loquitur
1018 2213 1128 2251 inter
1161 2213 1373 2263 perfectos.
1433 2212 1601 2251 Alicubi
1637 2211 1851 2250 cordatum
1883 2224 1929 2249 ac

343 2274 528 2313 sobrium
548 2277 644 2325 agit,
669 2290 713 2315 ac
740 2290 884 2315 rursus
910 2277 1011 2316 alibi
1036 2278 1165 2317 sumit
1191 2278 1270 2317 sibi
1297 2278 1418 2317 stulti
1443 2290 1668 2327 parumque
1693 2275 1820 2314 sobrii
1844 2289 1930 2326 per·

344 2353 498 2379 sonam.
549 2341 587 2379 N
590 2355 669 2380 unc
688 2355 812 2381 suum
833 2342 896 2380 ius
915 2342 994 2381 sibi
1008 2342 1171 2381 fortiter
1187 2342 1343 2390 asserit,
1361 2355 1458 2381 mox
1473 2341 1559 2380 illis
1572 2340 1722 2380 blande
1737 2341 1924 2380 remittit.

343 2406 406 2444 Ex
424 2406 564 2445 animo
584 2407 768 2457 loquitur
787 2407 950 2456 alicubi,
971 2410 1034 2447 est
1052 2409 1123 2447 vbi
1139 2409 1314 2458 εἷρωνεύει
1329 2423 1337 2447 :
1362 2407 1638 2447 ‘Condonate'
1654 2407 1790 2457 inquit
1808 2406 1929 2444 ‘mihi

341 2472 446 2510 lianc
469 2472 691 2511 iniuriam.'
758 2472 956 2523 Reperias
977 2473 1047 2512 vbi
1070 2474 1150 2512 sibi
1175 2487 1322 2524 parum
1349 2475 1535 2511 constare
1558 2472 1757 2520 videatur,
1780 2471 1838 2510 ita
1863 2472 1928 2510 sui

261 2544 322 2584 385
342 2538 558 2576 dissimilis
576 2540 622 2577 vt
641 2539 821 2577 maxime
841 2541 980 2577 tamen
999 2539 1055 2578 sit
1074 2539 1140 2578 sui
1159 2539 1321 2587 similis,
1348 2539 1407 2577 ita
1425 2538 1666 2576 inconstans
1684 2538 1729 2575 vt
1750 2536 1929 2575 maxime

342 2605 546 2643 constans.
596 2604 812 2654 Nusquam
833 2604 944 2642 enim
963 2618 1049 2643 non
1070 2605 1154 2654 agit
1175 2604 1331 2644 Christi
1352 2604 1592 2654 negocium3
1616 2615 1822 2653 nusquam
1840 2615 1927 2641 non

341 2669 520 2708 consulit
547 2671 680 2719 gregis
703 2670 769 2708 sui
797 2670 1033 2719 commodis,
1057 2671 1131 2709 fidi
1159 2670 1308 2709 medici
1337 2670 1432 2718 ritu,
1456 2670 1622 2708 nullum
1649 2669 1926 2708 remediorum

340 2748 470 2784 genus
489 2748 573 2774 non
593 2735 817 2774 admouens
837 2749 917 2786 quo
936 2736 1159 2786 perfectam
1180 2737 1400 2775 sanitatem
1420 2735 1505 2774 suis
1524 2735 1723 2774 restituat.
1964 2733 1966 2735 ’

395 2800 574 2839 Sudatur
591 2800 642 2838 ab
661 2800 954 2839 eruditissimis
973 2800 1074 2839 viris
1093 2801 1137 2839 in
1151 2801 1403 2851 explicandis
1421 2802 1637 2850 poetarum
1651 2814 1696 2839 ac
1711 2800 1925 2840 rhetorum

262 2881 323 2913 390
342 2864 554 2912 consiliis;
583 2867 625 2903 at
651 2865 696 2903 in
722 2865 798 2903 hoc
818 2865 983 2904 rhetore
1003 2866 1127 2916 longe
1145 2866 1239 2915 plus
1265 2867 1425 2905 sudoris
1451 2867 1524 2913 est,
1551 2867 1596 2904 vt
1622 2864 1929 2915 deprehaendas-

385 2958 457 2995 361.
482 2958 553 2988 Nec
571 2981 579 2989 .
598 2982 605 2989 .
624 2982 632 2990 .
652 2959 725 2997 362.
743 2959 920 2990 cucullam
937 2963 1009 2990 add.
1026 2971 1056 2999 η.
1209 2969 1282 2999 375.
1307 2970 1343 2991 se
1359 2971 1379 2990 α
1395 2971 1403 2990 :
1426 2970 1499 2991 sese
1515 2962 1541 2991 θ.
1691 2961 1764 2999 380.
1791 2958 1921 2990 alicubi

341 3011 360 3029 α
376 3011 383 3029 z
406 3000 517 3031 aliubi
534 3012 552 3039 η
568 3012 575 3031 :
597 3001 685 3032 alibi
700 3003 728 3033 θ.
861 3003 934 3041 383.
962 3003 1081 3042 inquit
1097 3005 1170 3034 add.
1190 3014 1220 3041 η.
