2034 3433
133 145 228 200 9ος]
611 147 681 186 ΤΟ
719 147 875 186 PAUL
914 146 1240 186 BOMBASIUS
1646 149 1726 188 447

132 253 314 290 occurrat
343 250 521 290 formula
549 250 724 289 subinde
748 264 856 289 noua
880 264 960 300 qua
982 251 1023 289 id
1044 250 1202 290 faciam.
1263 251 1552 290 Reuerendiss.
1575 252 1623 290 D.
1648 265 1727 292 car-

131 316 260 355 dinali
279 315 318 354 S.
339 330 374 363 4.
391 315 467 354 hoc
486 314 621 365 magis
640 315 781 362 debeo,
795 328 874 365 quo
890 315 1031 353 minus
1052 315 1272 365 quicquam
1288 316 1338 355 de
1353 315 1469 355 illius
1483 316 1727 355 celsitudine

132 394 225 420 sum
269 380 534 431 promeritus.
601 380 650 419 R.
705 379 753 418 D.
803 371 990 418 Marinus
1038 380 1277 428 Caracciola,
1323 381 1573 431 apostolicus
1618 382 1726 431 apud
1746 395 1762 426 5

132 447 347 485 Caesarem
387 445 558 496 legatus,
600 459 688 483 rem
726 457 890 484 summa
927 444 1142 494 diligentia
1180 446 1351 486 curauit.
1392 446 1563 486 adiectis
1600 447 1727 486 etiam

131 511 428 550 amantissimis
457 511 544 550 suis
570 510 621 549 ad
650 523 717 548 me
744 509 892 548 literis.
950 509 1075 548 Prius
1105 511 1314 561 exemplar
1339 512 1468 566 miror
1488 513 1580 561 quis
1605 512 1726 550 inter-

132 576 312 626 ceperit;
341 588 440 614 nam
468 575 707 614 huiusmodi
737 575 951 613 literarum
981 588 1112 624 genus
1141 589 1225 613 non
1252 576 1368 614 video
1394 576 1461 615 cui
1483 576 1612 627 possit
1639 590 1727 616 esse

132 640 225 679 vsui
242 642 402 690 praeter
421 653 515 678 eum
538 639 604 678 cui
627 639 877 678 mittuntur:
905 652 1019 678 secus
1045 642 1153 678 esset
1180 640 1216 678 si
1246 641 1294 679 de
1325 641 1463 690 opimo
1492 642 1727 692 episcopatu

131 708 202 744 aut
221 705 376 755 alioqui
400 704 616 754 splendido
641 704 866 743 sacerdotio
888 706 1086 754 ageretur.
1146 705 1371 744 Molestum
1394 708 1457 745 est
1475 707 1615 745 animo
1634 721 1728 747 meo
1749 721 1786 742 10

132 771 238 820 quod
259 769 571 819 occupatissimo
597 769 676 808 tibi
697 771 864 808 tantum
891 769 1048 808 accedit
1075 782 1098 807 a
1124 782 1191 808 me
1217 771 1456 818 molestiae3
1485 772 1555 810 sed
1586 774 1728 811 tamen

132 835 336 884 voluptati
373 837 435 873 est
473 835 581 885 quod
624 834 691 873 his
733 833 1013 872 occasionibus
1058 834 1190 873 animi
1229 835 1291 873 tui
1328 836 1557 886 synceritas
1593 837 1727 876 indies

133 899 238 937 mihi
265 899 314 938 fit
339 899 600 949 exploratior.
661 899 832 938 Vtinam
856 899 954 938 haec
983 901 1124 938 nostra
1150 900 1262 949 regio
1290 900 1355 938 vel
1378 913 1528 950 paucos
1556 901 1727 941 haberet

134 964 399 1004 Bombasios!
448 965 550 1014 Quis
579 978 763 1015 vnquam
787 965 998 1014 syncerius
1021 966 1091 1003 aut
1119 966 1377 1004 constantius
1402 967 1568 1015 amauit,
1588 981 1727 1017 quam-

134 1030 198 1068 uis
229 1030 429 1069 eximium
457 1031 649 1078 amicum,
687 1043 810 1080 quam
843 1032 888 1068 tu
923 1043 1037 1068 amas
1070 1030 1293 1069 Erasmum
1332 1031 1470 1081 gratis,
1508 1032 1723 1081 humilem,
1748 1043 1784 1074 15

133 1099 311 1143 tenuem,
335 1095 444 1135 vnde
471 1096 610 1134 nullas
637 1095 761 1134 officii
785 1096 895 1134 vices
923 1108 1087 1145 sperare
1114 1095 1268 1144 possis:
1297 1096 1469 1135 adhaec
1496 1099 1613 1136 tanto
1633 1099 1727 1137 tum

133 1161 332 1199 eruditior
352 1162 442 1199 tum
462 1161 620 1199 felicior
635 1161 656 1199 ‘?

187 1225 281 1264 Non
314 1239 416 1276 queo
449 1226 548 1265 satis
581 1226 806 1264 coniectare
836 1225 928 1276 quis
959 1225 1084 1264 fuerit
1124 1226 1269 1264 Gallus
1304 1226 1376 1265 ille
1415 1240 1539 1277 quem
1577 1228 1725 1266 scribis

132 1291 358 1339 eminuisse,
377 1291 457 1329 nisi
476 1291 580 1330 forte
600 1291 926 1340 Christophorus
945 1293 1008 1330 est
1027 1291 1267 1341 Longolius,
1284 1292 1461 1339 iuuenis,
1476 1294 1522 1330 vt
1541 1306 1591 1331 ex
1610 1293 1726 1332 illius

133 1355 319 1407 intelligo
335 1356 513 1405 scriptis,
531 1370 626 1395 cum
641 1357 691 1395 ad
709 1369 852 1395 omnes
868 1356 996 1394 bonas
1014 1356 1256 1406 disciplinas
1271 1359 1363 1395 tum
1378 1357 1428 1395 ad
1446 1344 1726 1408 eloquentiam
1748 1369 1786 1390 20

134 1423 276 1460 factus.
345 1420 439 1469 Hic,
475 1422 521 1459 ni
551 1421 684 1469 fallor,
720 1435 829 1460 vnus
863 1423 925 1460 est
958 1434 1100 1459 eorum
1137 1423 1207 1471 qui
1242 1435 1339 1460 mox
1378 1422 1541 1460 Erasmi
1573 1435 1727 1462 nomen

133 1486 424 1525 obscurabunt.
482 1487 642 1526 Verum
661 1499 707 1524 ea
727 1499 791 1524 res
811 1486 919 1524 mihi
938 1485 1142 1536 voluptati
1162 1488 1234 1534 est,
1256 1487 1422 1536 quando
1443 1487 1528 1525 mei
1543 1488 1727 1527 nominis

132 1552 285 1590 iactura
303 1551 468 1590 lucrum
486 1554 548 1590 est
569 1551 818 1601 reipublicae
837 1551 1052 1590 literariae.
1111 1551 1306 1589 Demiror
1320 1565 1425 1601 quae
1446 1565 1510 1590 res
1525 1552 1727 1592 Ioannem

133 1617 350 1656 Lascarem
375 1630 398 1655 a
426 1616 591 1656 Rhoma
618 1617 796 1667 potuerit
825 1616 1008 1663 auellere,
1036 1617 1277 1666 praesertim
1307 1617 1442 1656 Leone
1469 1618 1729 1667 praesidente

134 1682 256 1720 rebus
276 1694 322 1721 ac
340 1682 501 1720 studiis.
561 1682 726 1720 Fratres
750 1681 922 1720 Boerios
947 1683 1073 1719 etiam
1101 1684 1224 1731 atque
1242 1682 1368 1720 etiam
1389 1682 1551 1722 iubebis
1570 1683 1728 1723 saluere
1748 1695 1786 1726 25

135 1760 226 1786 meo
246 1747 425 1786 nomine.

188 1813 377 1863 Epistola
409 1814 481 1851 tua
512 1825 599 1850 non
631 1811 803 1850 offendit
836 1825 902 1851 me
936 1812 1134 1860 Basileae,
1170 1826 1245 1851 nec
1279 1813 1321 1851 id
1355 1814 1557 1863 temporis
1588 1814 1727 1853 aderat

135 1879 180 1917 R.
201 1878 248 1916 P.
270 1878 481 1916 Antonius
500 1877 688 1925 Puccius‚
711 1877 867 1916 summi
891 1877 1108 1916 Pontificis
1130 1878 1318 1927 legatus:
1347 1879 1485 1916 tamen
1513 1879 1588 1917 hac
1613 1879 1662 1917 de
1686 1892 1729 1918 re

136 1936 379 1993 scripseram
406 1944 457 1981 ad
486 1942 609 1981 illum
641 1946 830 1993 agentem
861 1934 1029 1992 Turegii
1044 1957 1054 1990 3
1098 1956 1196 1981 nam
1223 1945 1270 1981 vt
1303 1943 1461 1981 adirem
1499 1943 1725 1992 hominem,

136 2008 485 2059 quemadmodum
522 2010 563 2046 et
601 2008 670 2046 ille
709 2009 974 2047 vehementer
1011 2007 1200 2057 cupiebat
1239 2010 1280 2047 et
1316 2021 1392 2058 ego
1427 2009 1728 2057 propemodum
1747 2019 1787 2049 30

137 2087 379 2124 receperam,
395 2086 469 2111 nec
484 2074 676 2119 valetudo
692 2073 863 2120 sinebat,
883 2086 986 2122 quae
1000 2074 1275 2112 vectationem
1293 2075 1524 2122 equestrem
1539 2074 1728 2113 nondum

136 2139 376 2190 patiebatur,
410 2152 484 2176 nec
516 2138 805 2188 occupationes
838 2138 1056 2177 literariae.
1128 2138 1412 2188 Nauigatione,
1443 2138 1608 2176 tametsi
1641 2152 1729 2178 non

137 2204 267 2243 caruit
287 2204 374 2241 suis
393 2203 606 2251 molestiis,
628 2204 769 2242 tamen
783 2202 986 2252 paulatim
1000 2203 1134 2241 factus
1148 2216 1242 2241 sum
1257 2202 1552 2242 confirmatior.
1602 2205 1727 2253 Apud

137 2269 415 2308 clarissimum
445 2268 737 2307 Hermannum
765 2268 959 2306 comitem
987 2281 1009 2305 a
1039 2268 1158 2306 Noua
1187 2267 1336 2317 aquila,
1359 2281 1455 2306 cum
1483 2268 1572 2306 dies
1598 2268 1728 2307 ferme

139 2335 319 2385 quinque
339 2333 584 2372 suauissima
603 2333 810 2380 vixissem,
834 2334 934 2371 adeo
956 2333 1060 2370 mihi
1078 2332 1215 2382 placui
1234 2336 1281 2372 vt
1301 2332 1408 2370 mihi
1427 2332 1549 2382 plane
1568 2333 1730 2382 viderer
1749 2343 1787 2374 35

138 2401 320 2439 renatus.
379 2398 459 2437 Sed
488 2412 586 2437 mox
614 2399 659 2436 in
682 2411 877 2448 praesens
901 2398 1077 2436 exitium
1105 2397 1315 2436 coniectus
1339 2410 1444 2444 sum,
1470 2397 1574 2436 adeo
1591 2400 1637 2436 vt
1656 2398 1763 2437 vix*

182 2534 212 2562 3.
239 2523 483 2554 Reuerendiss.
501 2523 543 2554 D.
561 2525 610 2553 E:
634 2523 674 2553 R.
693 2523 734 2553 D.
754 2526 798 2553 F:
824 2533 881 2554 om.
900 2524 942 2554 Η.
1044 2532 1074 2561 5.
1099 2523 1138 2553 R.
1160 2523 1202 2554 D.
1219 2532 1280 2553 om.
1297 2524 1338 2551 H.
1441 2530 1487 2552 11.
1517 2521 1581 2552 tibi
1598 2524 1673 2552 add.
1691 2526 1727 2554 F.

139 2579 159 2598 a
173 2570 202 2597 Ε
215 2579 222 2598 :
239 2577 282 2597 ex
292 2569 333 2598 H.
369 2569 491 2598 tamen
504 2571 551 2598 F:
568 2568 714 2598 tantum
726 2569 763 2596 E.
847 2567 899 2598 28.
916 2566 955 2597 R.
969 2566 1004 2597 P.
1018 2576 1078 2596 om.
1091 2569 1132 2596 H.
1217 2575 1269 2604 34.
1290 2564 1363 2596 EN²
1379 2576 1386 2595 :
1403 2564 1630 2595 Hermanum
1644 2564 1690 2594 N1
1702 2565 1725 2596 ³.

183 2700 214 2726 4.
237 2687 493 2730 S(anctorum>
508 2687 557 2728 4.]
575 2688 615 2719 L.
633 2688 747 2719 Pucci.
1011 2697 1062 2718 21.
1089 2687 1226 2717 Erasmi
1243 2685 1391 2727 nomen]
1409 2686 1460 2717 Cf.
1483 2686 1545 2725 Ep.
1564 2695 1640 2724 903.
1664 2695 1713 2716 11.

188 2742 238 2771 19.
263 2730 471 2771 Longolius]
495 2731 552 2762 He
576 2740 650 2761 was
680 2731 720 2761 in
744 2731 842 2771 Italy
864 2732 901 2761 at
1011 2731 1061 2761 28.
1086 2730 1152 2760 hac
1168 2730 1212 2760 de
1228 2729 1281 2770 re]
1299 2731 1420 2761 About
1433 2728 1649 2768 forwarding
1666 2729 1728 2759 the

143 2776 203 2806 the
219 2775 330 2813 time3
351 2774 416 2805 but
426 2775 603 2805 Erasmus⁷
615 2774 816 2814 conjecture
828 2784 901 2805 was
967 2773 1071 2804 Brief
1085 2775 1124 2804 in
1148 2783 1225 2804 case
1249 2773 1461 2804 Bombasius
1484 2772 1615 2802 should
1639 2772 1729 2803 have

142 2819 242 2858 quite
258 2817 423 2849 baseless.
967 2816 1127 2847 directed
1144 2817 1171 2847 it
1188 2818 1224 2846 to
1240 2816 1340 2855 him;
1363 2816 1405 2846 cf.
1425 2816 1489 2855 Ep.
1507 2816 1580 2854 865.
1599 2815 1698 2854 65-8.
1720 2847 1728 2850 ⁷

186 2872 239 2893 20.
262 2860 420 2902 scriptis]
445 2860 645 2901 Longolius'
661 2861 902 2901 publications
1010 2870 1063 2899 31.
1089 2859 1271 2900 valetudo]
1288 2859 1339 2891 Cf.
1354 2859 1418 2899 Ep.
1436 2861 1511 2897 844.
1528 2868 1592 2898 293
1603 2868 1638 2889 n.

143 2907 179 2936 at
195 2906 270 2936 this
285 2905 375 2935 time
391 2903 567 2936 consisted
580 2904 619 2935 of
630 2914 650 2935 a
664 2904 733 2935 few
745 2905 901 2936 orations
1010 2913 1061 2942 32.
1088 2902 1339 2943 Nauigatione]
1357 2902 1443 2933 'rhis
1460 2902 1532 2933 and
1547 2902 1726 2933 Erasmus'

143 2949 214 2980 and
231 2958 326 2980 some
342 2949 444 2979 notes
460 2957 506 2979 on
524 2947 632 2988 Pliny
642 2950 682 2979 N.
693 2949 736 2979 H.
750 2959 758 2986 3
781 2949 823 2979 cf.
838 2948 901 2987 Ep.
969 2948 1185 2984 subsequent
1204 2946 1329 2977 illness
1350 2956 1408 2977 are
1425 2944 1616 2977 recounted
1632 2955 1728 2977 more

142 3002 216 3032 935.
236 3001 255 3032 5
269 2991 340 3023 and
356 3001 391 3031 p.
409 3001 482 3030 472.
969 2989 1061 3029 fully
1078 2990 1115 3020 in
1133 2990 1196 3029 Ep.
1216 2989 1289 3028 867.
