2034 3433
269 339 304 370 ¹5

268 661 305 681 20

325 158 402 195 474
796 156 1044 194 LETTERs
1082 157 1154 194 or
1189 147 1455 197 ERAsMUs
1694 208 1697 212 .
1794 157 1919 212 [1519

324 261 369 299 in
388 261 562 299 Erasmo
583 260 677 309 plus
696 259 841 305 carnis,
864 259 982 304 cutis,
1006 259 1165 298 coloris.
1223 260 1277 298 In
1298 260 1371 298 illo
1392 259 1485 309 plus
1506 259 1758 310 diligentiae,
1781 262 1823 300 in
1844 262 1921 301 hoc

323 327 418 376 plus
465 325 690 364 facilitatis.
762 323 916 362 Creber
949 323 1021 362 ille
1054 324 1286 372 sententiis,
1328 325 1396 363 hic
1434 324 1602 364 facetiis.
1665 326 1746 364 Ille
1784 328 1921 366 omnia

323 391 508 438 vtilitati,
532 390 599 428 hic
626 389 857 438 plurimum
887 389 1154 428 delectationi
1184 390 1344 428 tribuit.
1405 391 1572 439 Pugnat
1599 391 1793 430 Budaeus
1813 404 1923 439 cura,

324 456 504 505 ingenio,
544 454 756 505 grauitate,
805 454 1031 503 dignitate:
1080 454 1280 494 Erasmus
1318 459 1415 502 arte,
1458 455 1699 504 subtilitate,
1739 456 1921 505 lenitate,

324 519 581 558 iucunditate
619 519 670 556 ad
707 518 927 557 victoriam
977 520 1201 559 contendit.
1262 520 1390 559 Hunc
1434 533 1572 558 amare
1618 521 1761 570 possis,
1801 521 1924 559 illum

323 584 542 623 admirari:
573 584 670 622 huic
697 584 844 631 fauere,
868 598 1009 633 parere
1036 584 1111 623 illi.
1172 586 1366 624 Profecto
1395 585 1464 624 ille
1490 599 1555 624 me
1575 585 1782 625 violenter
1801 586 1922 636 cogit,

324 649 390 688 hic
423 649 610 688 suauiter
656 649 798 688 allicit.
861 649 985 687 Ducit
1026 651 1130 688 alter
1168 650 1395 697 blanditiis,
1435 651 1542 689 alter
1569 644 1739 690 “viribus
1777 651 1921 698 trahit,

324 714 545 753 verborum
564 714 724 753 delectu
741 714 970 763 religiosus,
986 716 1237 765 proprietate
1253 717 1511 766 perspicuus:
1532 716 1568 755 si
1584 730 1649 755 res
1663 717 1926 756 tralationem

325 781 571 830 expostulat,
609 780 653 818 in
698 781 953 829 metaphoris
990 781 1103 828 felix,
1140 772 1361 820 sententiis
1398 782 1550 831 grauis,
1586 782 1733 832 figuris
1770 782 1924 828 varius,

325 859 491 884 summa
519 846 716 884 orationis
745 847 880 896 specie
914 847 1127 894 honestus,
1151 848 1357 895 sublimis,
1395 861 1578 895 seuerus,
1613 848 1924 898 grandiloquus.

326 911 490 960 Contra,
513 913 714 951 Erasmus
742 915 954 961 venustus,
986 915 1208 961 modestus,
1242 915 1465 964 popularis,
1498 915 1681 962 floridus,
1704 913 1927 952 verborum

269 994 304 1023 25
326 977 582 1027 supellectile
616 978 741 1025 diues,
764 979 1067 1028 compositione
1086 979 1211 1017 simul
1231 979 1460 1029 expeditus,
1489 979 1615 1018 simul
1650 979 1821 1029 nitidus
1850 978 1927 1017 fre-

267 1322 307 1352 30

271 1969 310 1998 40

272 2297 311 2327 45

326 1056 454 1092 quens
475 1043 691 1093 exemplis,
712 1043 866 1082 densus
892 1045 1160 1094 argumentis,
1183 1047 1326 1095 gratus
1345 1045 1513 1084 salibus.
1575 1045 1654 1083 Ille
1675 1045 1720 1083 in
1741 1044 1929 1097 oratione

325 1121 399 1147 sua
437 1110 551 1147 totus
599 1108 770 1158 quidem
807 1123 974 1159 semper
1013 1113 1087 1158 est,
1123 1111 1193 1148 sed
1232 1113 1324 1149 tum
1362 1111 1628 1160 potissimum
1667 1112 1801 1158 tonat,
1835 1111 1927 1148 tum

326 1174 536 1221 fulminat,
589 1187 720 1224 quum
781 1175 950 1213 materia
1012 1178 1249 1226 temporum
1310 1178 1549 1215 nostrorum
1595 1176 1927 1226 obiurgationem

327 1239 537 1278 admittit:
566 1239 633 1278 hic
662 1241 788 1278 etiam
819 1254 949 1290 quum
980 1241 1165 1281 moribus
1191 1241 1427 1294 conuicium
1447 1242 1557 1290 facit,
1582 1241 1714 1291 magis
1733 1241 1930 1280 instituto

325 1317 399 1343 suo
437 1305 592 1343 seruire
625 1307 749 1355 atque
781 1306 917 1345 dolere
952 1307 1133 1355 videtur,
1167 1308 1443 1357 malagmatis,
1479 1306 1685 1356 collyriis,
1708 1306 1856 1345 cerotis
1888 1308 1929 1345 et

327 1370 495 1408 caeteris
542 1371 583 1409 id
637 1384 768 1421 genus
816 1372 1023 1410 leniorum
1071 1373 1471 1412 medicamentorum
1518 1372 1712 1411 remediis
1757 1372 1927 1411 sanitati

327 1436 573 1483 consulens;
623 1439 669 1475 vt
704 1436 775 1475 ille
809 1438 1082 1477 amarulentis
1126 1439 1294 1488 quidem
1334 1438 1420 1477 illis
1458 1438 1529 1476 sed
1568 1438 1645 1476 hac
1684 1439 1930 1488 tempestate

329 1501 570 1540 necessariis
611 1503 862 1551 potionibus,
897 1504 1161 1552 sectionibus,
1199 1504 1388 1543 cauteriis
1422 1504 1505 1543 alte
1541 1506 1800 1554 grassantem
1837 1503 1928 1541 vim

328 1566 462 1605 morbi
482 1567 722 1607 insectatur.

382 1632 587 1677 Breuiter,
607 1633 642 1670 si
670 1633 888 1672 historiam
919 1635 1116 1685 scripturi
1143 1635 1243 1683 sint,
1264 1635 1459 1674 Budaeus
1485 1634 1772 1684 Thucydidem
1793 1633 1927 1683 magis

329 1710 453 1746 quam
486 1697 727 1746 Salustium,
750 1699 950 1738 Erasmus
985 1700 1155 1739 Liuium
1181 1714 1306 1750 quam
1334 1699 1596 1739 Herodotum
1623 1700 1823 1738 retulerit.
1885 1698 1929 1737 Si

328 1775 476 1813 poema
508 1765 790 1814 pangendum,
810 1765 877 1803 hic
910 1767 1112 1817 tragicum
1147 1769 1186 1805 et
1225 1766 1439 1805 heroicum
1472 1766 1670 1816 quiddam
1707 1765 1929 1804 verborum

329 1828 714 1879 sententiarumque
742 1831 922 1879 pondere
954 1831 1079 1870 altius
1105 1831 1337 1870 intonabit:
1368 1831 1440 1869 ille
1466 1830 1695 1869 comediam
1714 1829 1929 1876 vrbanius,

328 1892 478 1941 lyricos
511 1894 690 1941 suauius,
720 1894 897 1944 elegiam
934 1897 1104 1935 mollius
1138 1897 1374 1946 inspirabit.
1432 1896 1574 1946 Surgit
1607 1897 1749 1933 tamen
1787 1896 1828 1933 et
1859 1894 1928 1932 hic

331 1971 491 2008 quoque
511 1959 645 1997 alieno
666 1960 848 2009 ingenio,
870 1974 943 1999 suo
963 1975 1060 2000 vero
1080 1964 1167 2000 tam
1193 1961 1427 2010 difficulter,
1450 1974 1576 2011 quam
1602 1960 1674 1999 ille
1695 1972 1922 2010 nunquam,

330 2023 455 2062 etiam
503 2024 537 2063 si
581 2025 695 2074 velit,
737 2039 824 2065 sese
871 2027 1090 2066 demittere
1135 2029 1269 2078 queat.
1341 2027 1513 2076 Alioqui
1556 2025 1789 2076 superiores
1831 2024 1930 2063 illae

330 2089 516 2138 virtutes,
541 2092 586 2128 vt
604 2091 743 2129 neutri
763 2092 927 2140 desunt,
951 2093 1009 2131 sic
1029 2093 1073 2130 in
1100 2092 1231 2131 altero
1250 2093 1383 2142 magis
1402 2093 1556 2142 patent,
1584 2091 1628 2129 in
1649 2091 1777 2130 altero
1796 2090 1931 2140 magis

331 2154 474 2203 latent,
509 2155 657 2194 effectu
697 2170 826 2206 pares,
862 2158 1011 2196 habitu
1047 2158 1299 2205 dissimiles;
1334 2160 1380 2197 vt
1413 2157 1524 2196 haud
1561 2169 1733 2207 prorsus
1768 2156 1928 2195 aberret

331 2220 520 2270 quisquis
567 2221 679 2260 hunc
728 2222 933 2271 concioni,
972 2223 1095 2262 illum
1141 2223 1308 2262 iudiciis
1352 2225 1497 2262 natum
1546 2222 1707 2269 dixerit,
1748 2221 1926 2260 alterum

332 2285 515 2324 Palladis
535 2287 707 2325 numine
728 2288 925 2337 afflatum,
948 2288 1127 2327 alterum
1149 2289 1387 2327 Gratiarum
1406 2289 1531 2327 choro
1551 2287 1764 2337 stipatum.

386 2351 604 2390 Caeterum
625 2354 670 2390 vt
704 2352 918 2403 intelligas
952 2354 1061 2393 nihil
1095 2367 1181 2393 esse
1216 2354 1325 2404 quod
1359 2355 1412 2393 sit
1445 2353 1496 2392 ab
1529 2353 1658 2401 omni,
1678 2356 1726 2392 vt
1758 2352 1830 2392 ille
1856 2352 1927 2400 ait,

333 2418 448 2466 parte
481 2417 659 2466 beatum,
683 2421 754 2458 aut
784 2421 892 2458 certe
921 2421 1029 2470 quod
1059 2421 1249 2459 omnium
1273 2420 1487 2458 stomacho
1513 2421 1615 2459 satis
1636 2419 1768 2469 possit
1785 2418 1927 2466 facere,

333 2484 429 2523 audi
463 2483 562 2533 quid
596 2483 640 2521 in
676 2485 735 2523 eis
768 2486 798 2523 ii
827 2486 1061 2525 desiderant
1083 2487 1155 2537 qui
1185 2500 1226 2525 se
1248 2486 1413 2537 aliquod
1447 2485 1779 2535 operaeprecium
1809 2484 1854 2522 in
1886 2497 1931 2522 re

334 2549 533 2589 litteraria
567 2549 714 2588 fecisse
747 2550 1015 2590 arbitrantur.
1076 2552 1269 2590 Budaeus
1307 2551 1382 2590 hoc
1427 2551 1512 2590 illis
1552 2564 1717 2602 peccare
1748 2550 1926 2597 videtur,

275 2643 288 2673 ζ
334 2615 443 2665 quod
481 2614 587 2652 nihil
620 2618 768 2664 peccet,
799 2616 994 2655 Erasmus
1029 2617 1137 2666 quod
1168 2616 1285 2655 vitiis
1314 2617 1400 2655 suis
1434 2616 1581 2655 faueat.
1638 2615 1768 2654 Illum
1801 2614 1927 2661 enim,

334 2681 436 2718 dum
463 2680 747 2729 scrupulosius
776 2681 914 2719 omnia
942 2681 993 2720 ad
1014 2684 1202 2721 veterum
1231 2695 1422 2721 normam
1447 2681 1590 2732 exigit,
1614 2694 1732 2731 saepe
1751 2679 1930 2719 oblitum

335 2759 478 2784 eorum
512 2746 663 2795 quibus
698 2747 855 2794 scribit,
884 2747 964 2785 sibi
1009 2749 1173 2786 tantum
1211 2749 1253 2785 et
1291 2747 1422 2786 Musis
1461 2760 1630 2794 canere3
1678 2746 1791 2784 hunc
1828 2746 1958 2784 dum'

337 2811 499 2861 ingenio
519 2824 593 2849 suo
613 2811 740 2850 nimis
759 2812 948 2863 indulget
967 2812 1157 2862 nihilque
1175 2814 1294 2863 putat
1313 2826 1400 2851 esse
1421 2814 1509 2852 tam
1523 2812 1695 2862 vulgare
1715 2811 1824 2860 quod
1844 2822 1929 2848 non

380 2906 432 2935 39.
458 2898 581 2938 Surgit
596 2901 625 2929 Ε
640 2909 647 2928 :
671 2898 842 2938 Assurget
858 2901 886 2928 F
901 2910 908 2929 :
932 2899 1096 2939 Assurgit
1113 2899 1160 2930 II.
1250 2909 1303 2937 47.
1329 2900 1493 2930 omnium
1510 2902 1557 2930 F:
1582 2899 1680 2929 omni
1697 2901 1734 2929 E.
1823 2897 1876 2935 48.
1902 2895 1929 2925 ii

338 2942 383 2970 E:
407 2950 465 2972 om.
483 2953 502 2971 a
518 2952 524 2972 τ
550 2942 589 2972 hi
604 2945 644 2973 N.
745 2944 792 2973 F:
818 2942 957 2981 aliquid
974 2945 1014 2973 E.
1833 2957 1836 2961 ·

857 3021 909 3058 46.
933 3019 1012 3061 ille]
1031 3020 1118 3050 Hor.
1136 3022 1164 3050 C.
1183 3030 1211 3050 2.
1234 3021 1282 3050 16.
1301 3021 1385 3059 27‚8.
