2034 3433
98 158 244 225 ‘958]
615 173 770 212 rRoM
809 172 1075 212 WILLIAM
1114 171 1264 212 GRoY
1654 173 1734 213 567

140 278 228 315 tota
256 277 406 316 Latina
433 277 574 325 Roma,
597 278 645 316 vt
672 277 794 324 nosti,
816 277 958 316 mirari
986 290 1028 316 se
1058 277 1160 317 dicit
1189 291 1284 328 opes
1311 291 1335 317 a
1362 277 1510 328 priscis
1536 278 1734 317 Romanis

142 342 250 381 bona
268 355 355 381 esse
375 342 587 392 appellata,
610 355 742 392 quum
769 342 879 380 nihil
905 343 991 381 sint
1017 342 1171 390 minus,
1196 355 1329 393 neque
1355 343 1398 382 id
1423 342 1613 382 vocabuli
1636 343 1734 382 satis

140 420 228 446 esse
247 407 311 446 illi
330 408 389 446 rei
407 409 561 458 aptum.
621 407 750 446 Putas
769 409 816 446 tu
836 408 1050 457 eruginem
1071 408 1277 458 quandam
1295 407 1544 447 vilissimam
1558 408 1626 448 vel
1644 409 1734 447 auri

141 471 208 510 vel
245 472 417 522 argenti,
450 472 577 510 serica
614 471 873 520 vestimenta,
908 472 1059 521 aulaea,
1094 472 1239 510 domos
1274 472 1517 522 magnificas
1553 472 1734 511 multum

141 536 331 576 beatitati
356 537 525 576 addere:
555 536 591 575 si
618 536 716 575 haec
744 550 840 587 ergo
867 550 1080 587 nunquam
1108 537 1318 576 humanus
1344 537 1572 577 inuenisset
1594 537 1729 587 luxus,
1752 552 1791 585 55

140 601 283 641 nullus
311 602 495 640 absolute
522 601 670 641 fuisset
693 602 870 641 beatus?
924 602 1154 641 Existimas
1181 603 1371 651 formam,
1394 603 1436 641 id
1463 605 1526 642 est
1551 603 1732 642 colorem

140 667 346 716 quendam
383 667 526 706 album
563 667 712 706 rubore
746 669 1035 718 temperatum,
1067 680 1116 706 ex
1153 667 1346 706 felicitate
1385 681 1494 707 esse:
1533 667 1730 708 nullusne

140 744 237 781 ergo
269 732 369 771 felix
399 733 636 783 Aethiops?
665 734 773 771 certe
799 732 943 771 nullus
969 734 1108 771 nostra
1135 732 1352 779 sententia,
1375 733 1410 771 si
1436 733 1511 772 hac
1539 747 1589 772 ex
1616 734 1731 784 parte

138 797 382 837 aestimatur
409 798 596 843 felicitas,
617 799 663 837 vt
690 798 895 836 sententia
919 797 1088 836 illorum
1111 797 1254 837 nullus
1280 798 1389 848 apud
1415 811 1519 846 nos;
1548 797 1584 836 si
1609 798 1731 837 modo

139 876 204 901 res
222 863 304 913 ipsi
323 864 465 902 eadem
481 876 561 913 qua
575 876 652 902 nos
666 863 900 902 metiuntur
914 863 1171 913 decempeda,
1185 863 1346 913 vulgari
1365 863 1493 901 nimis
1508 865 1548 901 et
1566 862 1730 902 iudiciis
1747 870 1790 902 60

139 928 286 967 crassis
317 929 567 979 populorum
595 929 912 967 accommodata.
972 928 1029 967 Et
1054 930 1100 967 vt
1126 929 1345 978 loquamur
1373 928 1498 966 etiam
1528 941 1576 967 ex
1606 928 1730 967 sacris

137 993 280 1042 literis,
296 993 646 1044 quemadmodum
659 995 869 1044 vtrunque
883 995 1073 1032 nostrum
1088 993 1215 1041 decet,
1230 1007 1296 1032 me
1308 995 1450 1044 vtpote
1465 993 1727 1043 Episcopum,

137 1061 178 1096 te
215 1061 357 1110 vtpote
395 1060 665 1109 interpretem
702 1061 789 1098 tam
823 1059 1069 1109 diligentem
1102 1060 1142 1097 et
1176 1072 1397 1108 syncerum
1429 1071 1598 1098 earum:
1628 1072 1730 1109 quae

137 1137 274 1174 regna,
298 1137 399 1175 quas
428 1137 525 1174 opes
554 1124 670 1163 addis
699 1124 875 1172 Christo,
898 1126 945 1163 vt
968 1124 1022 1163 sit
1047 1124 1213 1163 futurus
1236 1124 1396 1163 felicior
1425 1136 1550 1174 quam
1575 1124 1656 1163 fuit
1683 1124 1729 1162 in

137 1189 296 1228 mundo
311 1190 332 1228 ⁴?
1746 1196 1786 1239 65

191 1255 271 1294 Sed
305 1255 353 1294 de
385 1255 463 1293 hoc
494 1257 712 1302 taceamus,
740 1255 891 1305 quippe
921 1255 1033 1294 Deus
1064 1254 1151 1304 ipse
1180 1254 1268 1292 Rex
1295 1256 1357 1293 est
1384 1267 1543 1304 regum,
1570 1254 1730 1305 fuitque

137 1332 308 1369 semper,
333 1322 374 1358 et
393 1321 601 1358 Dominus
621 1320 942 1359 dominantium.
1001 1321 1152 1358 Petrus
1172 1321 1279 1358 certe
1303 1320 1502 1369 gloriatur
1525 1334 1567 1359 se
1596 1333 1728 1370 neque

136 1398 285 1424 aurum
303 1385 456 1424 habere
475 1399 609 1436 neque
633 1389 864 1435 argentum.
924 1385 1031 1434 Quid
1051 1385 1149 1435 agis,
1174 1386 1330 1424 Petre‘?
1358 1399 1430 1424 cur
1448 1386 1527 1424 tibi
1546 1386 1728 1425 detrahis

136 1463 221 1489 non
248 1451 403 1489 malam
433 1451 643 1490 felicitatis
672 1453 868 1501 partem?
922 1451 1043 1489 Adde
1070 1450 1204 1490 Paulo
1232 1452 1469 1489 Romanum
1491 1451 1723 1500 imperium,

134 1515 200 1554 illi
227 1517 400 1567 inquam
431 1516 563 1555 Paulo
595 1516 667 1567 qui
698 1529 741 1555 se
770 1516 938 1566 gloriari
965 1516 1022 1554 ait
1051 1516 1097 1554 in
1125 1515 1438 1563 calamitatibus,
1463 1518 1509 1554 vt
1536 1517 1727 1555 homines
1747 1530 1787 1563 70

135 1583 293 1630 vocant,
316 1584 438 1631 atque
459 1582 645 1620 aduersis
657 1594 668 1625 ;
697 1595 750 1621 an
771 1581 942 1620 habebis
962 1581 1198 1629 beatiorem,
1221 1594 1273 1619 an
1293 1581 1500 1626 maiorem,
1522 1594 1574 1619 an
1594 1581 1727 1631 magis

133 1646 425 1686 admirandum
458 1647 638 1686 Paulum
653 1647 689 1685 ‘?.
729 1646 826 1686 Vin'
854 1648 902 1685 tu
929 1646 991 1685 vti
1024 1659 1123 1685 voce
1153 1646 1227 1684 illa
1257 1646 1503 1695 Quintiliani
1529 1647 1654 1686 Caeco
1681 1647 1727 1685 in

133 1712 291 1761 limine,
319 1713 444 1763 ‘quos
465 1713 639 1752 miseros
661 1712 790 1751 fecere
808 1713 986 1751 virtutes
1001 1713 1043 1751 ‘?'
1099 1712 1207 1751 Caue
1232 1712 1392 1750 vocaris
1416 1711 1590 1751 miseros
1617 1712 1723 1761 illos,

134 1791 238 1829 quos
262 1778 511 1828 pronunciat
529 1778 732 1826 Christus,
755 1777 908 1816 veritas
925 1777 1023 1828 ipsa,
1046 1779 1139 1816 tum
1160 1777 1328 1816 demum
1347 1777 1488 1815 beatos
1508 1790 1638 1827 quum
1656 1790 1725 1816 eos

134 1843 291 1882 fuerint
320 1843 514 1882 homines
535 1843 728 1882 insectati
755 1845 925 1893 propter
953 1855 1007 1880 se.
1066 1842 1148 1880 His
1175 1841 1290 1881 volui
1317 1844 1456 1880 tecum
1484 1855 1600 1891 agere
1630 1856 1724 1882 cum
1745 1856 1782 1890 75

134 1909 242 1948 bona
268 1909 391 1947 venia
418 1910 500 1958 tua,
523 1911 572 1949 vt
599 1922 673 1959 ego
702 1921 769 1947 me
797 1909 885 1958 ipse
913 1920 1146 1946 exercerem
1171 1908 1215 1946 in
1242 1907 1318 1945 hoc
1339 1908 1611 1957 argumento3
1640 1921 1724 1946 non

133 1976 275 2013 tamen
298 1974 356 2013 ita
373 1974 577 2024 spaciatus
594 1974 640 2012 in
658 1974 737 2012 hoc
754 1973 844 2012 1000
862 1975 908 2012 vt
928 1972 1190 2012 obliuiscerer
1207 1985 1276 2010 me
1294 1971 1516 2023 epistolam
1535 1971 1721 2011 scribere.

134 2040 197 2078 Tu
216 2041 408 2077 nostrum
433 2040 512 2078 1100
530 2039 902 2077 exercitamentum
921 2037 1110 2076 consules
1128 2037 1237 2076 boni.

188 2104 322 2142 Venio
340 2105 392 2142 ad
412 2104 512 2142 alias
530 2105 670 2154 partes
687 2105 784 2142 tuae
804 2116 928 2153 quam
948 2102 1215 2141 suauissimae
1241 2101 1460 2152 epistolae:
1489 2101 1549 2141 ita
1575 2101 1722 2141 deinde

134 2170 331 2208 admones
350 2182 417 2207 me
437 2169 559 2208 officii
577 2169 661 2208 mei
679 2170 728 2207 tu
747 2168 1059 2218 Peripateticus,
1082 2170 1129 2206 vt
1155 2168 1234 2206 ista
1257 2170 1471 2217 praecepta
1494 2167 1567 2206 vix
1585 2168 1651 2206 vel
1670 2169 1722 2207 ab
1741 2174 1782 2204 80

134 2235 224 2284 ipso
238 2236 407 2284 possent
425 2233 631 2283 expectari
646 2232 798 2272 Cittieo
819 2233 997 2271 Zenone.
1047 2232 1274 2281 Eiusmodi,
1292 2232 1467 2281 obsecro,
1485 2233 1721 2282 frequenter

134 2299 185 2338 ad
206 2312 274 2338 me
292 2299 425 2346 mitte,
439 2301 485 2337 vt
505 2301 545 2337 te
565 2300 827 2349 praeceptore
843 2311 1025 2348 quonam
1044 2299 1166 2336 modo
1185 2311 1252 2336 me
1270 2299 1461 2347 gesturus
1479 2297 1560 2336 sim
1579 2298 1717 2338 sciam.

134 2365 223 2414 Ego
243 2364 369 2411 enim,
392 2364 471 2402 etsi
496 2376 582 2402 non
607 2376 702 2402 sum
728 2376 778 2402 ex
803 2363 938 2413 primo
961 2362 1035 2400 illo
1055 2362 1214 2412 optimo
1232 2375 1378 2412 genere
1397 2362 1628 2410 hominum,
1650 2376 1723 2413 per

180 2488 231 2518 72.
256 2478 365 2509 Caeco
388 2477 428 2507 111
451 2476 579 2507 limine
602 2479 631 2507 F
653 2479 764 2515 θον-119.
783 2487 790 2506 :
821 2476 860 2506 in
884 2475 1019 2515 pariete
1042 2474 1201 2514 palmato
1227 2475 1294 2505 ΕΗ.
1436 2474 1488 2505 81.
1514 2473 1645 2505 Cittieo
1667 2478 1721 2506 H:

135 2522 267 2554 Cittieo
282 2523 358 2551 EF:
381 2520 549 2559 Scythico
564 2522 594 2550 E
611 2522 722 2558 Cot-riq.

177 2637 231 2675 67.
254 2633 395 2673 Petrus]
413 2633 502 2663 Acts
517 2643 547 2672 3.
561 2634 592 2665 6.
1004 2632 1058 2663 81.
1083 2630 1228 2672 Cittieo]
1251 2631 1325 2662 The
1339 2631 1535 2662 correction
1550 2631 1722 2671 proposed

179 2690 230 2719 70.
255 2676 381 2717 Paulo]
398 2676 495 2707 Rom.
514 2686 544 2715 5.
561 2686 592 2715 3.
962 2676 1002 2705 in
1020 2675 1047 2706 E
1065 2674 1202 2706 throws
1218 2675 1311 2715 light
1336 2684 1382 2706 011
1399 2674 1460 2705 the
1479 2674 1668 2705 standards
1687 2675 1725 2706 of

178 2732 229 2762 72.
253 2719 486 2762 Quintiliani]
504 2720 573 2751 His
587 2721 665 2750 Decl.
679 2729 693 2749 1
712 2719 784 2750 and
800 2729 819 2749 2
835 2728 894 2749 are
962 2719 1024 2749 ‘the
1040 2718 1182 2749 editors.

135 2765 287 2797 entitled
301 2768 308 2782 ‘
322 2764 442 2794 Paries
454 2763 630 2802 palmatus
641 2761 648 2775 ’
659 2763 731 2793 and
745 2766 752 2780 ⁴
765 2763 895 2794 Caecus
1007 2762 1058 2801 83.
1086 2761 1230 2802 genere]
1246 2761 1318 2792 The
1335 2760 1513 2791 reference
1530 2761 1560 2791 is
1579 2763 1617 2791 to
1635 2760 1719 2793 Hes.

133 2811 172 2841 in
203 2809 366 2845 limine’,
398 2807 471 2837 and
508 2806 599 2837 have
636 2816 723 2846 very
758 2806 897 2838 similar
965 2807 1019 2843 Op.
1045 2814 1165 2844 293-5,
1189 2804 1323 2844 quoted
1348 2804 1396 2844 by
1422 2804 1532 2834 Arist.
1559 2806 1628 2834 Eth.
1651 2807 1720 2836 Nic.

132 2853 283 2884 themes.
338 2851 412 2881 The
447 2851 634 2889 quotation
666 2849 750 2880 here
781 2859 897 2880 comes
967 2859 993 2879 1.
1008 2859 1038 2887 4.
1056 2858 1084 2887 7.
1124 2848 1224 2887 Croy,
1237 2847 1367 2887 guided
1380 2857 1426 2878 no
1439 2847 1547 2878 doubt
1559 2847 1606 2887 by
1616 2848 1722 2879 Vives

133 2897 226 2927 from
252 2899 268 2933 §
294 2905 308 2925 1
339 2895 377 2925 of
403 2895 467 2926 the
495 2893 623 2931 latter3
656 2902 692 2923 so
723 2893 803 2924 that
833 2893 896 2924 the
965 2891 1004 2932 (l.
1024 2900 1084 2930 114
1100 2891 1173 2922 and
1190 2901 1222 2931 p.
1241 2892 1333 2931 508),
1349 2890 1486 2921 follows
1501 2891 1564 2921 the
1579 2891 1721 2922 version

134 2939 330 2971 correction
357 2938 461 2969 made
486 2937 533 2976 by
559 2936 622 2967 the
649 2936 782 2967 editors
808 2936 846 2966 of
870 2935 897 2966 F
964 2935 1066 2965 made
1088 2935 1136 2974 by
1149 2933 1394 2974 Argyropylus
1411 2934 1490 2973 (Ep.
1505 2934 1578 2973 456.
1597 2935 1719 2975 1o6n.)

134 2984 165 3014 is
180 2991 377 3021 necessary.
964 2979 1003 3009 in
1020 2977 1237 3017 translating
1258 2977 1319 3008 the
1343 2976 1480 3014 Ethics,
1494 2977 1617 3008 rather
1629 2977 1720 3009 than

178 3036 230 3066 74.
258 3024 439 3066 Christus]
456 3024 555 3056 Mate.
572 3032 603 3062 5.
621 3032 670 3062 11,
686 3023 782 3053 Luke
795 3022 825 3052 6.
842 3031 893 3053 22.
965 3022 1040 3053 Nic.
1057 3021 1190 3052 Valla's
1206 3021 1420 3052 translation
1437 3020 1475 3050 of
1488 3021 1632 3053 Hesiod.
