2034 3433
325 185 406 225 562
782 183 1034 223 LETTERS
1073 183 1142 223 OF
1180 183 1446 223 ERASMUS
1789 182 1826 237 [1
1836 197 1857 233 5
1866 198 1881 221 1
1893 198 1914 232 9

325 290 425 320 later.
472 290 545 320 But
567 288 630 319 the
654 286 817 318 mention
842 287 879 317 of
899 286 1067 317 Latomus
1091 287 1131 317 in
1153 286 1215 326 Ep.
1239 296 1314 326 959.
1340 297 1383 326 33
1406 288 1565 326 suggests
1588 286 1669 317 that
1690 285 1753 317 the
1776 290 1914 319 contro—

323 343 428 373 versy
443 333 534 363 with
550 332 628 362 him
645 331 725 372 (Ep.
744 340 819 370 934.
835 340 856 370 3
871 330 924 370 n.)
942 339 1014 361 was
1031 330 1106 360 still
1124 330 1222 361 fresh
1238 332 1278 361 in
1294 330 1473 361 Erasmus'
1490 329 1624 370 mind]

324 415 723 450 REVERENDISSIMO
754 414 935 446 DOMINO
964 415 1007 446 D.
1034 415 1302 446 GVILHELMO
1331 416 1390 446 DE
1421 415 1552 455 CROY,
1577 415 1828 447 CARDINALI
1859 417 1913 447 ΕΤ

550 484 910 516 ARCHIEPISCOPO
941 483 1189 520 TOLETANO,
1217 484 1424 514 ERASMVS
1453 484 1553 517 ROT.
1583 484 1617 516 S.
1641 484 1680 515 P.

376 568 611 616 QVANQVAM
640 580 725 605 non
752 579 920 616 prorsus
947 565 1139 605 abhorret
1164 580 1187 605 a
1210 579 1323 614 vero,
1343 566 1517 605 Praesul
1541 567 1695 617 optime
1721 566 1914 618 idemque

321 633 518 682 Princeps
547 645 643 670 cum
672 631 820 682 primis
848 630 1036 679 illustris,
1069 631 1177 681 quod
1209 631 1311 669 olim
1339 631 1493 681 placuit
1523 632 1645 670 Stoa-e
1671 631 1912 681 cultoribus,

320 697 530 737 felicitatis
563 697 771 736 humanae
801 709 1009 736 summam
1040 695 1086 734 in
1115 696 1264 735 habitu
1294 696 1466 735 virtutis
1495 709 1584 735 esse
1612 696 1748 746 sitam,
1772 699 1916 737 tamen

321 763 690 813 Peripateticorum
741 762 949 802 sententia
1001 761 1108 801 mihi
1154 761 1288 812 magis
1334 761 1500 801 videtur
1552 762 1602 800 ad
1651 775 1915 801 communem

283 843 300 874 5
320 828 542 867 hominum
578 841 749 867 sensum
782 828 936 878 pariter
968 840 1013 866 ac
1047 827 1180 865 vitam
1213 839 1467 877 congruere:
1498 827 1569 877 qui
1603 830 1758 877 negant
1789 828 1914 868 beati-

320 893 478 932 tudinis
497 893 699 932 circulum
719 892 879 932 absolui
897 905 1026 943 posse,
1051 892 1135 931 nisi
1159 893 1244 931 tres
1268 893 1475 931 bonorum
1502 892 1670 931 ordines
1695 893 1806 932 inter
1828 906 1916 932 sese

320 959 579 997 consentiant
598 958 756 1009 sibique
774 958 934 997 mutuis
952 956 1169 1008 praesidiis
1189 959 1230 996 et
1250 957 1516 996 adminiculis
1535 957 1804 998 famulentur.
1862 958 1914 997 In

317 1024 383 1063 his
401 1038 448 1063 ea
467 1037 570 1075 quae
588 1026 787 1063 vocantur
803 1024 946 1072 animi,
961 1025 1008 1063 vt
1023 1022 1191 1062 caeteris
1211 1023 1345 1073 magis
1364 1024 1576 1061 merentur
1594 1023 1914 1073 appellationem

319 1089 520 1129 bonorum
540 1089 850 1140 plurimumque
870 1089 1073 1128 momenti
1093 1088 1287 1127 adferunt
1306 1088 1357 1127 ad
1378 1102 1589 1127 summam
1608 1088 1834 1139 felicitatis,
1858 1089 1915 1128 ita

263 1169 300 1190 10
317 1155 495 1194 maxime
528 1158 668 1194 nostra
696 1168 792 1194 cura
820 1157 1041 1206 nostraque
1069 1156 1269 1204 parantur
1302 1154 1537 1202 industria3
1577 1156 1624 1193 vt
1653 1154 1914 1205 praecipuam

317 1220 586 1259 beatitudinis
605 1221 841 1271 portionem
861 1220 968 1259 nulli
991 1221 1219 1259 secundum
1239 1220 1376 1258 Deum
1395 1219 1528 1270 magis
1547 1220 1770 1259 debeamus
1789 1233 1914 1271 quam

318 1285 446 1335 nobis,
462 1286 497 1325 si
515 1286 614 1336 quid
634 1288 776 1325 tamen
797 1285 995 1325 debemus
1014 1286 1146 1324 nobis.
1193 1285 1320 1324 Porro
1338 1287 1507 1324 naturae
1523 1285 1700 1331 dotibus,
1715 1285 1914 1336 quoniam

317 1352 417 1390 citra
454 1353 638 1390 nostram
672 1352 922 1391 industriam
961 1351 1080 1390 nobis
1113 1365 1186 1390 ceu
1221 1351 1524 1390 dormientibus
1558 1354 1790 1400 occurrunt,
1821 1364 1914 1390 mea

319 1417 523 1456 sententia
554 1430 640 1456 non
670 1419 758 1456 tam
787 1417 896 1456 beati
926 1430 1074 1456 sumus
1102 1430 1227 1468 quam
1257 1417 1472 1466 fortunati,
1496 1417 1597 1456 licet
1623 1417 1723 1456 haec
1752 1430 1914 1467 quoque

261 1497 298 1528 15
321 1495 415 1521 cura
440 1482 659 1533 studioque
682 1482 749 1522 vel
772 1484 992 1522 seruantur
1010 1483 1076 1522 vel
1103 1482 1231 1521 etiam
1250 1484 1463 1532 augentur.
1524 1482 1737 1533 Siquidem
1763 1482 1913 1521 Demo-

319 1548 500 1595 sthenes,
519 1561 613 1587 cum
633 1551 674 1587 et
692 1562 791 1588 voce
811 1550 918 1587 esset
937 1561 1138 1599 perquam
1159 1547 1267 1596 exili,
1291 1547 1438 1586 deinde
1459 1552 1480 1586 †
1495 1547 1723 1597 spiritosus,
1743 1547 1794 1586 ad
1814 1548 1913 1586 haec

318 1612 577 1662 impeditiore
601 1612 769 1662 linguae
795 1626 958 1663 organo,
982 1613 1158 1663 denique
1178 1613 1312 1651 forma
1331 1626 1479 1662 parum
1501 1612 1611 1651 felici
1631 1612 1749 1663 (quae
1774 1626 1840 1652 res
1867 1613 1912 1652 in

318 1682 478 1716 oratore
497 1678 693 1716 nonnihil
706 1678 831 1716 habet
846 1678 1077 1728 momenti),
1093 1681 1232 1716 tamen
1248 1678 1437 1728 improba
1452 1691 1549 1717 cura
1563 1678 1912 1729 meditationeque

318 1742 426 1781 nihil
444 1743 591 1781 harum
611 1744 900 1782 difficultatum
923 1757 1007 1782 non
1030 1743 1154 1782 vicit:
1183 1745 1225 1782 et
1250 1744 1412 1782 Marcus
1439 1743 1604 1782 Tullius
1630 1743 1911 1782 valetudinem

261 1823 300 1845 20
318 1807 470 1858 alioqui
490 1808 750 1847 imbecillem
780 1808 837 1847 sic
866 1810 1004 1847 motus
1031 1821 1077 1847 ac
1104 1809 1240 1848 victus
1264 1808 1541 1847 moderatione
1569 1808 1842 1857 confirmauit,
1865 1812 1912 1848 vt

319 1873 547 1922 quamlibet
561 1873 724 1923 magnis
737 1873 948 1912 laboribus
961 1886 1035 1923 par
1049 1874 1167 1921 esset,
1184 1873 1308 1923 idque
1327 1873 1372 1911 in
1387 1874 1566 1912 multam
1581 1874 1708 1912 etiam
1722 1875 1910 1913 aetatem.

318 1938 447 1977 Porro
477 1938 665 1977 fortunae
698 1939 923 1987 commoda,
946 1951 1049 1989 quae
1082 1939 1198 1977 velut
1229 1951 1382 1988 organa
1411 1941 1509 1977 sunt
1537 1939 1589 1977 ad
1617 1939 1817 1978 virtutem
1845 1939 1911 1978 vel

316 2003 542 2053 parandam
580 2003 647 2042 vel
685 2005 966 2053 exercendam,
1007 2004 1214 2054 plerisque
1262 2017 1350 2042 sero
1389 2005 1648 2054 contingunt.
1710 2004 1820 2043 Nam
1866 2005 1911 2043 in

316 2068 544 2107 honoribus
572 2069 768 2119 parandis
804 2071 876 2108 aut
910 2069 1056 2119 opibus
1087 2072 1158 2108 aut
1190 2069 1301 2109 fama
1334 2069 1617 2121 dignitateque
1650 2069 1797 2109 multis
1824 2071 1912 2109 tota

261 2151 297 2183 25
317 2133 446 2172 ferme
478 2136 587 2172 aetas
625 2133 865 2182 conteritur,
899 2136 945 2173 vt
977 2134 1195 2174 immensis
1226 2148 1271 2173 ac
1306 2135 1481 2174 diutinis
1509 2136 1617 2174 curis
1651 2135 1760 2173 nihil
1796 2134 1910 2173 aliud

317 2199 534 2238 videantur
559 2199 734 2237 assecuti
755 2211 879 2250 quam
899 2201 946 2238 vt
964 2199 1190 2249 locupletes
1209 2202 1280 2238 aut
1300 2200 1522 2250 optimates
1541 2200 1784 2239 moriantur.
1845 2200 1911 2239 Ita

318 2265 366 2303 fit
386 2266 431 2302 vt
451 2278 525 2302 nec
545 2264 626 2314 ipsi
645 2264 730 2303 suis
748 2264 868 2303 bonis
887 2265 1111 2303 admodum
1130 2264 1325 2304 fruantur
1346 2278 1422 2303 nec
1442 2265 1534 2303 aliis
1554 2278 1803 2315 magnopere
1823 2265 1909 2304 sint

316 2329 529 2379 praesidio.

372 2394 459 2443 Quo
479 2408 576 2433 sane
600 2394 767 2433 nomine
789 2395 834 2433 T.
851 2394 897 2433 R.
914 2395 963 2433 D.
986 2395 1096 2433 mihi
1120 2394 1242 2445 longe
1268 2394 1600 2433 fortunatissima
1625 2394 1756 2434 videri
1779 2395 1909 2434 solet:

259 2476 298 2506 30
317 2460 384 2498 cui
405 2460 598 2511 quicquid
614 2461 680 2499 vel
700 2474 723 2499 a
742 2462 889 2499 natura
909 2460 997 2498 dari
1016 2460 1085 2500 vel
1105 2473 1128 2498 a
1147 2461 1314 2499 fortuna
1329 2459 1506 2498 conferri
1526 2462 1671 2509 potest,
1687 2460 1908 2510 contigerit

316 2525 438 2573 vltro,
460 2525 679 2575 contigerit
698 2525 866 2574 affatim,
892 2525 1111 2575 contigerit
1136 2527 1309 2573 mature,
1333 2538 1413 2575 quo
1437 2524 1639 2563 nimirum
1660 2527 1701 2563 et
1719 2525 1808 2575 ipse
1825 2526 1909 2564 tuis

316 2590 435 2628 bonis
454 2590 687 2629 diutissime
702 2590 785 2629 frui
800 2590 935 2640 possis
949 2592 990 2629 et
1003 2591 1053 2629 de
1071 2590 1266 2641 plurimis
1281 2603 1406 2640 quam
1421 2590 1576 2640 optime
1594 2590 1751 2628 mereri.
1798 2590 1908 2629 Nam

316 2658 478 2705 praeter
503 2655 662 2705 ingenii
686 2655 933 2702 felicitatem,
956 2657 1117 2706 praeter
1141 2668 1288 2705 corpus
1315 2654 1365 2693 ad
1391 2668 1558 2694 omnem
1587 2655 1756 2695 virtutis
1783 2668 1906 2693 vsum

318 2720 652 2771 functionemque
680 2720 804 2770 probe
833 2720 1044 2770 sculptum
1071 2722 1111 2759 et
1137 2719 1439 2767 concinnatum,
1466 2722 1631 2759 tantum
1660 2719 1903 2766 autoritatis,
1924 2735 1927 2738 ⁴

261 2801 299 2833 35
318 2786 480 2823 tantum
500 2784 728 2835 dignitatis,
744 2786 909 2824 tantum
929 2798 1054 2836 opum
1074 2784 1172 2823 hinc
1191 2785 1346 2823 summi
1366 2785 1581 2824 Pontificis
1600 2784 1908 2835 indulgentissi-

318 2863 410 2888 mus
446 2850 571 2898 fauor,
599 2850 697 2889 hinc
730 2849 949 2888 clarissimi
982 2850 1188 2900 Principis
1223 2849 1388 2898 Ciuerii,
1414 2851 1553 2900 patrui
1583 2851 1655 2899 tui,
1683 2851 1906 2901 plusquam

360 2933 421 2955 τιΤ.
439 2934 482 2955 ΒΕ
495 2927 621 2956 CROYE
630 2937 636 2955 :
662 2934 763 2956 cnoro
776 2927 818 2955 H.
907 2934 955 2963 13.
981 2926 1173 2956 occurrunt
1186 2927 1214 2955 E
1228 2936 1235 2955 ε
1259 2925 1452 2965 obtingunt
1465 2929 1500 2956 F.
1586 2927 1636 2956 16.
1661 2926 1844 2966 spiritosus
1856 2928 1904 2956 E:

319 2967 334 2996 ‘?
347 2968 473 3005 spiritu
490 2978 610 3007 paruo.
624 2971 661 3000 E.
793 2979 842 3008 29.
866 2968 903 3000 T.
918 2969 957 3000 R.
974 2968 1016 3001 D.
1028 2971 1074 2999 E:
1097 2970 1158 2999 tua
1175 2967 1380 3000 sublimitas
1395 2971 1438 3000 H.

633 3023 684 3080 {6-
711 3041 861 3081 Ciuerii]
886 3042 949 3073 See
966 3041 1054 3082 Epp.
1072 3052 1149 3082 532.
1166 3051 1205 3079 27
1220 3052 1255 3073 n.
1273 3042 1344 3073 and
1360 3044 1423 3082 647
1442 3043 1571 3075 int-rod.
