2034 3433
305 121 331 180 s
603 190 608 197 Ι
627 187 630 194 ,
767 142 1018 181 LETTERS
1056 141 1125 180 oF
1163 141 1426 181 ERASMUS
1765 139 1856 195 [151
1869 150 1888 188 7

303 246 570 285 Timebamus
589 260 671 285 non
690 259 838 297 parum
859 259 910 284 ne
930 244 1089 284 coelum
1108 243 1214 283 illud
1234 257 1391 283 nouum
1407 245 1550 284 durius
1567 247 1704 284 tecum
1723 247 1891 284 acturus

302 316 420 352 esset.
481 313 599 362 Quod
628 326 768 351 reuera
796 314 937 350 nostra
961 311 1037 349 tibi
1063 312 1298 359 precaretur
1322 310 1464 360 patria,
1493 311 1529 349 si
1554 311 1749 360 precandi
1776 310 1892 349 locus

247 392 285 414 10
303 382 418 427 esset,
455 393 538 417 non
569 381 616 418 vt
647 379 724 417 tibi
752 378 951 423 inuideat,
984 376 1113 414 immo
1141 379 1188 414 vt
1215 377 1374 414 coelum
1396 378 1584 415 nostrum
1608 376 1890 415 Basileianum

304 445 512 483 reuiseres.
571 444 626 481 Et
652 445 761 481 certe
786 442 892 480 nihil
918 442 1012 491 plus
1037 440 1082 478 in
1101 440 1211 479 votis
1230 441 1351 480 nobis
1374 445 1482 480 esset
1501 455 1626 491 quam
1646 444 1693 480 vt
1711 443 1752 480 te
1773 455 1892 492 saepe

303 512 561 560 praesentem
587 509 763 559 aspicere
790 507 1132 556 dulcissimaeque
1151 508 1193 545 et
1213 506 1380 555 quidem
1406 507 1665 546 doctissimae
1684 509 1779 546 tuae
1798 520 1891 546 con-

304 575 548 613 fabulationi
585 574 785 613 interesse
822 573 972 612 liceret.
1032 574 1133 622 Age,
1168 572 1228 610 mi
1260 573 1442 621 Erasme,
1479 574 1515 612 si
1547 574 1776 613 Basiliense
1813 574 1891 612 tibi

305 640 463 678 coelum
483 639 577 688 plus
602 638 693 676 aliis
719 638 884 686 arridet,
908 637 985 675 sub
1005 638 1149 676 eodem
1174 637 1347 685 habites,
1369 638 1577 678 Basileam
1596 642 1755 690 repetas
1774 653 1784 687 3
1814 652 1892 678 nos

247 713 285 744 ³5
304 707 345 743 et
364 705 505 743 omnia
523 706 666 742 nostra
685 705 757 741 tua
776 704 908 741 erunt.
961 701 1074 741 Haec
1093 702 1346 752 scripsimus,
1371 716 1422 741 ne
1440 704 1504 742 tui
1523 704 1576 742 ab
1595 705 1724 743 oculis
1742 704 1891 743 semoti

303 773 464 820 pectore
500 770 766 807 immemores
793 768 1041 807 videremur.
1100 767 1160 806 De
1196 768 1319 807 rebus
1355 769 1442 808 tuis
1477 769 1700 819 aliquando
1732 771 1783 811 ad
1815 783 1892 809 nos

303 836 435 875 scribe
454 838 494 873 et
513 835 685 873 feliciter
705 834 810 873 vale.

359 901 422 938 Ex
447 900 611 938 ciuitate
636 900 776 938 nostra
799 898 1021 938 Basiliensi
1044 899 1202 939 decima
1222 899 1350 939 tercia
1374 899 1486 949 Iulii,
1509 901 1638 940 Anno
1664 900 1894 939 Christiani

303 968 446 1016 partus
466 979 507 1004 M.
524 980 563 1004 D.
579 978 683 1005 xvn.

704 1133 840 1189 599625
899 1133 934 1173 F
936 1144 1031 1174 ROM
1062 1133 1213 1175 LUCAS
1243 1133 1491 1176 PAHURUS.

349 1239 569 1274 Auctarium
588 1251 624 1284 p.
646 1240 724 1274 182.
1646 1240 1766 1276 Basle.

351 1298 392 1334 F.
412 1310 447 1344 p.
472 1300 559 1344 158:
585 1297 675 1333 HN:
701 1297 815 1333 Lond.
835 1296 888 1332 iii.
909 1308 976 1342 23:
1003 1297 1075 1334 LB.
1095 1307 1173 1344 259.
1574 1309 1614 1343 13
1631 1298 1721 1344 July
1745 1308 1845 1345 1517.

800 1394 1100 1436 [contemporary
1113 1395 1205 1426 with
1222 1395 1284 1436 Ep.
1303 1396 1396 1437 598.]

360 1499 751 1529 PRAECLARISSIMO
792 1499 1109 1529 LITERATIORIS
1152 1499 1284 1530 ORBIS
1323 1499 1538 1530 PRAESIDI
1568 1499 1612 1531 D.
1650 1499 1835 1530 ERASMO

429 1568 749 1608 ROPERODAMO,
779 1568 1090 1599 PRAECEPTORI
1122 1569 1204 1599 SVO
1234 1568 1636 1611 CELEBRATISSIMO,
1668 1569 1702 1600 S.
1723 1569 1767 1600 D.

359 1676 502 1713 EGoNE
527 1675 742 1713 hominem
768 1675 891 1713 illum
916 1675 1326 1725 grammatophorum
1347 1677 1479 1722 tuum,
1502 1675 1681 1714 maxime
1700 1678 1741 1714 et
1761 1676 1895 1716 claris-

305 1741 406 1779 sime
432 1742 669 1790 praeceptor
687 1741 872 1787 Erasme,
896 1740 1034 1778 vacuis
1053 1740 1102 1778 ad
1124 1742 1164 1778 te
1183 1740 1315 1778 redire
1341 1740 1542 1787 manibus,
1565 1743 1611 1778 vt
1628 1740 1765 1780 nullas
1783 1742 1833 1780 ad
1853 1745 1894 1780 te

304 1805 445 1843 literas
460 1794 679 1852 mitterem,
697 1804 834 1843 arduis
849 1804 946 1843 licet
960 1804 1159 1854 principis
1173 1805 1256 1843 mei
1271 1805 1461 1842 detentus
1472 1805 1664 1854 negociis,
1683 1805 1861 1845 sinerem
1874 1808 1896 1846 ⁵?

306 1870 377 1920 qui
402 1869 509 1908 mihi
534 1870 634 1908 adeo
654 1870 892 1919 benignum,
915 1870 1012 1908 adeo
1031 1870 1264 1908 humanum
1283 1872 1325 1908 te
1344 1882 1636 1918 saepenumero
1654 1871 1892 1920 praebuisti.

268 1947 286 1978 5
306 1937 424 1975 Certe
445 1936 655 1986 ingratum
675 1949 850 1986 agerem,
868 1935 904 1973 si
919 1935 1016 1974 haec
1036 1949 1121 1974 non
1141 1937 1225 1974 alta
1241 1937 1380 1973 mente
1400 1935 1672 1983 reconderem,
1690 1936 1727 1975 si
1745 1938 1895 1987 gratias

305 2015 392 2041 non
423 2002 630 2040 referrem.
691 2003 750 2040 At
781 2002 874 2051 quis
902 2015 1021 2051 pares
1054 2003 1211 2050 referet,
1244 2002 1340 2040 licet
1373 2005 1739 2052 quantumcunque
1767 2004 1895 2043 etiam

306 2069 480 2117 gratus?
508 2081 602 2106 cum
627 2069 673 2106 tu
699 2068 756 2106 ita
785 2081 880 2117 erga
908 2081 1053 2106 omnes
1078 2068 1146 2115 sis,
1169 2069 1461 2117 neminemque
1490 2081 1574 2106 non
1599 2067 1809 2108 beneficiis
1837 2083 1896 2108 ac-

305 2134 501 2180 cumules,
533 2135 580 2171 vt
612 2146 687 2171 nec
724 2133 938 2182 sigillatim
976 2146 1049 2171 nec
1086 2133 1287 2183 gregatim
1327 2133 1543 2171 literarum
1579 2135 1783 2172 amatores
1819 2135 1896 2174 tibi

306 2198 405 2236 satis
434 2199 601 2248 dignam
630 2209 872 2247 quocunque
907 2211 1077 2236 munere
1108 2198 1307 2236 talionem
1337 2211 1530 2247 reponere
1560 2198 1734 2247 possint.
1793 2199 1892 2249 Ego,

247 2273 289 2296 10
306 2278 358 2302 ne
383 2277 548 2314 prorsus
573 2263 760 2313 ingratus
786 2263 877 2312 sim,
899 2264 1007 2313 quod
1026 2277 1157 2303 vnum
1180 2277 1349 2314 possum
1372 2264 1485 2313 facio,
1509 2266 1549 2302 et
1569 2265 1632 2303 tui
1651 2265 1895 2304 memoriam

306 2343 601 2378 saepenumero
633 2330 740 2379 apud
770 2329 1000 2379 principem
1037 2343 1179 2368 meum
1211 2329 1378 2368 refrico:
1417 2332 1470 2378 te,
1501 2332 1547 2368 vt
1576 2342 1650 2379 par
1680 2332 1752 2377 est,
1789 2343 1896 2370 com-

306 2395 458 2434 mendo
477 2396 518 2433 et
537 2395 586 2433 ad
608 2396 768 2433 coelum
788 2408 917 2445 vsque
936 2395 1126 2434 laudibus
1142 2396 1248 2434 veho
1263 2412 1271 2445 ;
1302 2409 1402 2446 quas
1420 2395 1491 2434 ille
1510 2395 1771 2445 cupidissime
1790 2397 1896 2437 solet

307 2460 457 2507 audire,
491 2461 530 2497 et
563 2472 866 2509 nonnunquam
896 2459 953 2497 sic
987 2460 1135 2498 addere
1166 2460 1280 2508 meis,
1314 2461 1431 2511 quasi
1463 2460 1644 2510 maligne
1675 2461 1890 2500 laudarim.

308 2526 390 2564 Oro
418 2537 587 2575 superos
609 2526 656 2562 vt
682 2525 726 2562 in
754 2525 910 2564 multos
938 2538 1068 2565 annos
1097 2527 1137 2564 te
1163 2528 1331 2565 seruent
1358 2525 1480 2564 nobis
1506 2539 1554 2565 ac
1582 2527 1701 2566 bonis
1729 2527 1890 2567 studiis.

352 2646 425 2677 598.
450 2647 480 2677 8.
517 2645 610 2676 illud
633 2649 722 2678 MS:
755 2647 851 2677 istud
873 2649 911 2678 D.
1052 2649 1168 2678 tecum
1193 2649 1337 2678 acturus
1361 2649 1567 2680 esset-MS.:
1597 2651 1633 2680 te
1656 2649 1830 2690 acciperet
1852 2654 1891 2682 D.

313 2699 361 2719 ιο.
381 2692 420 2719 vt
432 2692 501 2721 MS.
515 2701 521 2721 :
541 2690 634 2728 quod
645 2693 683 2721 D.
731 2690 842 2720 immo
853 2693 920 2722 MS.
931 2702 939 2721 ε
957 2691 1017 2722 sed
1028 2694 1063 2722 D.
1114 2691 1339 2722 Basilianum
1351 2694 1389 2723 D.
1470 2702 1483 2722 1
1492 2702 1519 2723 1.
1536 2693 1616 2732 plus
1628 2696 1695 2724 MS.
1709 2705 1716 2724 :
1733 2703 1843 2732 aeque
1853 2697 1892 2726 D.

312 2742 359 2763 12.
386 2735 420 2763 et
436 2736 503 2763 MS.
520 2744 527 2763 ε
550 2743 589 2763 ac
605 2736 641 2763 D.
789 2743 837 2771 14.
865 2735 1006 2765 habites
1021 2737 1088 2765 MS.
1105 2746 1112 2765 :
1135 2734 1340 2765 habitemus
1356 2736 1448 2766 tecto
1464 2738 1501 2767 D.
1645 2746 1694 2775 15.
1721 2738 1894 2776 quoniam

307 2780 378 2806 ante
401 2777 443 2807 ab
460 2779 533 2806 add.
551 2779 595 2808 H.
794 2777 867 2808 599.
898 2787 962 2811 Trr.
979 2781 1007 2808 D
1024 2789 1031 2808 :
1053 2787 1158 2808 LVCAs
1173 2787 1342 2808 parvave
1359 2788 1495 2810 musmo
1510 2788 1740 2812 Bormonamo
1755 2790 1781 2813 s.
1798 2790 1832 2813 n.
1849 2783 1894 2814 Η.

307 2828 340 2859 5.
364 2820 515 2859 gratiam
534 2822 573 2851 H.
704 2821 736 2851 6.
760 2830 883 2860 parem
900 2824 946 2854 H.
1075 2822 1105 2852 8.
1130 2821 1344 2861 singillatim
1360 2824 1403 2854 H.

363 2939 439 2970 598.
467 2939 496 2969 8.
531 2937 687 2978 coelum]
721 2939 766 2970 In
796 2939 860 2970 the
891 2940 998 2972 letter
1030 2943 1066 2972 to
1135 2941 1300 2973 Erasmus
1313 2942 1384 2973 had
1398 2942 1580 2974 doubtless
1591 2943 1785 2974 reiterated
1797 2953 1894 2974 some

309 2982 372 3013 the
396 2982 534 3022 Bishop
561 2983 769 3014 mentioned
796 2984 834 3014 in
860 2984 923 3024 Ep.
947 2995 1022 3025 477.
1046 2996 1066 3023 4
1134 2986 1172 3016 of
1182 2985 1243 3016 the
1255 2986 1409 3026 eulogias
1421 2987 1561 3018 uttered
1573 2987 1888 3028 inEp.412.17seq.
