2034 3433
143 147 244 202 806]
604 150 676 189 ΤΟ
712 150 973 190 RICHARD
1013 150 1274 191 SAMPSON
1659 151 1737 190 261

142 253 385 304 praesertim
414 266 511 292 cum
544 266 614 292 eos
646 256 793 293 neuter
825 253 946 293 alteri
975 254 1217 293 conciliarit.
1277 254 1458 292 Proinde
1486 267 1550 292 res
1581 254 1741 294 occulta

145 319 322 369 quadam
342 318 522 357 fatorum
540 318 584 357 vi
602 318 690 368 geri
710 319 889 357 videtur.
937 319 1184 369 Quanquam
1212 321 1254 357 et
1282 319 1438 369 alioqui
1469 319 1742 357 vehementer

145 383 227 422 sim
247 383 515 430 inhumanus,
538 383 583 421 ni
602 385 643 421 te
670 396 766 421 cum
791 383 939 433 primis
963 397 1111 432 amem,
1134 384 1302 434 quicum
1329 383 1436 422 mihi
1459 383 1619 434 pridem
1639 384 1740 422 Can·
1759 396 1777 427 5

145 448 355 498 tabrigiae,
375 461 506 498 nuper
525 448 699 487 Tornaci
720 448 854 487 multo
869 448 1171 487 iucundissima
1186 449 1312 487 fuerit
1328 448 1740 499 consuetudo—quid

146 514 260 552 enim
284 526 374 552 esse
397 514 530 563 potest
549 513 633 551 tuis
653 513 843 552 moribus
861 513 1233 552 1nellitius?-iam
1259 527 1343 552 11011
1366 514 1742 553 inhumanissimus

145 578 268 617 modo
281 578 361 616 sim
374 591 520 617 verum
532 578 658 616 etiam
671 578 987 627 ingratissimus,
1003 578 1085 616 nisi
1099 577 1371 628 Sampsonem
1382 580 1493 617 inter
1504 579 1743 628 praecipuos

145 646 340 693 patronos
358 656 472 682 meos
495 643 788 693 asseripserim,
812 644 882 693 qui
910 657 985 682 nec
1010 645 1175 693 rogatus
1198 657 1382 694 vnquam
1405 657 1480 682 nec
1505 644 1742 694 postulatus

145 709 252 748 mihi
272 722 345 748 nec
366 709 553 759 opinanti
580 722 653 747 nec
677 709 912 758 expectanti
931 708 1206 758 praebendam
1238 709 1544 747 Tornacensem
1569 709 1737 759 pararis.
1762 721 1800 743 10

143 774 253 813 Nam
273 788 353 825 quo
371 774 513 813 minus
531 777 742 813 assecutus
760 775 853 821 sim,
874 787 960 813 non
979 776 1027 812 tu
1043 773 1113 812 sed
1135 786 1226 812 mea
1240 774 1426 812 absentia
1440 774 1520 812 fuit
1539 774 1584 812 in
1604 787 1737 813 causa.

143 838 324 878 Proinde
347 841 446 890 puto
470 852 538 878 me
565 839 697 877 nihilo
722 839 863 878 minus
890 839 934 877 in
964 838 1143 877 solidum
1172 838 1330 887 debere,
1353 839 1462 889 quod
1488 852 1562 889 per
1587 841 1628 877 te
1655 852 1740 878 non

143 905 302 943 steterit
315 918 395 954 quo
410 904 552 943 minus
565 904 809 954 possideam.
843 903 1231 942 Reuerendissimus
1243 904 1474 943 Cardinalis
1487 904 1740 954 perbenigne

144 969 371 1019 pollicetur,
393 982 539 1008 verum
559 970 658 1008 haec
677 971 788 1008 aetas
809 982 894 1007 non
913 970 1100 1007 moratur
1119 968 1254 1007 lentas
1273 982 1376 1018 spes.
1437 969 1613 1008 Etiamsi
1632 969 1740 1008 mihi

144 1035 227 1073 iam
246 1034 422 1084 contigit
441 1034 548 1085 quod
566 1034 664 1072 huic
684 1034 836 1081 animo,
861 1034 970 1084 quod
990 1033 1088 1072 huic
1108 1033 1192 1072 otio
1212 1034 1314 1072 satis
1333 1036 1406 1073 est.
1460 1034 1740 1073 Vehementer
1760 1048 1798 1080 15

143 1099 300 1150 gaudeo
318 1099 438 1138 vobis
456 1099 618 1149 probari
643 1099 931 1148 paraphrasin,
955 1112 1051 1137 cum
1077 1098 1225 1148 primis
1247 1100 1386 1137 autem
1412 1099 1561 1137 Ioanni
1584 1098 1738 1138 Molen-

145 1165 252 1213 dino,
276 1164 438 1203 homini
461 1165 574 1203 naris
599 1167 824 1203 emunctae.
882 1163 964 1202 Ille
989 1163 1068 1202 tibi
1095 1164 1200 1202 meis
1218 1164 1356 1203 verbis
1381 1165 1559 1203 salutem
1579 1178 1738 1203 annun-

142 1230 296 1268 ciarat:
325 1229 368 1268 id
400 1230 522 1269 officii
545 1230 731 1269 vicissim
762 1242 874 1268 nunc
903 1229 968 1267 illi
998 1229 1238 1279 praestabis,
1267 1231 1308 1267 et
1338 1229 1505 1279 quidem
1536 1230 1735 1268 accurate.

199 1295 313 1333 Bene
332 1295 437 1334 vale.
494 1294 682 1334 Louanii.
722 1308 789 1333 AN.
815 1307 1031 1334 M.1>.xvn1.

596 1461 692 1501 807.
754 1459 818 1500 To
850 1459 1036 1500 MARTIN
1072 1459 1279 1502 LYPans.

188 1552 356 1588 Brussels
374 1551 451 1586 MS.
469 1552 620 1596 4850—7,
640 1552 664 1586 f.
686 1561 750 1593 142
768 1554 809 1585 v⁰
825 1551 890 1597 (a).
1406 1548 1631 1594 <Louvain.>

192 1610 381 1647 Deventer
396 1609 473 1644 MS.
491 1620 546 1655 91,
566 1609 591 1643 f.
610 1610 654 1644 88
674 1608 740 1654 (β).
1368 1607 1521 1653 <March
1544 1608 1631 1652 1518
1645 1606 1688 1653 22>

194 1669 233 1704 F.
252 1681 287 1714 p.
311 1670 399 1714 596:
428 1667 519 1703 HN:
545 1667 662 1703 Lond.
680 1667 752 1702 xvi.
771 1677 814 1711 7:
842 1666 915 1701 LB.
933 1668 1013 1710 487.

189 1749 293 1792 [This
308 1749 415 1780 letter
430 1749 495 1780 has
512 1748 575 1779 the
591 1757 688 1779 same
705 1747 929 1786 manuscript
943 1756 1083 1777 sources
1099 1755 1136 1776 as
1157 1745 1220 1785 Ep.
1238 1755 1312 1784 750,
1331 1745 1521 1785 including
1540 1745 1602 1777 the
1622 1745 1740 1777 Codex

145 1793 445 1825 Horawitzianus.
485 1792 532 1823 In
546 1804 566 1822 α
582 1792 735 1831 Lypsius
749 1791 846 1831 gives
862 1790 938 1821 this
953 1792 1140 1829 argument
1154 1800 1162 1819 ε
1186 1790 1194 1806 ⁴
1207 1788 1377 1820 Erasmus
1397 1790 1528 1829 gratias
1550 1790 1660 1820 refert
1676 1799 1740 1828 pro

143 1837 285 1869 xeniolo
301 1847 322 1867 a
336 1837 373 1868 F.
394 1836 551 1868 Maltino
567 1836 675 1866 misso
690 1846 698 1874 ;
715 1845 780 1866 nec
795 1835 861 1865 hoc
877 1834 1081 1871 contentus,
1092 1832 1234 1873 gemino
1248 1842 1398 1863 munere
1414 1833 1567 1870 retaliat,
1581 1834 1740 1872 primum

145 1882 247 1912 suani
264 1881 449 1919 amicoque
466 1879 642 1919 epistolio,
658 1881 737 1910 tum
755 1878 888 1909 deinde
906 1877 1083 1917 singulari
1103 1877 1197 1907 libro
1218 1876 1279 1914 qui
1301 1876 1343 1906 ab
1365 1877 1458 1907 Aldo
1478 1877 1576 1916 typis
1591 1886 1741 1907 excusus

144 1925 306 1955 eiusdem
320 1933 426 1963 opera
441 1923 592 1954 Latinus
607 1922 722 1953 factus
737 1924 802 1961 est,
821 1921 972 1952 adiectis
987 1931 1006 1951 e
1022 1920 1168 1960 regione
1183 1918 1350 1951 Graecis?

190 1967 285 2006 Only
300 1976 321 1997 a
335 1966 551 2006 conjectura]
569 1965 651 1996 date
667 1966 698 1996 is
713 1965 876 2005 possible,
895 1963 1026 1995 within
1039 1964 1101 1995 the
1114 1964 1229 1994 limits
1240 1962 1279 1993 of
1291 1962 1401 1994 Hand
1415 1963 1446 1993 D
1460 1963 1570 2003 (John
1588 1962 1738 2002 Smith),

144 2011 225 2042 who
251 2010 282 2041 is
306 2009 370 2041 the
398 2010 534 2050 copyist
560 2009 601 2039 in
625 2011 658 2044 β.
705 2007 867 2049 Lypsius'
892 2009 1036 2047 present
1061 2017 1134 2038 was
1157 2007 1308 2046 perhaps
1334 2007 1509 2037 intended
1531 2007 1585 2038 for
1608 2017 1670 2037 use
1694 2015 1740 2036 011

144 2053 326 2086 Erasmus’
341 2053 497 2093 journey
511 2055 547 2084 to
563 2051 697 2094 Basle.]

408 2148 530 2178 ERAS.
563 2148 663 2179 ROT.
694 2147 901 2177 MARTINO
933 2145 1244 2176 BRVXELLENSI
1277 2146 1357 2176 SVO
1390 2146 1423 2176 S.
1447 2145 1490 2177 D.

203 2230 318 2269 VmE
361 2242 466 2267 num
517 2229 662 2279 aptum
702 2240 855 2266 munus
897 2225 1071 2274 miseris,
1112 2226 1399 2265 erumenulam
1442 2239 1527 2264 non
1569 2225 1742 2264 habenti

148 2294 378 2346 pecuniam.
439 2293 615 2343 Repperi
626 2293 671 2331 in
684 2305 775 2331 mea
788 2291 1085 2329 bibliothecula
1099 2290 1346 2339 Gregorium
1365 2290 1680 2338 Nazianzenum,
1699 2292 1742 2328 et

151 2361 203 2399 ab
222 2359 485 2408 Hieronymo
509 2357 739 2405 laudatum,
759 2369 843 2395 non
863 2356 1006 2394 minus
1028 2355 1145 2404 pium
1165 2368 1291 2404 quam
1310 2355 1520 2393 eruditum
1539 2368 1584 2394 ac
1603 2355 1742 2394 facun—

149 2427 261 2465 dum.
312 2424 423 2462 Eum
444 2425 559 2462 ratus
574 2422 655 2461 tibi
672 2422 934 2473 placstmum,
951 2420 1002 2459 ad
1022 2421 1063 2457 te
1081 2420 1140 2458 ire
1155 2419 1266 2468 iussi,
1282 2420 1348 2458 vel
1365 2420 1561 2470 ἀντίδωρον
1575 2420 1641 2458 vel
1657 2419 1741 2458 mei

149 2491 194 2529 in
208 2492 249 2528 te
265 2488 396 2528 studii
411 2487 692 2538 qualecunque
710 2485 942 2536 symbolon.
988 2484 1050 2523 Tu
1064 2497 1186 2534 perge
1200 2485 1315 2523 tuam
1330 2486 1505 2523 aetatem
1524 2485 1740 2523 florentem
1759 2492 1778 2524 5

149 2558 272 2604 atque
289 2552 473 2592 indolem
492 2565 576 2591 non
595 2552 822 2602 vulgarem,
841 2552 1051 2599 vtrunque
1071 2549 1148 2587 Dei
1167 2549 1334 2597 donum,
1356 2549 1401 2588 in
1422 2550 1575 2588 sanctis
1594 2549 1742 2588 studiis

150 2631 352 2667 exercere,
385 2618 456 2656 sed
488 2617 547 2656 ita
576 2620 624 2657 vt
662 2616 790 2656 simul
826 2615 904 2654 hoc
934 2616 1078 2664 agatur
1111 2615 1219 2664 quod
1252 2614 1415 2664 legitur.
1487 2615 1602 2652 Bene
1634 2614 1741 2663 vale,

193 2726 269 2757 806.
298 2735 348 2758 10.
373 2725 510 2765 pararit
525 2727 564 2757 F.
653 2725 728 2756 807.
751 2733 815 2755 m.
838 2732 934 2754 ΕΒΔΞ.
955 2747 961 2753 .
979 2745 987 2752 .
1004 2744 1014 2752 .
1031 2731 1058 2753 s.
1076 2731 1109 2753 1).
1128 2724 1172 2753 F:
1198 2732 1224 2754 s.
1242 2731 1274 2753 P.
1291 2724 1346 2756 αβ.
1436 2731 1466 2754 2.
1490 2721 1741 2753 bibliothecula

150 2782 170 2800 α
181 2773 210 2800 F
223 2781 231 2800 :
254 2769 473 2799 bibliotheca
488 2770 522 2803 β.

188 2870 261 2902 806.
278 2879 309 2908 5.
324 2866 592 2907 Cantabrigiae]
602 2866 654 2898 cf.
664 2867 728 2907 Ep.
739 2867 812 2905 388.
822 2876 911 2905 35n.
1026 2865 1100 2897 807.
1117 2874 1147 2896 2.
1163 2864 1392 2904 Gregorium]
1407 2864 1460 2895 cf.
1475 2863 1539 2904 Ep.
1556 2873 1630 2904 352.
1645 2873 1685 2902 31
1700 2873 1736 2896 n.

198 2924 247 2944 10.
271 2910 527 2953 praebendam]
544 2910 596 2942 Cf.
617 2909 679 2950 Ep.
698 2911 772 2948 360.
794 2919 832 2949 15
844 2919 879 2941 n.
979 2910 1052 2940 The
1068 2908 1209 2939 volume
1224 2918 1307 2938 now
1321 2908 1426 2948 given
1440 2915 1509 2939 was
1520 2917 1541 2938 a
1553 2908 1740 2939 treasured

198 2967 247 2996 13.
270 2953 487 2995 Cardinalis]
504 2953 658 2993 Wolsey.
979 2952 1176 2992 possession
1200 2952 1238 2982 of
1262 2951 1404 2991 Lipsius
1433 2951 1471 2981 in
1502 2950 1631 2993 (1524)
1645 2961 1654 2990 ;
1683 2961 1740 2982 see

199 3002 248 3032 16.
273 2997 531 3039 Paraphrasin]
550 2997 615 3037 Ep.
633 3006 706 3036 710.
980 2996 1162 3027 Horawitz
1178 3005 1211 3026 v.
1232 3004 1326 3034 72-4.
