2034 3433
211 362 275 394 390

211 688 271 721 395

206 1017 270 1048 400

206 1344 267 1376 405

204 1672 269 1703 410

205 1997 266 2028 415

204 2323 267 2353 4²0

205 2649 265 2681 4²5

295 181 375 219 372
758 178 1013 219 LETTERS
1053 177 1123 216 or
1159 176 1425 217 ERAsMus
1765 175 1894 230 [1518

293 284 404 323 dicat
438 284 605 334 aliquid,
636 296 721 321 non
750 282 902 320 desunt
930 294 953 319 a
981 280 1134 331 quibus
1162 283 1332 320 notetur
1350 279 1467 319 velut
1496 279 1705 319 Ebionitis
1735 280 1892 320 fauens.

294 349 338 387 Si
366 349 459 399 quis
487 347 717 398 impensius
747 347 991 385 adhortetur
1015 348 1061 385 vt
1090 346 1163 397 qui
1189 346 1380 396 coniugio
1412 345 1593 396 copulati
1624 347 1736 393 sunt,
1759 346 1896 396 magis

292 415 444 464 pietate
464 416 504 452 et
524 413 761 451 animorum
781 425 988 450 consensu
1009 425 1134 462 quam
1160 424 1377 462 corporum
1397 411 1614 461 complexu
1635 410 1890 460 cohaereant,

292 481 334 517 et
353 479 411 517 ita
440 492 541 529 pure
571 478 708 516 colant
736 477 1056 516 matrimonium
1076 479 1123 516 vt
1143 476 1379 528 virginitati
1410 476 1543 527 quoad
1571 478 1710 526 potest
1728 475 1897 515 similli-

291 558 410 582 mum
445 544 511 587 sit,
543 543 588 581 in
622 543 906 593 suspicionem
939 544 1110 581 vocatur
1144 542 1263 592 quasi
1301 554 1398 580 cum
1431 541 1691 580 Marcionitis
1726 554 1895 580 omnem

291 610 447 647 coitum
467 622 665 658 spurcum
686 609 819 647 ducat.
880 608 925 646 Si
952 607 1045 658 quis
1070 608 1290 646 admoneat
1309 609 1356 646 vt
1382 606 1427 645 in
1457 606 1657 654 diatribis‚
1680 606 1898 657 praecipue

291 674 548 723 theologicis,
571 674 681 712 absit
707 673 930 712 ambitiosa
949 672 1145 712 vincendi
1172 685 1326 722 suaque
1355 672 1504 711 tuendi
1523 671 1761 722 pertinacia,
1785 671 1895 711 absit

290 740 492 779 theatrica
529 739 601 778 illa
639 739 983 778 ostentandarum
1017 738 1174 777 virium
1220 737 1404 786 ambitio,
1442 751 1528 776 non
1565 739 1674 776 recte
1714 737 1897 776 defertur

290 805 410 855 quasi
448 805 611 844 scholas
646 805 691 843 in
721 807 858 844 totum
891 805 1072 843 damnet.
1132 804 1275 854 Neque
1310 803 1426 842 enim
1457 803 1581 842 diuus
1611 802 1893 854 Augustinus,

289 871 520 909 admonens
560 870 786 909 dialecticis
830 870 1058 909 cauendam
1096 883 1187 908 esse
1234 868 1401 907 rixandi
1447 868 1681 918 libidinem,
1723 869 1895 908 damnat

289 935 558 982 dialecticam,
592 935 663 973 sed
694 937 856 985 pestem
886 934 1001 974 illius
1032 934 1232 983 ostendit,
1263 935 1310 973 vt
1338 934 1508 973 vitetur.

343 1001 465 1049 Item,
498 1002 535 1040 si
565 1002 658 1052 quis
689 1003 1003 1051 praeposterum
1032 1001 1149 1051 vulgi
1183 1000 1386 1039 iudicium
1418 1001 1543 1048 taxet,
1576 1000 1689 1038 inter
1716 1000 1895 1039 virtutes

288 1068 443 1117 primas
477 1067 702 1106 tribuentis
736 1067 787 1106 iis
822 1080 927 1117 quae
961 1068 1063 1105 sunt
1095 1069 1304 1106 extremae
1336 1065 1496 1113 classis,
1528 1068 1570 1104 et
1601 1067 1755 1114 contra,
1790 1066 1893 1105 item

288 1133 399 1171 inter
427 1133 530 1172 vitia
559 1133 933 1172 vehementissime
967 1132 1216 1172 detestantis
1245 1145 1351 1182 quae
1381 1131 1599 1171 leuissima
1631 1135 1733 1170 sunt
1769 1132 1892 1179 mala,

287 1211 381 1237 cum
411 1199 497 1238 sint
527 1199 800 1245 atrocissima,
829 1212 874 1238 ac
906 1200 1163 1246 retrorsum3
1194 1198 1386 1247 protinus
1414 1198 1459 1236 in
1488 1197 1555 1236 ius
1581 1199 1753 1236 vocatur
1776 1199 1894 1248 quasi

286 1264 402 1303 vitiis
441 1265 578 1303 faueat
611 1264 761 1315 quibus
799 1265 970 1314 grauius
1003 1264 1156 1303 vitium
1195 1263 1426 1314 anteponit,
1463 1266 1536 1302 aut
1568 1263 1688 1313 quasi
1725 1263 1894 1302 damnet

287 1329 501 1369 benefacta
538 1330 691 1380 quibus
729 1330 810 1368 alia
848 1331 1025 1380 praefert
1063 1332 1109 1369 vt
1146 1329 1364 1368 sanctiora.
1437 1328 1579 1368 Veluti
1617 1328 1655 1367 si
1692 1329 1786 1379 quis
1824 1330 1893 1368 ad-

289 1398 457 1433 moneat
504 1396 637 1434 tutius
685 1408 778 1434 esse
821 1395 1048 1434 benefactis
1087 1396 1214 1433 fidere
1253 1407 1380 1445 quam
1416 1393 1644 1444 pontificiis
1692 1395 1895 1434 condona-

290 1460 488 1508 tionibus,
522 1474 605 1499 non
635 1461 780 1511 vtique
818 1462 989 1500 damnat
1022 1461 1138 1500 illius
1169 1459 1509 1507 condonationes,
1540 1459 1613 1498 sed
1642 1459 1820 1509 praefert
1848 1460 1893 1499 id

289 1526 398 1576 quod
434 1540 483 1564 ex
520 1526 680 1565 Christi
720 1526 907 1565 doctrina
945 1527 1098 1565 certius
1138 1528 1212 1565 est.
1273 1525 1441 1565 Itidem.
1470 1525 1507 1564 si
1542 1525 1635 1575 quis
1671 1526 1894 1565 admoneat

287 1591 439 1630 rectius
464 1591 593 1629 facere
622 1604 693 1630 eos
718 1591 789 1641 qui
807 1592 921 1630 domi
940 1590 1084 1630 liberis
1105 1593 1147 1630 et
1166 1591 1285 1630 vxori
1303 1590 1578 1629 moderandae
1594 1591 1695 1629 dent
1710 1604 1892 1641 operam,

289 1669 415 1706 quam
442 1656 477 1694 si
497 1656 661 1695 visendi
690 1657 823 1706 gratia
853 1656 1072 1703 Rhomam,
1097 1656 1437 1706 Hierosolymam
1465 1657 1538 1694 aut
1567 1656 1892 1706 Compostellam

286 1721 445 1769 adeant,
469 1735 643 1771 eamque
662 1722 884 1772 pecuniam
905 1735 1030 1772 quam
1050 1721 1272 1761 insumunt
1292 1721 1337 1760 in
1356 1721 1524 1771 longam
1548 1735 1594 1760 ac
1613 1722 1889 1771 periculosam

287 1787 598 1836 profectionem,
635 1786 822 1825 sanctius
861 1786 906 1825 in
946 1786 1076 1825 bonos
1117 1800 1162 1825 ac
1193 1799 1312 1825 veros
1350 1798 1554 1836 pauperes
1593 1787 1765 1836 erogari,
1805 1800 1889 1826 non

287 1851 457 1889 damnat
489 1851 608 1901 pium
643 1852 819 1890 istorum
854 1851 1059 1899 affectum,
1089 1851 1161 1890 sed
1195 1852 1371 1891 antefert
1405 1851 1448 1890 id
1483 1852 1591 1901 quod
1624 1853 1793 1902 propius
1826 1854 1889 1891 est

286 1930 409 1955 verae
428 1917 587 1966 pietati.

343 1981 435 2020 Iam
454 1996 551 2021 vero
582 1995 666 2020 non
698 1984 938 2021 nostrorum
968 1982 1093 2021 modo
1123 1984 1362 2032 temporum
1392 1984 1455 2020 est
1486 1982 1688 2032 quaedam
1707 1983 1811 2022 vitia
1829 1983 1890 2023 sic

286 2046 485 2086 detestari
515 2047 635 2098 quasi
673 2048 763 2086 sola
801 2048 898 2096 sint,
931 2061 1027 2086 cum
1056 2048 1229 2086 caeteris
1259 2047 1319 2085 ita
1346 2047 1614 2087 blandiamur
1641 2049 1760 2099 quasi
1787 2049 1899 2088 vitia²

288 2125 371 2151 non
407 2112 507 2160 sint,
542 2126 638 2151 cum
671 2113 758 2152 sint
792 2113 881 2151 illis
916 2126 1022 2163 quae
1055 2113 1114 2151 sic
1147 2126 1389 2152 execramur
1420 2114 1629 2153 atrociora.
1692 2114 1891 2162 Queritur

287 2177 327 2215 in
364 2177 553 2227 epistolis
592 2179 678 2217 suis
710 2178 979 2228 Augustinus
1012 2192 1144 2217 vnum
1190 2178 1381 2217 libidinis
1420 2179 1577 2218 crimen
1614 2180 1723 2230 apud
1760 2180 1893 2219 Afros

286 2243 485 2293 imputari
519 2243 810 2292 sacerdotibus,
858 2245 1066 2283 caeterum
1104 2244 1306 2283 auariciae
1346 2245 1699 2295 temulentiaeque
1737 2246 1888 2285 vitium

285 2321 390 2358 pene
419 2308 531 2347 laudi
559 2308 679 2348 verti.
740 2309 883 2348 Vnum
914 2309 1020 2348 illud
1051 2309 1221 2359 tragicis
1251 2309 1387 2348 modis
1415 2322 1720 2360 exaggeramus,
1744 2312 1890 2361 terque

286 2376 514 2424 quaterque
558 2374 813 2414 horrendum
861 2376 1023 2414 facinus
1071 2375 1221 2413 iisdem
1269 2374 1465 2414 manibus
1512 2377 1691 2414 tractare
1738 2389 1892 2426 corpus

286 2438 445 2477 Christi
465 2439 615 2489 quibus
634 2441 866 2479 attrectaris
886 2453 1034 2490 corpus
1053 2440 1296 2479 meretricis.
1336 2439 1421 2478 Nec
1442 2440 1594 2479 desunt
1613 2441 1686 2491 qui
1705 2441 1887 2480 nimium

286 2505 438 2554 tragice
465 2505 606 2543 ausint
634 2505 863 2554 publicitus
886 2519 1131 2553 asseuerare,
1156 2505 1357 2544 leuiorem
1376 2519 1467 2544 esse
1494 2505 1660 2556 culpam
1680 2505 1716 2544 si
1734 2506 1894 2545 mulier*

286 2568 435 2608 habeat
484 2583 570 2608 rem
618 2584 713 2609 cum
762 2571 882 2610 bruta
920 2571 1073 2621 pecude
1112 2584 1237 2621 quam
1284 2584 1379 2609 cum
1428 2571 1648 2610 sacerdote.
1720 2571 1887 2611 Horum

286 2634 592 2684 impudentiam
613 2636 684 2686 qui
705 2636 870 2684 refellit,
893 2650 978 2675 non
1000 2637 1198 2675 continuo
1218 2636 1328 2674 fauet
1347 2636 1573 2686 impudicis
1594 2637 1882 2684 sacerdotibus,

286 2699 357 2737 sed
392 2699 586 2738 admonet
615 2713 661 2739 ea
689 2701 847 2750 negligi
878 2715 983 2752 quae
1011 2702 1145 2752 magis
1172 2703 1290 2739 erant
1309 2702 1606 2751 exaggeranda.
1664 2702 1740 2740 Est
1759 2715 1890 2741 sacerm

287 2763 362 2802 dos
401 2764 565 2812 aleator,
607 2768 668 2804 est
702 2766 878 2805 bellator
916 2769 988 2805 aut
1024 2766 1236 2816 gladiator,
1277 2769 1340 2805 est
1379 2769 1494 2806 totus
1532 2767 1734 2816 indoctus,
1771 2769 1886 2806 totus

330 2879 404 2909 390.
430 2874 517 2901 sunt
542 2883 584 2903 a:
616 2874 691 2903 sint
715 2875 754 2905 N.
925 2883 1001 2913 392.
1024 2873 1140 2913 quoad
1165 2885 1205 2905 a:
1240 2883 1347 2912 quam
1372 2876 1413 2904 H.
1585 2884 1659 2914 394.
1684 2875 1722 2905 vt
1747 2877 1821 2905 adol.
1838 2877 1882 2904 H.

286 2914 473 2986 gppssmt
489 2917 538 2991 ΞΓ.
562 2926 742 2991 Asi-‘1:011‘
770 2917 958 2949 insumant
975 2920 1017 2949 N.
1160 2927 1236 2955 417.
1259 2919 1308 2951 B:
1331 2918 1521 2958 Quaeritur
1538 2931 1566 2950 a.
1712 2919 1786 2956 418.
1811 2918 1888 2949 suis

784 3037 859 3075 418.
884 3036 1127 3078 Augustinus]
1152 3039 1210 3074 Ep.
1229 3046 1280 3068 22.
1301 3046 1328 3069 1.
1346 3048 1376 3077 3.
