2034 3433
207 399 247 431 30

207 726 245 757 35

205 1055 247 1086 40

205 1384 245 1415 45

210 1710 250 1742 50

266 147 347 186 346
728 144 982 206 LETTERS
1024 144 1095 183 OF
1133 142 1398 182 ERASMUS
1737 141 1778 196 [1
1787 155 1808 193 5
1817 156 1832 181 1
1841 145 1863 181 8

266 251 354 300 bili,
383 254 429 291 vt
458 251 661 301 perspicio
687 248 916 295 manifeste,
944 247 1003 286 ita
1029 246 1297 285 vehementer
1325 246 1456 285 dole0.
1513 246 1659 286 Primo
1695 249 1796 287 adeo
1824 250 1866 287 te

266 329 353 355 non
370 316 587 356 laudatum
606 317 693 353 tam
711 313 967 352 iuuenilibus
987 312 1159 361 ineptiis
1180 311 1450 361 deprehendo,
1471 314 1518 350 vt
1537 312 1657 362 culpa
1681 314 1797 352 rudis
1824 316 1867 352 et

265 395 427 420 crassae
463 381 589 420 huius
627 379 840 417 Mineruae
878 378 928 416 de
960 376 1072 415 fama
1105 378 1178 415 tua
1211 377 1290 415 tibi
1321 377 1432 415 haud
1465 390 1611 427 parum
1645 377 1867 417 detriuisse

265 447 417 485 videar.
478 446 597 494 Dein,
620 444 728 494 quod
748 443 882 482 multo
903 442 1072 492 grauius
1093 443 1167 490 est,
1190 441 1269 480 hoc
1289 442 1528 492 scriptionis
1547 455 1677 492 genus
1696 443 1868 482 inusita-

265 514 358 550 tum
381 510 639 561 aggredienti
664 522 790 559 purae
816 508 942 547 istius
969 509 1063 547 tuae
1085 510 1126 546 et
1150 509 1317 547 sanctae
1340 508 1450 546 vitae
1474 508 1657 546 actiones
1683 508 1867 547 illustres

266 576 454 615 nondum
474 576 576 614 satis
596 575 783 624 cognitae
801 574 984 612 fuerunt.
1041 572 1184 623 Neque
1204 573 1307 611 dum
1326 573 1461 611 varios
1481 575 1522 611 et
1545 573 1869 613 inaestimabiles

266 641 425 680 labores
441 641 789 692 πολυγραφωτάτου
803 642 869 679 τοῦ
884 639 1076 689 Ἐράσμου
1090 638 1179 676 vidi
1198 638 1370 676 omneis.
1423 637 1513 686 Quo
1528 639 1576 677 fit
1591 641 1638 678 vt
1653 639 1868 678 interdum

266 706 489 745 consilium
515 706 654 744 ineam
681 705 934 745 retractandi
960 703 1329 754 hendecasyllabos
1356 704 1689 755 intempestiuos,
1719 706 1767 743 vt
1794 717 1870 754 pro

265 771 379 810 virili
408 773 526 821 parte
556 785 647 810 mea
678 770 919 821 locupletati
950 773 990 809 et
1020 770 1185 808 excussi
1219 769 1512 809 luculentiores
1546 770 1715 808 tandem
1747 771 1869 820 atque

266 837 487 886 opimiores
524 839 699 885 exeant;
739 835 985 886 praesertim
1023 848 1119 873 cum
1156 835 1346 884 impense
1384 848 1460 873 nos
1503 835 1553 874 ad
1595 836 1673 874 hoc
1714 834 1869 873 laboris

266 903 455 941 hortetur
483 903 531 941 R.
565 905 608 941 et
637 902 954 941 illustrissimus
983 901 1177 951 princeps
1211 902 1253 938 et
1284 901 1478 939 dominus
1510 901 1560 940 D.
1598 900 1657 939 Io.
1692 900 1865 948 Thurzo,

264 967 483 1018 episcopus
531 967 889 1015 VratislauiensiS,
935 966 1221 1005 studiosorum
1268 966 1461 1005 omnium
1503 966 1869 1016 praesentissimus

265 1033 494 1083 Mecoenas,
518 1034 584 1072 vir
610 1033 720 1071 haud
745 1030 1009 1071 mediocriter
1028 1031 1229 1070 eruditus.
1291 1031 1371 1079 Qui
1392 1034 1434 1070 te
1454 1031 1506 1070 ob
1526 1033 1619 1070 tuas
1639 1030 1871 1082 singulares

265 1099 441 1138 virtutes
478 1101 519 1138 et
557 1099 789 1137 doctrinam
829 1098 1101 1136 excellentem
1139 1097 1239 1135 facit
1277 1097 1464 1146 maximi,
1503 1099 1614 1136 amat
1656 1097 1788 1145 vnice‚
1829 1097 1870 1134 et

265 1165 443 1203 honorat
472 1165 763 1203 obseruanter:
796 1164 861 1202 cui
890 1176 982 1202 mos
1009 1163 1215 1213 gerendus
1241 1164 1414 1202 omnino
1437 1165 1513 1211 est,
1540 1165 1587 1202 vt
1609 1165 1650 1201 et
1676 1163 1725 1202 R.
1751 1161 1869 1200 illius

265 1230 518 1280 paternitati,
550 1230 615 1268 cui
642 1229 751 1268 nihil
780 1242 866 1267 non
896 1229 1034 1277 debeo,
1066 1241 1155 1267 rem
1182 1228 1332 1268 faciam
1357 1229 1479 1279 longe
1504 1229 1800 1278 gratissimam,
1828 1228 1870 1265 et

266 1295 450 1334 nominis
474 1296 558 1333 mei
584 1295 790 1333 rationem
817 1294 967 1333 habere
993 1294 1178 1333 voluisse
1204 1294 1355 1333 videar.
1422 1295 1598 1343 Interea,
1629 1292 1870 1332 doctissime

267 1360 452 1409 Erasme,
482 1363 524 1399 te
552 1374 624 1398 oro
653 1373 727 1410 per
756 1359 1049 1398 beatissimum
1077 1360 1248 1410 genium
1277 1362 1400 1398 tuum
1430 1373 1582 1410 perque
1612 1357 1869 1398 immortales

266 1430 361 1465 tuos
392 1429 433 1465 et
466 1427 756 1465 sanctissimos
788 1425 961 1474 labores,
996 1428 1089 1463 tum
1122 1438 1224 1475 quae
1256 1425 1372 1474 prius
1407 1439 1473 1464 me
1504 1425 1715 1464 nesciente
1747 1426 1869 1474 atque

267 1492 402 1531 inuito
422 1493 557 1530 aedita
576 1494 677 1530 sunt
696 1492 741 1529 in
760 1492 823 1530 tui
843 1491 1028 1529 nominis
1049 1490 1216 1529 laudem
1236 1490 1337 1529 boni
1355 1491 1560 1540 consulas,
1583 1493 1676 1529 tum
1696 1489 1805 1540 quod
1824 1488 1870 1526 in

270 1557 507 1608 praesentia
534 1558 658 1595 mitto
686 1557 864 1595 fortasse
892 1555 979 1594 illis
1010 1555 1143 1594 multo
1172 1556 1356 1606 ineptius
1385 1569 1567 1605 carmen,
1594 1556 1637 1594 et
1662 1569 1684 1594 e
1707 1554 1871 1605 vulgari

268 1623 430 1662 officina
449 1623 754 1672 depromptum,
775 1621 896 1660 vultu
917 1621 1084 1660 numini
1103 1621 1175 1659 isti
1192 1623 1265 1660 tuo
1284 1622 1584 1661 amabilissimo
1604 1619 1869 1660 conuenienti

268 1688 457 1738 excipias,
510 1689 551 1725 et
601 1688 807 1726 Vrsinum
857 1687 921 1725 tui
973 1686 1315 1726 amantissimum
1362 1687 1871 1736 obseruantissimumque

268 1757 437 1793 tuorum
450 1754 495 1792 in
506 1766 679 1791 numero
692 1753 921 1792 amicorum
936 1751 1002 1790 vel
1018 1752 1169 1791 vltimo
1184 1752 1383 1791 subsellio
1398 1753 1645 1792 collocatum
1660 1752 1870 1791 redamare

268 1820 386 1859 velis.
444 1819 561 1858 Vale.
617 1819 892 1858 Vratislauiae
911 1831 980 1857 XX.
1004 1818 1069 1856 die
1089 1819 1245 1857 mensis
1265 1818 1391 1857 Iunii.
1415 1831 1457 1858 M.
1468 1831 1631 1857 D.XV111.

730 1952 826 1992 852.
887 1949 1017 1990 FRoM
1050 1948 1238 1988 MARTIN
1270 1947 1410 1989 DORP.

316 2008 481 2054 Farrago
500 2021 536 2054 p.
561 2018 638 2052 171.
1595 2004 1776 2040 Louvain.

317 2067 358 2102 F.
374 2080 409 2113 p.
428 2077 520 2112 312:
550 2066 645 2102 HN:
675 2066 788 2102 Lond.
809 2065 871 2100 vii.
897 2076 935 2101 1:
964 2065 1039 2100 LB.
1058 2074 1138 2109 323.
1551 2073 1593 2106 14
1609 2063 1699 2108 July
1723 2063 1824 2108 1518.

505 2147 596 2189 [The
612 2148 694 2179 date
712 2148 743 2178 is
758 2147 882 2187 amply
898 2145 1092 2177 confirmed
1108 2146 1155 2185 by
1172 2145 1234 2175 the
1252 2146 1376 2175 events
1393 2142 1637 2184 mentioned]

280 2234 512 2264 MARTINVS
544 2233 738 2264 DORPIVS
769 2233 812 2264 D.
837 2233 1018 2263 ERASMO
1050 2231 1358 2262 ROTERODAMO
1389 2230 1531 2262 OMNIS
1562 2228 1857 2260 ERVDITIONIS

786 2301 952 2333 FACILE
981 2300 1214 2331 ANTISTITI
1246 2301 1279 2332 S.
1302 2301 1345 2331 D.

323 2379 507 2417 LITERAS
525 2381 629 2428 tuas,
651 2378 916 2418 ornatissime
936 2378 1118 2426 Erasme,
1141 2390 1226 2415 non
1246 2377 1327 2415 dici
1343 2377 1480 2425 potest
1499 2388 1626 2426 quam
1644 2373 1870 2424 acceperim

268 2444 440 2495 cupide3
482 2447 575 2483 tum
607 2446 748 2483 autem
777 2457 901 2494 quam
936 2444 1162 2494 gestienter
1189 2442 1394 2481 audierim
1423 2441 1492 2480 vel
1520 2441 1721 2480 Iacobum
1749 2442 1870 2479 tuum

312 2542 387 2572 851.
410 2551 464 2581 32.
490 2544 537 2573 F:
565 2541 804 2582 aggreditenti
820 2544 859 2573 E.
1021 2541 1075 2580 38.
1100 2540 1138 2571 R.
1159 2541 1195 2570 et
1210 2550 1267 2571 om.
1289 2541 1329 2569 H.
1451 2541 1488 2570 et
1505 2538 1675 2570 dominus
1691 2538 1732 2570 D.
1749 2547 1808 2569 om.
1825 2539 1870 2568 H.

269 2585 468 2668 &culini-agn}
479 2587 522 2617 H.
635 2595 688 2625 43.
714 2585 933 2617 Paternitati
950 2586 980 2615 E
993 2594 1001 2614 ε
1026 2582 1263 2624 amplitudini
1279 2585 1321 2614 H.
1439 2591 1491 2622 50.
1518 2582 1675 2622 excipias
1690 2584 1719 2612 E
1735 2583 1846 2620 Corriy.
1863 2593 1871 2611 :

314 2705 388 2736 851.
399 2713 454 2742 34.
471 2702 785 2745 πολυγραφωτάτου]
803 2703 855 2735 Of.
873 2703 938 2743 Ep.
957 2703 1031 2741 480.
1148 2702 1203 2740 48.
1225 2701 1385 2741 carmen]
1423 2700 1620 2740 Evidently
1657 2699 1721 2731 the
1763 2699 1870 2730 hexa-

272 2757 325 2779 22.
1104 2747 1219 2776 meter
1231 2754 1334 2784 poem
1353 2743 1411 2785 (cf.
1425 2743 1487 2784 Ep.
1500 2754 1577 2784 944.
1592 2745 1663 2784 3‚4)
1681 2742 1871 2774 addressed

315 2799 367 2829 35.
394 2791 637 2832 retractandi]
686 2791 732 2822 In
779 2791 839 2821 his
877 2793 1032 2829 Poemata,
1103 2790 1141 2820 to
1151 2788 1250 2819 John
1261 2788 1373 2819 Turzo
1383 2787 1455 2818 and
1467 2787 1622 2818 entitled
1634 2789 1678 2818 De
1687 2789 1725 2818 D.
1740 2787 1872 2816 Erasmo

271 2834 386 2873 Basle,
406 2834 554 2875 Froben,
570 2835 692 2865 March
706 2844 800 2874 1522,
816 2835 851 2865 ff.
865 2835 935 2865 iv0.
948 2843 1033 2873 seq„
1105 2835 1302 2863 Roterodamo
1338 2833 1490 2869 Epistola.
1537 2832 1708 2863 Erasmus
1736 2829 1810 2861 had
1841 2829 1870 2859 it

273 2877 426 2908 Ursinus
442 2878 545 2908 made
562 2888 582 2908 a
599 2879 754 2909 number
770 2878 807 2908 of
824 2877 1038 2908 corrections
1105 2875 1254 2916 printed
1279 2876 1318 2906 in
1344 2875 1514 2907 Martens'
1547 2874 1695 2914 edition,
1728 2883 1756 2904 c.
1789 2871 1870 2912 May

272 2922 312 2950 in
328 2920 391 2951 the
408 2923 631 2962 Genethliacon,
644 2922 768 2952 which
777 2931 869 2952 were
882 2920 1037 2960 adopted
1110 2928 1203 2958 1519,
1217 2919 1256 2950 of
1269 2917 1447 2950 Eobanus'
1460 2920 1685 2955 Hodoeporicon
1703 2917 1749 2958 (p.
1765 2915 1870 2957 406);

273 2964 312 2994 in
339 2963 374 2993 H
401 2964 473 2995 and
498 2964 589 2995 later
613 2965 772 2996 editions
799 2965 838 2995 of
857 2963 1036 2996 Erasmus'
1108 2963 1138 2994 it
1154 2963 1185 2992 is
1202 2962 1302 2993 also
1293 2973 1332 2993 in
1348 2962 1515 2994 Ursinus’
1531 2964 1686 3000 Poemata,
1706 2959 1747 2991 f0.
1764 2958 1814 2990 ιη’
1817 2983 1824 2990 .

272 3008 440 3044 Epistolae.
487 3008 539 3039 Cf.
557 3008 622 3048 Ep.
638 3019 714 3047 440.
731 3018 769 3047 14
782 3017 817 3039 n.
1152 3006 1225 3037 852.
1249 3017 1279 3037 2.
1306 3004 1491 3046 Iacobum]
1516 3005 1652 3045 Nepos;
1675 2985 1704 3035 ’E
1720 3005 1756 3034 in
1769 3011 1869 3042 mar-9.
