2034 3433
146 129 245 183 843]
636 132 706 171 ΤΟ
744 132 968 172 MARTIN
1007 132 1250 173 LYPSIUS
1657 134 1737 172 315

204 250 264 274 10.
299 237 437 276 ‘Hoc’
468 237 604 288 inquit
636 237 872 276 ‘decretum
911 237 1131 288 indignum
1168 238 1390 278 aestimat.’
1458 239 1551 278 Imo
1579 241 1732 288 contra,

143 302 306 341 decreta
338 303 603 341 Pontificum.
626 302 740 341 reiici
771 303 916 342 iubent
947 305 996 342 vt
1028 303 1321 353 adulterinum,
1359 304 1540 355 diploma
1573 306 1618 343 in
1653 318 1734 355 quo

143 367 421 417 comperiatur
435 368 703 407 soloecismus
723 368 1032 407 manifestarius
1050 383 1058 416 ;
1088 370 1129 406 et
1147 369 1325 408 alterum
1345 369 1568 420 diligenter
1587 369 1734 408 statuit

143 433 193 471 de
225 432 388 482 publice
413 433 606 472 docendis
636 432 769 471 tribus
799 433 966 483 linguis,
1000 434 1115 472 velut
1144 434 1195 472 ad
1227 447 1435 473 sacrorum
1468 434 1732 473 voluminum

142 498 420 547 cognitionem
440 498 688 538 necessariis.

200 575 214 599 1
227 576 258 600 1.
290 563 462 602 Metitur
473 564 757 614 integritatem
770 564 972 602 sermonis
992 564 1131 603 Latini
1149 578 1198 602 ex
1218 566 1406 603 veterum
1421 565 1730 605 consuetudine.

140 629 488 678 quemadmodum
520 629 685 679 scripsit
715 629 1006 679 Augustinus3
1045 630 1162 679 quasi
1193 643 1269 668 nos
1299 630 1466 669 aliunde
1498 631 1730 677 metiamur,

139 695 211 731 aut
230 694 348 743 quasi
369 694 572 743 interpres
592 696 781 733 veterum
800 694 970 733 illorum
990 708 1105 733 more
1132 694 1186 732 sit
1214 695 1387 734 locutus.
1449 694 1544 744 Hic,
1573 696 1730 745 opinor,

139 759 358 807 postularit
378 761 424 798 vt
444 772 588 798 omnes
608 759 738 809 ipsius
758 760 940 798 flosculis
959 762 1138 798 vtamur.

199 836 257 862 12.
290 824 382 862 Iam
417 826 501 862 tota
533 825 610 863 hac
644 825 924 874 disputatione
954 824 1192 863 commiscet
1221 825 1474 874 elegantiam
1509 825 1728 874 sermonis,
1755 838 1811 870 105

137 902 237 939 quae
256 890 620 938 grammaticorum
639 892 712 938 est,
730 903 824 928 cum
845 890 1081 940 eloquentia
1100 902 1278 939 cumque
1296 890 1463 940 poetica,
1486 890 1603 941 quasi
1623 890 1731 929 nihil

137 954 328 1002 intersit;
357 957 567 1006 totamque
590 956 787 1005 loquendi
813 956 1016 994 rationem
1042 957 1251 994 asseuerat
1272 956 1451 1005 pendere
1470 956 1521 994 ab
1541 956 1729 1006 exemplo

135 1033 271 1058 sacrae
290 1020 534 1071 scripturae,
555 1035 753 1060 accusans
773 1020 942 1059 interim
961 1022 1023 1058 tot
1051 1033 1187 1059 sacros
1216 1021 1328 1059 viros
1356 1021 1426 1071 qui
1453 1022 1588 1060 multo
1612 1034 1728 1060 secus

135 1084 265 1123 locuti
291 1088 391 1124 sunt
417 1100 540 1136 quam
567 1087 618 1125 ad
644 1086 883 1136 exemplum
907 1086 1113 1124 sermonis
1139 1086 1363 1136 apostolici.
1437 1087 1551 1135 Quod
1579 1087 1612 1125 si
1643 1100 1727 1125 non

134 1150 232 1189 licet
267 1151 387 1190 aliter
423 1152 549 1202 loqui,
591 1166 664 1191 cur
701 1152 789 1202 ipse
823 1165 948 1190 ausus
982 1153 1044 1190 est
1077 1151 1135 1190 sic
1168 1152 1385 1200 balbutire,
1423 1154 1486 1190 tot
1522 1153 1726 1191 sermonis
1752 1166 1811 1188 110

134 1216 336 1265 portentis
354 1217 426 1264 vti,
450 1231 625 1267 quorum
647 1217 754 1256 nihil
774 1219 837 1256 est
859 1217 903 1255 in
923 1218 1160 1266 apostolicis
1181 1217 1346 1257 literis?

191 1295 251 1330 13.
283 1284 423 1333 Atque
447 1283 616 1322 interim
643 1284 827 1322 somniat
854 1283 1052 1321 Latinum
1079 1283 1350 1333 interpretem
1379 1283 1518 1322 afflatu
1544 1283 1726 1332 Spiritus

132 1348 264 1386 sancti
278 1348 450 1387 vertisse
464 1349 573 1398 quod
590 1362 666 1387 nos
679 1348 891 1396 habemus,
911 1362 1006 1386 cum
1019 1348 1105 1398 ipse
1121 1348 1404 1398 Hieronymus
1418 1349 1462 1387 in
1474 1349 1727 1399 praefatione

131 1411 270 1462 palam
290 1414 465 1451 testetur
483 1413 728 1463 interpretes
746 1427 819 1463 pro
835 1427 910 1452 suo
926 1426 1114 1463 quenque
1130 1415 1252 1463 captu
1267 1416 1427 1452 vertere
1441 1414 1550 1464 quod
1564 1414 1724 1463 assequi

129 1479 316 1527 possunt.
361 1478 533 1529 Alioqui
552 1479 819 1517 vehementer
838 1478 893 1517 sit
910 1478 1064 1528 impius
1084 1478 1172 1528 ipse
1193 1479 1487 1529 Hieronymus,
1512 1479 1584 1529 qui
1611 1479 1719 1529 quod
1749 1494 1806 1527 115

130 1541 306 1581 habetur
325 1543 370 1582 in
385 1544 458 1582 hac
476 1544 692 1592 aeditione,
716 1557 801 1583 non
821 1546 1013 1583 vereatur
1031 1544 1249 1594 aliquoties
1268 1545 1576 1593 reprehendere.

189 1620 247 1654 14.
279 1608 336 1646 Vt
371 1609 516 1659 probet
554 1623 721 1648 omnem
759 1609 1041 1659 eloquentiam
1086 1609 1308 1659 petendam
1354 1624 1377 1648 a
1422 1610 1547 1648 sacris
1587 1609 1720 1656 libris,

129 1672 436 1724 Hieronymum
470 1675 639 1713 adducit
673 1677 884 1722 autorem;
929 1688 1025 1712 cum
1058 1675 1094 1713 is
1131 1675 1342 1725 prophetis
1375 1675 1531 1725 aliquot
1570 1675 1725 1713 tribuat

127 1739 330 1778 sermonis
348 1740 634 1789 rusticitatem,
659 1740 789 1779 Paulo
810 1741 955 1779 Graeci
974 1741 1178 1779 sermonis
1197 1741 1462 1790 imperitiam,
1487 1741 1610 1791 idque
1637 1754 1722 1779 non

126 1817 210 1843 vno
230 1805 275 1843 in
294 1805 394 1844 loco.

187 1882 201 1906 1
210 1881 245 1917 5.
275 1870 494 1909 Credimus
507 1872 548 1908 et
559 1871 800 1920 Augustino
813 1870 993 1910 adfuisse
1007 1870 1211 1920 Spiritum
1224 1872 1415 1909 sanctum
1428 1871 1472 1909 in
1479 1871 1718 1909 enarrandis

127 1931 284 1970 diuinis
304 1932 423 1972 libris
439 1947 448 1980 ;
478 1935 519 1971 et
537 1935 679 1971 tamen
699 1934 734 1972 is
753 1947 829 1972 sua
847 1934 1040 1971 retractat
1058 1935 1100 1971 et
1118 1933 1212 1972 vult
1231 1946 1326 1971 cum
1347 1933 1499 1972 iudicio
1518 1933 1611 1983 legi.

186 1999 243 2034 16.
274 1997 343 2035 Ad
376 1997 475 2036 haec
504 1999 613 2048 quod
640 1997 781 2036 obiicit
810 1997 890 2036 sibi
918 2011 968 2035 ex
996 1997 1250 2047 Heronymo,
1284 1999 1457 2036 Sanctos
1485 1998 1719 2037 disertiores

126 2062 252 2100 fuisse
274 2062 319 2100 in
338 2075 413 2100 sua
431 2063 575 2112 lingua
594 2076 719 2113 quam
738 2063 884 2111 aliena,
906 2062 965 2101 ita
983 2062 1174 2101 dissoluit
1194 2063 1319 2101 homo
1339 2063 1587 2102 dialecticus,
1649 2063 1658 2081 ‘
1673 2062 1717 2100 Si

125 2125 175 2165 de
205 2126 436 2174 mundiali‚'
460 2126 598 2177 inquit
632 2127 845 2166 ‘inflatiua
873 2128 914 2165 et
938 2129 1110 2165 ventosa
1140 2127 1407 2177 linguositate
1430 2128 1578 2178 agitur,
1609 2128 1717 2165 certe
1740 2142 1798 2174 125

124 2193 297 2232 Sanctos
322 2191 466 2230 balbos
492 2191 625 2230 dicere
651 2206 735 2230 non
762 2205 922 2242 respuo.
982 2192 1139 2230 Verum
1157 2193 1191 2230 si
1212 2193 1262 2230 de
1287 2193 1513 2231 rusticitate
1532 2193 1714 2231 humana

125 2257 253 2297 locuti
272 2258 372 2295 sunt
391 2256 542 2304 Sancti,
567 2269 661 2295 cum
680 2257 904 2306 prophetas
923 2258 1130 2304 notarunt,
1154 2257 1274 2294 nobis
1293 2258 1376 2295 iam
1405 2258 1530 2296 altius
1559 2258 1713 2296 sentire

124 2324 344 2364 conuenit.'
401 2323 526 2371 Quasi
554 2323 707 2361 vitium
739 2322 946 2360 abutentis
979 2324 1113 2359 mutet
1143 2335 1296 2359 nomen
1327 2322 1610 2372 eloquentiae;
1643 2328 1713 2363 aut

124 2391 241 2443 quasi
256 2389 488 2428 tribuamus
503 2388 718 2438 Apostolis
732 2388 934 2438 ineptiam
951 2388 1020 2425 aut
1035 2386 1313 2425 rusticitatem
1333 2388 1648 2435 sententiarum,
1667 2390 1710 2427 in

123 2456 274 2508 quibus
303 2456 365 2493 est
390 2453 604 2504 praecipua
628 2466 724 2503 pars
749 2453 1031 2502 eloquentiae;
1061 2454 1131 2490 aut
1155 2452 1270 2501 quasi
1291 2451 1488 2501 Cypriani
1515 2454 1709 2493 facundia
1734 2469 1795 2499 130

122 2523 293 2561 ventosa
312 2519 368 2558 sit
386 2519 640 2570 linguositas,
664 2518 760 2568 quia
779 2517 993 2556 dissimilis
1012 2517 1193 2555 sermoni
1211 2517 1462 2566 prophetico.

182 2596 240 2634 17.
273 2584 461 2634 Denique
486 2584 644 2622 bellum
669 2584 782 2622 hunc
808 2582 1098 2633 syllogismum
1124 2584 1182 2621 ita
1200 2582 1375 2621 claudit:
1406 2586 1548 2622 monet
1568 2598 1711 2624 omnes

122 2650 300 2701 ineptias
312 2652 526 2699 poetarum
541 2662 586 2687 ac
602 2649 814 2687 mendacia
828 2649 1066 2698 respuenda,
1085 2662 1164 2698 quo
1178 2661 1273 2686 vera
1286 2648 1340 2686 sit
1356 2648 1469 2687 illius
1486 2649 1704 2690 conclusio.

121 2718 181 2756 Ea
210 2717 273 2754 est
301 2714 539 2754 huiusmodi
561 2714 622 2763 (vt
647 2716 689 2753 et
717 2715 766 2752 ad
791 2714 964 2752 verbum
993 2713 1172 2761 reddam,
1198 2726 1251 2750 ne
1275 2713 1372 2764 quid
1404 2714 1614 2752 existimet
1643 2728 1709 2754 me

1755 504 1818 527 100

1745 1818 1803 1840 120

557 2820 624 2850 123.
651 2811 874 2850 Hieronymo
891 2810 942 2841 ΒΖ.
1010 2819 1078 2849 134.
1103 2811 1139 2840 et
1155 2820 1213 2841 om.
1231 2812 1273 2842 N.

163 2900 219 2973 98έ
245 2897 479 2939 alterum]Cf.
494 2898 657 2938 Epp.182.
670 2897 727 2927 181
740 2907 879 2937 n.‚337.
949 2943 969 2970 Ι
998 2898 1065 2948 118..
1096 2896 1296 2937 prophetis]
1328 2897 1381 2929 cf.
1414 2898 1513 2929 Hier.
1539 2901 1640 2936 praef.
1672 2902 1706 2931 in

120 2945 194 2983 697,
223 2967 230 2974 ·
968 2950 1122 2971 eremzam.

168 2996 238 3026 113.
263 2984 499 3025 praefatione]
517 2987 552 3015 in
568 2987 654 3016 Pent.
998 2994 1066 3022 119.
1094 2983 1218 3024 Paulo]
1237 2984 1336 3015 Hier.
1354 2987 1429 3016 adu.
1448 2987 1553 3022 Rufin.
1577 2995 1602 3017 1.
1621 2996 1670 3026 17.
