2034 3433
274 298 333 321 200

273 628 330 660 ²05

273 954 332 976 210

273 1282 330 1310 215

273 1608 333 1629 220

269 2261 329 2292 230

353 179 433 216 400
812 177 1064 216 LETTERS
1103 179 1172 218 OF
1211 178 1475 218 ERASMUS
1814 179 1852 232 [1
1862 194 1882 229 5
1892 194 1907 218 1
1916 183 1939 219 8

352 281 500 320 hulcus
527 282 746 319 accesserat
774 281 817 319 in
847 283 973 329 tergo,
1003 281 1111 330 quod
1140 281 1334 320 minister
1361 282 1512 320 fecerat
1541 282 1730 331 Tongris,
1757 284 1857 322 dum
1887 285 1939 324 ob

353 360 502 385 renum
531 346 713 385 dolorem
743 358 902 395 vngens
929 359 996 384 me
1021 346 1109 384 oleo
1133 359 1294 384 rosaceo
1321 346 1451 397 digito
1478 347 1629 385 calloso
1649 347 1794 386 durius
1821 349 1939 389 fricat

352 414 507 450 costam
534 411 754 460 quandam.
814 410 865 448 Id
890 412 984 459 post
1003 409 1286 448 exulceratum
1304 413 1381 449 est.
1440 412 1644 451 Tumebat
1663 414 1705 450 et
1725 413 1844 462 glans
1863 415 1940 453 sub

353 476 519 514 dextera
534 475 766 513 mammilla
780 474 950 513 mobilis
966 489 976 522 ;
1002 488 1150 513 verum
1165 488 1211 513 ea
1226 475 1328 513 citra
1343 476 1691 515 exulcerationem
1707 491 1781 516 sua
1795 481 1941 527 sponte

351 541 506 579 sensim
536 540 716 578 euanuit.
775 539 935 577 Abiens
959 540 1179 589 chirurgus
1198 540 1307 578 clam
1327 541 1430 579 dicit
1449 542 1701 580 Theodorico
1721 545 1763 580 et
1782 543 1942 582 famulo

350 608 509 655 pestem
529 618 641 643 esse:
670 605 898 643 missurum
919 605 1088 654 quidem
1104 605 1354 654 malagmata
1373 620 1428 653 se,
1451 620 1537 645 non
1556 609 1782 646 venturum
1803 609 1940 646 autem

350 672 488 721 ipsum
524 670 575 708 ad
609 682 688 708 me.
759 669 882 708 Mitto
915 669 1065 707 lotium
1097 670 1147 708 ad
1180 671 1371 719 medicos,
1410 673 1564 720 negant
1595 672 1816 722 quicquam
1854 685 1942 711 esse

351 736 507 774 morbi:
538 747 703 773 rursum
732 734 833 773 alios
862 735 1043 782 consulo,
1065 735 1175 773 idem
1204 736 1423 775 affirmant.
1482 737 1660 775 Accerso
1689 736 1937 785 Hebraeum,

352 802 388 838 is
410 800 579 850 optabat
602 800 684 838 tale
704 813 850 849 corpus
869 813 994 838 suum
1014 800 1133 850 quale
1153 814 1294 839 meum
1315 804 1420 840 esset
1440 803 1546 840 teste
1565 802 1680 841 lotio.
1727 802 1833 841 Cum
1857 815 1940 841 non

350 866 503 904 rediret
521 879 605 904 vno
624 867 746 914 atque
767 865 896 903 altero
917 865 983 903 die
1004 866 1233 915 chirurgus,
1256 879 1356 916 rogo
1376 867 1677 906 Theodoricum
1697 867 1796 917 quid
1816 867 1871 906 sit
1895 867 1940 906 in

349 944 482 970 causa.
556 931 734 968 Excusat
767 930 837 968 ille
865 931 1002 969 nescio
1030 931 1139 981 quid.
1210 932 1269 970 At
1298 945 1371 982 ego
1412 945 1502 970 rem
1531 933 1745 982 suspicans
1786 933 1942 981 ‘Quid’

350 997 531 1047 inquam,
566 997 691 1034 ‘num
725 995 876 1034 iudicat
907 1009 995 1034 esse
1025 998 1185 1045 pestem
1202 998 1243 1035 ‘?’
1304 997 1421 1035 ‘Hoc
1454 998 1618 1046 ipsum'
1653 998 1790 1047 inquit
1829 1000 1941 1036 ‘con-

350 1064 508 1101 stanter
527 1061 715 1110 affirmat,
736 1063 820 1099 tres
844 1074 932 1099 esse
958 1061 1256 1100 carbunculos.’
1313 1062 1403 1100 Risi
1428 1063 1540 1108 satis,
1565 1076 1640 1101 nec
1659 1062 1790 1101 vllam
1815 1063 1942 1112 pestis

350 1127 690 1177 imaginationem
710 1127 885 1165 demitto
905 1128 950 1165 in
969 1127 1172 1165 animum.

404 1194 508 1232 Post
529 1192 613 1231 dies
631 1192 791 1242 aliquot
809 1192 924 1230 venit
949 1192 1133 1242 chirurgi
1155 1194 1283 1242 pater,
1306 1192 1482 1242 inspicit,
1506 1193 1617 1231 idem
1643 1193 1809 1242 iudicat,
1833 1195 1874 1232 et
1896 1194 1941 1232 in

351 1273 397 1297 os
416 1260 620 1297 asseuerat
639 1271 880 1307 germanam
900 1271 987 1296 esse
1003 1260 1173 1308 pestem.
1235 1258 1296 1296 Ne
1311 1258 1369 1296 sic
1391 1258 1559 1308 quidem
1579 1259 1687 1297 mihi
1702 1259 1941 1309 persuaderi

350 1325 496 1374 potuit.
555 1324 732 1361 Accerso
752 1324 859 1361 clam
879 1323 1057 1361 alterum
1077 1324 1319 1372 chirurgum
1340 1324 1481 1373 magni
1496 1324 1690 1362 nominis.
1750 1323 1938 1373 Inspicit,

352 1391 386 1429 is
404 1402 513 1437 vero,
530 1392 577 1427 vt
597 1390 682 1427 erat
701 1389 826 1428 homo
841 1388 1044 1437 rusticior,
1072 1390 1080 1407 ‘
1096 1389 1191 1427 Non
1206 1402 1369 1427 vererer
1383 1389 1392 1403 '
1411 1389 1561 1438 inquit,
1585 1393 1594 1408 ⁶
1613 1391 1751 1427 tecum
1767 1389 1915 1428 cubare
1931 1402 1942 1435 ;

351 1459 403 1504 et,
435 1456 471 1494 si
499 1455 649 1493 mulier
677 1467 798 1502 esses,
832 1468 920 1493 rem
950 1468 1111 1504 quoque
1154 1457 1293 1493 tecum
1333 1455 1511 1494 habere.'
1582 1454 1700 1493 Idem
1737 1455 1941 1494 sentiebat

352 1521 577 1559 Hebraeus.
636 1520 810 1558 Accerso
848 1520 1056 1558 medicum
1105 1520 1315 1569 quendam
1361 1521 1427 1558 cui
1472 1519 1703 1570 plurimum
1749 1521 1940 1559 tribuunt

352 1586 552 1624 Louanii:
581 1598 678 1624 nam
700 1585 768 1622 hic
795 1586 926 1624 bonos
950 1598 1038 1623 esse
1062 1585 1245 1624 medicos
1271 1585 1495 1624 admodum
1523 1587 1585 1623 est
1613 1599 1765 1624 rarum.
1824 1586 1940 1636 Rogo

352 1650 541 1700 nunquid
580 1650 679 1688 mali
716 1651 982 1700 portenderet
1019 1651 1142 1689 vrina
1165 1665 1173 1698 ;
1218 1652 1350 1700 negat.
1424 1651 1556 1689 Narro
1598 1651 1648 1689 de
1687 1651 1936 1699 hulceribus,

351 1716 506 1755 addens
524 1718 770 1765 argumenta
790 1716 940 1766 quibus
962 1715 1199 1766 colligerem
1219 1729 1303 1754 non
1327 1729 1414 1754 esse
1433 1718 1602 1765 pestem.
1653 1716 1836 1755 Hulcera
1855 1730 1938 1755 non

351 1784 468 1820 erant
488 1794 596 1819 noua
615 1794 749 1831 neque
769 1784 916 1830 sponte
938 1784 1045 1820 nata.
1105 1782 1285 1821 Glandes
1308 1782 1576 1820 ambulabant
1595 1781 1717 1820 initio
1734 1796 1743 1829 3
1773 1795 1875 1832 quae
1894 1782 1937 1820 in

351 1847 444 1885 leuo
465 1848 551 1884 erat
570 1847 751 1896 inguine,
768 1859 939 1896 semper.
1001 1846 1127 1885 Nulla
1146 1846 1283 1893 febris,
1300 1846 1442 1884 nullus
1462 1846 1642 1895 insignis
1655 1846 1803 1895 capitis
1822 1847 1939 1885 dolor

317 1934 328 1941 -
351 1912 433 1950 nisi
446 1911 498 1950 ob
513 1911 791 1959 iactationem,
804 1912 920 1949 nulla
935 1911 1224 1960 somnolentia,
1242 1912 1426 1961 palatum
1439 1913 1636 1961 perpetuo
1649 1911 1938 1950 sanissimum:

350 1976 534 2016 vomitus
575 1978 660 2014 erat
689 1989 775 2014 non
805 1977 985 2023 obortus,
1017 1977 1086 2015 sed
1117 1978 1376 2027 prouocatus,
1407 1989 1482 2014 nec
1511 1976 1734 2026 quicquam
1764 1977 1939 2015 eiectum

350 2044 507 2092 praeter
547 2041 712 2091 piscem.
785 2041 846 2079 Eo
875 2045 1120 2080 exoneratus
1149 2042 1309 2092 quieuit
1338 2042 1599 2080 stomachus:
1640 2041 1749 2091 quod
1789 2042 1939 2080 deinde

349 2107 487 2145 cibum
516 2106 745 2156 respuebat,
777 2107 983 2156 peculiare
1025 2109 1098 2145 est.
1173 2107 1348 2145 Nullum
1388 2107 1555 2155 signum
1597 2107 1725 2156 pestis
1763 2107 1939 2146 habebat

349 2173 513 2211 lotium.
556 2172 726 2211 Caetera
745 2174 809 2210 sat
828 2172 989 2210 fortiter
1007 2172 1193 2211 audierat
1209 2187 1218 2210 ε
1247 2174 1288 2210 at
1309 2173 1559 2222 simulatque
1577 2172 1762 2210 vlcerum
1780 2173 1938 2210 mentio

350 2238 456 2276 facta
496 2239 568 2285 est,
612 2237 721 2275 sensi
763 2237 978 2276 hominem
1021 2238 1319 2287 pertimescere.
1389 2238 1452 2276 Do
1494 2237 1654 2276 medico
1695 2239 1938 2276 coronatum

348 2316 529 2350 aureum,
567 2302 778 2352 pollicitus
815 2305 875 2341 est
913 2316 956 2342 se
995 2305 1087 2354 post
1125 2303 1348 2353 prandium
1385 2303 1435 2341 ad
1474 2316 1539 2341 me
1579 2303 1824 2341 rediturum.
1893 2303 1938 2341 Is

348 2367 518 2406 territus
546 2381 595 2405 ex
625 2368 809 2406 oratione
843 2368 976 2406 mittit
1010 2367 1263 2407 ministrum.
1320 2367 1484 2417 Reiicio,
1515 2370 1556 2406 et
1596 2367 1726 2406 iratus
1765 2367 1938 2406 medicis

349 2433 511 2472 Christo
530 2433 689 2472 medico
709 2447 776 2471 me
798 2434 1054 2473 commendo.

402 2499 648 2538 Stomachus
676 2499 789 2537 intra
823 2499 1011 2538 triduum
1040 2499 1258 2538 restitutus
1286 2501 1362 2547 est,
1390 2498 1539 2537 hausto
1567 2497 1680 2546 pullo
1713 2497 1937 2548 gallinaceo

349 2566 523 2602 contuso
551 2566 591 2602 et
621 2564 771 2614 cyatho
800 2565 890 2603 vini
917 2564 1148 2603 Belnensis.
1207 2564 1290 2602 Hic
1318 2563 1508 2614 protinus
1535 2563 1585 2601 ad
1616 2563 1747 2601 studii
1775 2576 1937 2613 quoque

348 2629 530 2668 laborem
557 2642 749 2668 reuersus
777 2629 947 2668 absoluo
977 2629 1085 2680 quod
1116 2630 1255 2668 deerat
1283 2629 1329 2667 in
1358 2629 1480 2667 Nouo
1498 2628 1774 2667 Testamento.
1834 2627 1937 2666 Post

349 2694 629 2743 septendecim
650 2694 739 2732 dies
764 2695 915 2733 excidit
937 2708 987 2733 ex
1013 2695 1223 2733 vlceribus
1249 2706 1341 2732 caro
1365 2694 1484 2743 nigra
1510 2705 1556 2731 ac
1579 2694 1796 2741 emortua;
1826 2693 1934 2742 quod
1981 2735 1984 2738 Δ

348 2759 531 2809 chirurgi
570 2759 760 2798 futurum
799 2760 1098 2809 praedixerant.
1170 2759 1301 2798 Glans
1335 2759 1408 2797 illa
1441 2771 1543 2809 quae
1573 2760 1659 2797 erat
1687 2758 1732 2795 in
1763 2757 1935 2808 inguine

348 2824 530 2873 sinistro,
562 2825 645 2863 iam
674 2825 942 2874 intumuerat,
975 2825 1078 2864 citra
1107 2825 1289 2863 dolorem
1319 2824 1470 2871 tamen,
1503 2836 1655 2873 magno
1684 2835 1776 2861 meo
1804 2823 1930 2861 metu.

391 2920 465 2949 203.
491 2910 571 2940 EN³
587 2923 594 2941 z
623 2911 785 2943 mamilla
800 2914 836 2942 H
849 2914 945 2943 Loml.
1073 2912 1145 2942 206.
1170 2911 1289 2950 ipsum
1304 2912 1377 2940 add.
1395 2913 1431 2941 F.
1561 2918 1637 2948 215.
1661 2910 1713 2940 Ne
1731 2911 1780 2939 E:
1803 2909 1874 2939 Nec
1888 2909 1930 2939 H.

347 2962 421 2991 235.
447 2956 528 2983 EN:
553 2955 636 2985 vino
651 2957 694 2986 H.

638 3042 711 3070 207.
740 3031 960 3071 Hebraeum]
987 3030 1191 3061 Matthaeus
1207 3029 1390 3060 Adrianus
1407 3040 1413 3059 :
1438 3029 1464 3059 E
1482 3031 1516 3059 in
1533 3038 1633 3066 τηαν-9.
