2034 3433
326 558 365 588 45

329 883 370 913 50

331 1208 369 1239 55

332 1525 373 1557 60

337 2184 376 2216 70

339 2510 375 2543 75

384 182 465 220 482
844 183 1092 222 LETTERS
1130 181 1199 221 OF
1236 181 1499 221 ERASMUS
1836 179 1872 232 [1
1883 192 1958 228 519

385 285 660 336 Paraphrasin
694 286 738 324 in
773 286 873 325 duas
903 285 1109 335 Epistolas
1141 286 1191 324 ad
1226 285 1474 333 Corinthios,
1511 298 1590 335 quo
1625 283 1802 323 Paulum
1835 285 1955 323 illum

385 351 553 390 vnicum
591 353 755 389 nostrae
793 350 1004 401 religionis
1041 350 1284 397 antistitem,
1327 353 1463 388 tecum
1502 361 1744 399 quocunque
1780 349 1958 388 lubitum

385 415 511 453 fuerit
548 415 841 463 circumferas;
885 415 1054 465 posthac
1091 415 1243 464 absque
1279 414 1451 464 prolixis
1485 413 1793 452 commentariis
1823 415 1960 452 tecum

387 480 563 518 dilucide
583 480 920 531 familiariterque
943 479 1313 519 confabulaturum.
1375 479 1517 528 Neque
1542 478 1686 517 dubito
1713 478 1815 528 quin
1837 478 1961 517 huius

387 545 635 594 colloquium
669 546 725 584 sit
753 546 829 585 tibi
857 559 942 585 non
978 546 1118 584 minus
1151 545 1398 595 frugiferum
1427 558 1552 595 quam
1579 543 1730 594 volupe
1759 545 1959 583 futurum.

386 609 577 648 Primum
605 611 716 650 enim
746 612 791 650 in
823 611 934 650 hisce
973 611 1130 650 duabus
1160 610 1361 660 Epistolis
1392 609 1636 659 aperiuntur
1671 609 1877 659 permulta
1913 610 1962 648 de

385 675 590 713 nascentis
618 675 822 715 Ecclesiae
850 676 1097 726 primordiis,
1128 675 1176 714 de
1203 675 1352 726 quibus
1383 675 1564 714 admiror
1589 688 1716 725 prope
1739 674 1849 712 nihil
1877 687 1964 713 esse

386 739 597 788 proditum
616 740 789 780 historia
807 741 993 791 grauiore
1014 741 1161 790 cuique
1186 742 1277 778 tuto
1303 741 1436 790 possis
1463 740 1636 779 credere.
1697 739 1817 778 Solus
1836 739 1965 778 Lucas

387 804 437 842 de
455 805 596 853 paucis
614 805 825 855 Apostolis
843 820 969 856 pauca
988 805 1186 856 quaedam
1205 805 1413 856 attingens
1436 805 1616 843 Paulum
1642 805 1818 843 Romam
1836 817 1964 854 vsque

387 869 660 918 prosequitur.
733 870 840 909 Nam
879 871 1114 920 Dionysius,
1149 871 1219 921 qui
1256 870 1301 909 in
1329 870 1570 910 Hierarchia
1599 870 1776 908 secunda
1811 869 1964 919 priscos

388 934 592 973 Ecclesiae
626 935 731 974 ritus
764 937 865 975 satis
898 936 1055 986 copiose
1085 936 1287 985 describit,
1319 936 1491 975 eruditis
1525 935 1729 973 recentior
1759 935 1964 984 quispiam

388 999 513 1037 fuisse
537 1000 701 1039 videtur
727 1014 850 1050 quam
874 1002 999 1040 fuerit
1025 1001 1294 1051 Areopagites
1317 1001 1389 1039 ille
1421 1001 1543 1039 Pauli
1569 1000 1807 1049 discipulus.
1865 999 1966 1049 Legi

388 1065 636 1104 Graecorum
656 1066 896 1116 Liturgiam,
920 1080 1045 1116 quam
1063 1066 1128 1105 illi
1148 1067 1445 1116 Ohrysostomo
1461 1066 1651 1104 tribuunt
1672 1065 1738 1103 cui
1758 1064 1865 1103 nihil
1884 1064 1966 1102 fere

389 1142 472 1168 non
487 1130 677 1169 tribuunt
693 1145 702 1179 ;
731 1131 835 1170 mihi
855 1145 939 1170 non
959 1132 1007 1170 fit
1026 1131 1261 1170 verisimile.

441 1196 580 1244 Atque
608 1195 767 1233 vtinam
796 1209 897 1246 quae
925 1196 1080 1235 Paulus
1107 1196 1174 1236 hic
1201 1197 1338 1247 attigit
1365 1210 1410 1235 ac
1438 1196 1569 1234 veluti
1598 1209 1670 1246 per
1697 1196 1965 1233 transennam

389 1259 566 1298 ostendit
592 1260 641 1297 de
667 1259 815 1298 ritibus
841 1260 1132 1309 ecclesiasticis,
1165 1262 1376 1312 aliquanto
1404 1261 1606 1310 copiosius
1634 1262 1677 1298 et
1708 1259 1968 1310 explanatius

388 1323 651 1363 tradidisset!
715 1324 847 1372 Quam
886 1326 996 1364 enim
1033 1326 1272 1365 circumcise
1310 1326 1502 1365 meminit
1532 1326 1581 1364 de
1609 1325 1852 1364 eucharistia
1880 1323 1968 1363 siue

390 1389 547 1439 synaxi,
570 1389 686 1439 quasi
704 1390 860 1428 veritus
880 1404 932 1429 ne
952 1391 1050 1441 quid
1080 1392 1130 1430 de
1158 1393 1275 1430 tanto
1303 1391 1501 1440 mysterio
1529 1403 1645 1429 secus
1669 1390 1819 1428 diceret
1844 1402 1967 1439 quam

390 1456 586 1503 oporteat,
610 1454 660 1492 de
684 1468 763 1504 quo
790 1456 1036 1495 recentiores
1060 1456 1228 1506 quidam
1255 1471 1376 1507 quam
1405 1457 1549 1504 illotis,
1577 1457 1623 1494 vt
1644 1455 1771 1503 aiunt,
1791 1454 1965 1505 pedibus

391 1519 488 1569 quid
527 1532 611 1558 non
649 1520 871 1568 disserunt,
909 1522 1005 1571 quid
1045 1534 1129 1560 non
1167 1522 1397 1560 definiunt!
1467 1521 1641 1560 Vtinam
1677 1520 1782 1558 illud
1819 1519 1968 1558 saltem

391 1584 625 1633 aperuisset,
648 1598 671 1623 a
691 1583 850 1634 quibus,
875 1599 952 1634 quo
973 1587 1166 1635 tempore,
1187 1599 1269 1635 quo
1289 1586 1413 1632 cultu,
1438 1599 1518 1636 quo
1540 1585 1636 1632 ritu,
1649 1578 1808 1635 'quibus
1828 1584 1965 1623 verbis

392 1649 617 1688 consecrari
636 1649 764 1688 soleat
787 1649 905 1699 panis
930 1650 1000 1688 ille
1025 1651 1226 1700 mysticus
1254 1664 1298 1690 ac
1328 1653 1634 1690 sacrosanctum
1654 1649 1861 1688 Dominici
1881 1662 1969 1688 san-

391 1714 529 1765 guinis
548 1714 766 1764 poculum!
795 1729 816 1753 e
836 1715 951 1754 cuius
978 1715 1149 1766 indigna
1174 1717 1417 1755 tractatione
1440 1715 1596 1755 Paulus
1625 1715 1785 1753 crebros
1803 1714 1972 1754 morbos

391 1793 436 1818 ac
454 1781 608 1818 mortes
628 1779 740 1817 nasei
759 1780 874 1818 docet
891 1795 899 1819 :
929 1780 1000 1830 qui
1021 1793 1152 1819 sermo
1165 1794 1240 1820 nos
1255 1794 1414 1831 quoque
1430 1780 1790 1831 circunspectiores
1803 1780 1970 1818 reddere

357 1861 370 1891 ;
393 1845 521 1893 debet,
545 1857 597 1882 ne
616 1844 721 1882 forte
743 1844 843 1893 lues,
868 1858 969 1894 quae
1004 1845 1284 1895 compluribus
1309 1846 1392 1885 iam
1421 1846 1540 1884 annis
1569 1845 1723 1895 passim
1749 1846 1964 1894 grassatur,

392 1910 489 1947 hinc
509 1909 627 1948 nobis
650 1912 736 1947 orta
764 1910 829 1948 sit.
888 1910 1051 1948 Tractat
1076 1912 1213 1948 autem
1238 1911 1406 1961 indigne
1431 1924 1516 1949 non
1542 1911 1680 1949 solum
1706 1911 1778 1959 qui
1796 1909 1968 1948 libidine

391 1974 577 2024 pollutus
595 1974 759 2020 accedit,
778 1975 849 2013 sed
870 1975 1003 2013 multo
1022 1976 1151 2025 magis
1171 1976 1240 2025 qui
1258 1976 1399 2023 liuore,
1421 1976 1492 2026 qui
1512 1975 1618 2024 odio,
1641 1975 1712 2025 qui
1730 1974 1967 2022 virulentia,

392 2039 463 2089 qui
476 2039 777 2087 obtrectatione,
793 2041 864 2090 qui
879 2040 1081 2079 vindictae
1094 2041 1229 2079 studio
1246 2043 1548 2091 conspurcatus,
1563 2040 1735 2090 aliisque
1753 2040 1829 2078 hoc
1842 2053 1971 2089 genus

391 2104 523 2152 viciis,
544 2117 645 2154 quae
663 2106 806 2155 suapte
825 2107 972 2144 natura
991 2118 1039 2143 ex
1059 2105 1259 2144 diametro
1278 2108 1466 2156 pugnant
1486 2119 1580 2144 cum
1595 2105 1828 2144 Christiana
1845 2105 1970 2144 chari-

393 2172 487 2217 tate,
506 2182 631 2219 quam
651 2169 727 2208 hoc
748 2170 945 2220 mysterio
966 2173 1327 2220 repraesentamus.
1385 2171 1556 2210 Plenius
1575 2171 1788 2222 aliquanto
1806 2170 1971 2210 disserit

394 2235 444 2273 de
482 2235 647 2274 dotibus
680 2235 929 2285 linguarum,
971 2235 1334 2285 interpretationis,
1376 2237 1625 2286 prophetiae,
1666 2237 1893 2287 ceterisque
1924 2236 1969 2274 in

394 2312 568 2349 quorum
588 2299 722 2338 locum
750 2301 890 2349 postea
913 2301 1107 2339 successit
1136 2303 1281 2340 cantus
1309 2302 1616 2350 ecclesiasticus,
1640 2314 1754 2340 sacra
1781 2301 1901 2340 lectio
1929 2303 1971 2339 et

394 2365 542 2403 concio.
603 2364 711 2403 Nam
730 2365 836 2403 dona
865 2365 1127 2404 sanationum
1156 2369 1196 2405 et
1224 2366 1477 2417 apocalypsis
1504 2367 1589 2405 iam
1617 2366 1720 2405 olim
1747 2379 1823 2405 nos
1851 2366 1972 2405 desti-

395 2431 576 2478 tuerunt,
597 2431 737 2479 postea
756 2443 879 2479 quam
900 2430 1141 2480 frigescente
1161 2431 1357 2470 charitate
1378 2434 1418 2469 et
1434 2432 1724 2482 languescente
1743 2431 1822 2469 fide
1840 2431 1974 2481 magis

395 2494 444 2532 ab
465 2494 660 2533 humanis
679 2495 891 2543 praesidiis
911 2495 1138 2544 pendemus
1157 2509 1281 2545 quam
1304 2509 1378 2546 ope
1398 2497 1574 2535 coelesti.

448 2559 632 2609 Attingit
661 2560 852 2598 nonnihil
879 2562 920 2598 et
948 2561 998 2599 de
1026 2561 1303 2600 iurisdictione
1335 2562 1622 2610 ecclesiastica,
1655 2574 1751 2599 cum
1779 2560 1971 2611 prohibet

395 2624 499 2662 adiri
527 2624 681 2662 iudices
707 2624 908 2672 ethnicos,
931 2638 978 2663 ac
1004 2625 1096 2664 lites
1131 2626 1386 2675 pecuniarias
1416 2639 1488 2676 per
1516 2626 1773 2665 Christianos
1797 2626 1974 2664 arbitros

396 2689 567 2738 transigi
586 2689 711 2728 iubet.
773 2689 881 2737 Quin
911 2692 951 2727 et
979 2690 1058 2729 sibi
1086 2691 1361 2740 cognitionem
1389 2690 1647 2729 iudiciariam
1666 2691 1857 2738 vindicat,
1879 2702 1978 2741 cum*

397 2754 478 2792 ait:
521 2753 604 2791 Vbi
631 2767 792 2802 venero,
824 2755 868 2792 in
901 2768 967 2792 ore
1002 2755 1178 2793 duorum
1210 2757 1280 2793 aut
1312 2755 1440 2794 trium
1474 2755 1646 2794 testium
1684 2755 1811 2794 stabit
1851 2767 1973 2794 omne

754 2836 807 2864 42.
832 2828 946 2857 tecum
964 2837 1022 2858 om.
1042 2828 1068 2860 δ.
1202 2828 1251 2865 76.
1277 2839 1317 2867 η;
1342 2828 1566 2859 iurisditione
1582 2840 1612 2860 α.

443 2907 494 2935 51.
522 2898 686 2938 eruditis]
714 2898 787 2929 The
815 2898 915 2929 Paris
942 2899 1089 2938 Faculty
1118 2899 1156 2930 of
1220 2900 1291 2930 LB.
1308 2901 1353 2931 ix.
1371 2902 1434 2939 916
1451 2910 1559 2940 E-917
1576 2910 1604 2932 c.

399 2939 575 2979 Theology
610 2942 783 2972 censured
825 2942 899 2972 this
937 2944 1149 2973 statement:
1263 2953 1313 2981 53.
1340 2943 1556 2985 Liturgiam]
1575 2944 1626 2975 cf.
1647 2943 1708 2982 Ep.
1728 2954 1799 2982 227.
1817 2953 1830 2973 1
1850 2952 1885 2973 n.

400 2982 566 3013 Erasmus
584 2984 620 3013 in
638 2987 782 3024 support
804 2985 984 3016 instances
1008 2986 1149 3024 Grocin,
1262 2997 1314 3025 59.
1342 2987 1470 3027 illotis]
1489 2987 1541 3018 Cf.
1559 2990 1664 3024 Λείας.
1681 2987 1756 3025 854.

400 3027 620 3057 Declaraticnes
636 3030 676 3057 (ιεί
693 3037 836 3058 censuras
851 3031 984 3059 Lutetiae
997 3032 1146 3067 νιιῑραίαε,
1262 3040 1309 3067 79.
1334 3031 1372 3060 in
1389 3030 1462 3071 ore]
1482 3040 1501 3059 2
1519 3030 1597 3061 Cor.
1617 3039 1664 3069 13.
1688 3040 1714 3060 1.
