2034 3433
315 150 395 190 288
782 148 1033 187 LETTERS
1072 147 1141 186 OF
1179 148 1444 188 ERASMUS
1785 147 1913 202 [1518.

707 302 802 340 819.
866 300 995 341 Fsson
1028 300 1246 341 WILLIAM
1279 302 1512 342 BrDAEUs.

358 411 520 456 Farrago
539 422 575 454 p.
595 410 674 453 363.
1628 407 1744 443 Paris.

357 469 395 503 F.
413 481 448 513 p.
469 477 560 511 207:
589 466 681 501 HN:
709 465 828 500 Lond.
850 465 904 501 iii.
923 467 989 511 65:
1018 465 1090 501 LB.
1110 478 1189 511 409.
1507 476 1553 500 20
1577 465 1684 511 April
1706 465 1860 513 (1518).

521 530 715 572 [Probably
732 532 812 561 sent
827 531 875 570 by
890 529 954 561 the
970 530 1178 570 bookseller,
1199 530 1328 561 Calvus
1344 541 1352 570 3
1376 531 1418 561 cf.
1439 530 1501 570 Ep.
1520 540 1593 570 925.
1613 540 1632 559 2
1645 531 1700 572 n.]

724 634 982 664 GVLIELMVS
1015 632 1221 663 BVDAEVS
1251 633 1431 663 ERASMO
1462 634 1495 663 S.

361 715 527 753 Scmrsr
547 714 597 752 ad
618 718 659 753 te
673 714 739 752 his
755 714 899 752 diebus
919 726 991 763 per
1005 713 1299 752 scholasticum
1316 714 1523 764 quendam
1542 715 1908 765 Agrippinensem,

306 780 523 818 hominem
551 780 906 818 humanissimum
931 781 983 824 et,
1018 779 1100 817 nisi
1128 779 1261 828 fallor,
1293 780 1528 830 optimum3
1557 781 1776 830 epistolam
1804 782 1911 820 bene

306 846 485 895 longam,
505 847 549 883 in
570 859 650 896 qua
670 845 781 883 inter
800 845 881 883 alia
900 845 941 882 id
962 845 1088 883 etiam
1109 844 1254 892 scribo,
1273 845 1370 885 ὅπως
1389 863 1452 883 σοι
1473 846 1548 896 ἔχει
1566 847 1614 884 τὰ
1635 845 1715 884 καθ’
1732 847 1830 896 ἡμᾶς
1850 848 1909 885 καὶ

305 912 351 949 τὸ,
371 913 463 949 κατὰ
481 912 546 950 τὸν
567 912 749 956 Βασιλέα,
772 911 831 948 καὶ
852 911 942 951 ὅσος
961 911 1076 949 πάλιν
1095 928 1167 948 σου
1185 911 1300 951 πόθος
1318 913 1394 951 τοῖς
1413 911 1615 961 ἡμεδαποῖς
1630 912 1785 964 ἐγένετο,
1802 913 1849 951 Vi]
1862 914 1909 951 tu

267 995 284 1026 5
305 979 463 1016 Statuas
484 978 581 1018 ὅπως
600 977 649 1015 σὺ
670 978 729 1015 καὶ
749 977 806 1015 ὅτι
824 978 925 1028 χρῷο
940 978 1085 1028 σεαυτῷ
1099 977 1397 1026 προσ-μειδιώσης
1415 980 1478 1015 νῦν
1497 979 1621 1029 τύχης.
1652 978 1748 1016 Non
1765 977 1913 1016 dubito

304 1042 448 1081 literas
467 1043 516 1081 ad
538 1044 579 1082 te
598 1043 835 1093 peruenisse
855 1045 925 1081 aut
941 1042 1059 1080 breui
1074 1045 1345 1092 peruenturas
1360 1056 1460 1091 esse,
1481 1057 1561 1093 qua
1576 1045 1640 1082 est
1659 1043 1730 1081 ille
1745 1043 1909 1082 Coloni-

305 1109 417 1148 ensis
435 1109 577 1147 vultus
596 1109 801 1159 probitate
819 1125 826 1157 ;
848 1109 920 1159 qui
939 1108 1046 1146 mihi
1066 1122 1109 1147 se
1130 1121 1196 1147 eas
1217 1108 1283 1146 vel
1303 1108 1382 1147 tibi
1405 1109 1666 1148 redditurum
1687 1109 1910 1159 spopondit

305 1175 371 1213 vel
400 1175 572 1213 omnino
599 1178 840 1213 curaturum
866 1175 913 1212 vt
938 1174 1017 1212 tibi
1046 1173 1188 1212 literae
1217 1174 1473 1212 reddantur:
1505 1176 1656 1225 quippe
1683 1175 1754 1225 qui
1781 1175 1909 1214 etiam

305 1237 450 1287 cupide
471 1238 549 1276 hoc
568 1237 789 1285 affectauit,
814 1240 859 1276 vt
887 1237 939 1275 ad
964 1239 1005 1275 te
1030 1236 1174 1275 literas
1198 1251 1220 1275 a
1243 1250 1310 1275 me
1335 1237 1470 1276 ferret.
1523 1238 1753 1276 Glareanus
1780 1241 1911 1276 τοῦτον

248 1321 286 1344 ιο
304 1304 518 1353 συνέστησέ
535 1321 599 1353 μοι
618 1306 773 1354 πρῶτον.
816 1302 945 1352 Cupio
965 1302 1069 1341 scire
1088 1303 1187 1352 quid
1208 1303 1358 1341 habeas
1380 1303 1511 1342 animi
1531 1303 1580 1341 de
1602 1317 1648 1341 eo
1669 1303 1778 1353 quod
1797 1303 1849 1342 ad
1870 1306 1911 1341 te

305 1369 437 1407 scribo
457 1370 557 1418 παρὰ
576 1371 640 1406 τοῦ
661 1368 867 1415 Βασιλέως,
886 1369 926 1406 et
953 1368 1157 1417 quomodo
1177 1368 1369 1417 accepisti
1390 1367 1696 1418 obiurgationes
1722 1380 1845 1416 meas,
1869 1371 1910 1406 et

305 1438 449 1473 v·t1um
476 1434 612 1473 literis
637 1433 741 1473 meis
770 1433 957 1483 placatus
979 1433 1037 1472 sis
1059 1447 1113 1472 an
1145 1434 1411 1473 exacerbatus
1438 1434 1603 1484 potius.
1595 1449 1603 1456 ·
1633 1433 1741 1484 quod
1770 1433 1806 1471 si
1831 1436 1905 1472 est.

305 1502 510 1551 expecto’
495 1500 757 1549 εριστικώτατα
775 1500 986 1551 γράμματα.

361 1565 517 1604 Verum
548 1565 620 1603 ille
646 1564 907 1604 Coloniensis
933 1577 1028 1602 cum
1058 1564 1107 1601 ad
1138 1577 1205 1602 me
1225 1577 1320 1601 vien
1311 1564 1351 1610 t,
1374 1563 1419 1601 in
1443 1564 1589 1602 villam
1608 1534 1821 1602 abiturum
1842 1577 1910 1602 me

250 1641 286 1674 15
307 1631 489 1679 offendit,
518 1644 593 1669 nec
624 1632 721 1669 ante
747 1630 1016 1680 quatriduum
1052 1629 1297 1667 rediturum.
1362 1629 1458 1667 Dixi
1491 1629 1644 1668 habere
1679 1643 1745 1668 me
1777 1643 1909 1668 exem

305 1696 425 1747 plum
445 1709 576 1734 vnum
597 1695 795 1746 epistolae
815 1695 1071 1745 praelongae,
1101 1695 1210 1745 quod
1239 1695 1289 1733 ad
1320 1697 1359 1733 te
1390 1695 1594 1734 missurus
1623 1709 1735 1733 eram
1765 1696 1907 1734 statim

304 1765 428 1813 atque
447 1762 535 1800 eius
554 1761 794 1811 exemplum
814 1761 1176 1799 transcribendum
1197 1774 1412 1799 curassem.
1473 1761 1562 1809 Quo
1578 1761 1721 1799 audito
1740 1761 1811 1798 ille
1831 1761 1910 1799 hoc

305 1840 459 1866 munus
488 1826 670 1877 deposcit
691 1840 759 1864 me
778 1827 1019 1875 refragante.
1081 1826 1133 1864 Et
1154 1839 1248 1864 cum
1269 1826 1307 1864 ei
1326 1825 1495 1864 tandem
1515 1839 1560 1864 ea
1581 1826 1669 1876 lege
1690 1825 1905 1873 dedissem,

304 1895 350 1931 vt
370 1906 437 1932 me
458 1893 626 1932 absente
647 1893 819 1931 domum
839 1892 1010 1930 referret
1036 1892 1078 1930 id
1105 1892 1343 1942 exemplum
1365 1892 1470 1941 quod
1492 1891 1579 1941 ipse
1599 1891 1879 1941 exscripsisset
1900 1906 1908 1938 ;

248 1974 287 1996 20
306 1972 400 1997 cum
422 1958 537 2005 redii.
561 1958 704 1996 inueni
726 1957 840 1995 domi
863 1970 948 1995 non
974 1957 1016 1996 id
1037 1957 1146 2007 quod
1172 1957 1260 2006 ipse
1285 1957 1568 2007 exscripserat,
1591 1956 1660 1995 sed
1679 1956 1720 1994 id
1742 1956 1852 2006 quod
1872 1957 1910 1994 ei

304 2025 354 2063 ad
374 2026 416 2063 te
435 2024 704 2063 deferendum
724 2023 916 2061 dederam
937 2036 960 2061 a
976 2036 1043 2061 me
1059 2023 1328 2073 recognitum.
1373 2022 1554 2061 Proinde
1570 2022 1606 2060 si
1621 2021 1840 2072 epistolam
1856 2022 1907 2060 ad

305 2089 569 2128 Tonstallum
589 2089 801 2127 aediturus
827 2102 882 2136 eS,
903 2088 1062 2127 sustine
1088 2089 1220 2139 quoad
1247 2102 1314 2127 me
1342 2088 1558 2127 certiorem
1584 2088 1738 2136 feceris,
1764 2088 1806 2125 et
1833 2100 1911 2137 ego

305 2155 385 2194 tibi
419 2155 532 2194 aliud
561 2154 801 2204 exemplum
827 2154 996 2192 mittam
1025 2154 1306 2192 emendatum.
1357 2154 1512 2192 Vereor
1540 2154 1654 2192 enim
1682 2166 1735 2191 ne
1763 2152 1834 2191 ille
1863 2153 1908 2190 in

304 2221 579 2260 tumultuaria
605 2219 859 2269 excriptione
885 2221 1075 2269 corrupte
1100 2219 1143 2257 id
1169 2220 1390 2270 scripserit.
1452 2219 1515 2257 Tu
1541 2219 1669 2269 igitur
1693 2218 1816 2256 facies
1841 2231 1911 2256 me

249 2301 263 2321 2
269 2300 285 2331 5
305 2286 521 2325 certiorem
539 2298 591 2323 an
612 2298 716 2335 opus
736 2285 792 2323 sit
812 2285 926 2323 aliud
946 2285 997 2323 ad
1017 2288 1058 2323 te
1078 2285 1192 2323 mitti
1213 2285 1461 2335 exemplum.
1521 2284 1634 2323 Vale.

359 2351 543 2390 Parisiis.
566 2364 640 2389 XII.
666 2350 833 2389 Calend.
855 2349 993 2389 Maias.

360 2417 523 2456 Nomen
544 2416 631 2454 eius
650 2416 816 2454 iuuenis
834 2416 1156 2466 Agrippinensis
1183 2416 1328 2466 scripsi
1357 2418 1447 2454 tum
1478 2416 1522 2453 in
1551 2414 1726 2464 quadam
1754 2413 1906 2461 charta,

305 2496 432 2533 quam
448 2481 637 2520 inuenire
652 2494 738 2519 non
755 2480 883 2530 potui,
896 2494 992 2519 cum
1004 2480 1109 2520 hanc
1121 2481 1172 2519 ad
1188 2483 1230 2519 te
1245 2481 1462 2530 epistolam
1482 2480 1650 2529 scripsi:
1671 2481 1910 2529 praeceptor

305 2550 368 2586 est
383 2560 604 2598 puerorum
619 2548 691 2585 aut
710 2546 1107 2585 adolescentulorum
1132 2546 1347 2593 nobilium,
1368 2546 1439 2595 qui
1454 2545 1637 2583 Aureliis
1657 2544 1906 2583 studuerunt

247 2627 287 2656 30
304 2625 397 2651 lun.

351 2720 380 2748 5.
406 2709 475 2750 χρῷ
490 2712 527 2740 F.
622 2718 671 2747 13.
697 2709 844 2747 expecto
859 2709 934 2738 EF:
962 2708 1106 2746 expecto
1125 2707 1248 2738 literas
1264 2710 1292 2737 E
1309 2710 1421 2746 θυννίς,
1502 2708 1549 2737 18.
1575 2710 1602 2737 E
1619 2709 1732 2746 Corn-iq.
1751 2708 1826 2736 LB:
1850 2715 1903 2736 re·
1939 2702 1943 2704 ’

308 2754 487 2793 fragrante
504 2756 532 2783 Ε
547 2755 646 2783 Lomz.

355 2878 381 2901 1.
405 2869 676 2911 scholasticum]
758 2871 803 2903 M.
869 2870 1070 2901 Delaruelle
1183 2880 1212 2909 3.
1238 2871 1367 2911 scribo]
1388 2872 1450 2911 Ep
1468 2871 1540 2902 810.
1561 2881 1623 2911 354
1640 2880 1711 2926 seq.

309 2913 426 2944 shows
436 2914 529 2944 from
541 2914 679 2952 BE.⁴56
690 2913 771 2945 that
782 2914 857 2945 this
872 2924 946 2945 was
962 2914 1070 2944 Adol-
1186 2915 1234 2944 16.
1259 2914 1431 2953 epistolae
1446 2915 1686 2954 praelongae·
1699 2913 1751 2945 Cf.
1769 2913 1791 2944 1.
1809 2922 1847 2942 21
1865 2923 1899 2944 n.

309 2956 401 2994 phus
418 2957 590 2988 Eichholz
608 2967 615 2995 3
640 2957 694 2988 for
710 2958 830 2988 whom
847 2968 903 2989 see
925 2958 989 2997 Ep.
1008 2958 1072 2988 866
1183 2966 1235 2987 21.
1259 2958 1306 2988 ad
1320 2957 1562 2999 Tonstallum]
1580 2959 1643 2998 Ep
1662 2958 1749 2997 5833
1772 2957 1817 2988 cf.
1836 2958 1900 2997 Ep.

309 3000 439 3031 introd.
1140 3002 1214 3031 810.
1233 3001 1315 3040 348
1320 3011 1370 3040 51
