2034 3433
317 163 396 202 430
775 158 1025 200 LETTERS
1063 159 1132 198 OF
1170 157 1437 198 ERASMUS
1778 153 1819 207 [1
1829 166 1851 203 5
1859 165 1874 190 1
1883 155 1905 190 8

317 269 494 307 affirmat
547 267 674 305 fuisse
722 264 985 304 verissimam
1031 264 1202 313 pestem.
1275 262 1372 311 Ipse
1419 260 1577 300 dubito.
1648 259 1754 298 Mihi
1799 262 1908 300 certe

318 333 547 372 maximum
584 332 663 370 fuit
696 329 866 369 malum.
926 327 1117 366 Demiror
1144 327 1244 377 quid
1282 326 1362 365 sibi
1389 325 1492 366 velit
1529 324 1712 375 Potkyn.
1771 325 1910 364 Toties

282 412 299 442 5
320 398 466 436 reiecta
495 395 730 446 syngrapha
758 408 861 442 mea,
885 394 1057 433 tandem
1087 391 1301 442 proprium
1330 391 1538 430 famulum
1563 390 1639 429 hac
1664 390 1796 440 gratia
1814 391 1910 431 misi

320 466 365 503 in
404 459 637 512 Anglia<m>
670 473 765 499 cum
799 458 1043 510 syngrapha,
1067 470 1193 508 quam
1231 457 1320 506 ipse
1354 457 1544 496 sixt-inus
1575 456 1731 494 fatetur
1762 455 1911 495 melius

320 529 447 567 fuisse
496 526 694 576 scriptam
754 537 879 575 quam
933 522 1215 574 syngrapham
1265 521 1542 560 Potkinicam.
1612 520 1913 560 Existimabam

265 622 270 628 .
322 592 605 643 deponendam
625 592 856 641 pecuniam.
917 588 1161 627 Franciscus
1186 588 1338 637 putans
1366 600 1454 626 rem
1474 588 1629 625 certam
1648 585 1792 625 scribit
1810 585 1914 624 mihi

322 657 620 707 syngrapham,
662 669 742 706 qua
780 654 950 694 nomine
988 653 1118 703 ipsius
1157 653 1202 691 in
1241 652 1466 690 Germania
1503 650 1721 701 pecuniam
1758 650 1913 700 possim

266 737 306 758 10
324 723 514 773 accipere,
530 723 646 772 parte
666 734 832 760 summe
851 719 994 758 statim
1015 718 1110 756 data
1128 717 1174 756 in
1193 730 1379 756 manum.
1421 716 1506 756 Vbi
1516 716 1633 755 venit
1644 716 1689 754 in
1703 715 1913 766 Angliam‚

324 789 492 838 Potkyn
513 788 562 826 de
582 786 818 837 syngrapha
838 785 1068 833 cauillatur,
1086 796 1160 822 nec
1180 783 1250 822 dat
1269 782 1498 832 pecuniam.
1558 781 1689 820 Mittit
1708 779 1919 831 exemplar

324 854 423 892 bille
456 852 796 899 insulsissimum,
820 850 863 889 in
895 863 976 900 quo
1004 848 1163 887 mentio
1192 848 1241 886 fit
1271 847 1372 886 anni
1400 846 1551 885 decimi
1579 846 1691 894 noni,
1718 859 1814 884 cum
1842 845 1917 884 hec

325 919 469 969 pensio
497 919 554 958 sit
583 917 683 956 anni
711 916 859 955 decimi
888 915 1036 954 octaui.
1097 914 1286 962 Obsecr0,
1319 926 1523 963 quaenam
1551 911 1631 951 ista
1667 910 1920 950 morositas?

327 984 435 1033 Quid
465 983 500 1021 si
528 983 646 1022 nulla
672 981 944 1020 intercederet
972 979 1240 1030 syngrapha?
1270 991 1324 1017 an
1343 979 1510 1017 veretur
1538 991 1590 1016 ne
1609 990 1683 1026 ego
1702 975 1919 1026 pecuniam

270 1064 307 1095 15
326 1049 389 1088 bis
423 1050 573 1098 petam,
595 1061 675 1098 que
707 1046 837 1086 semel
872 1045 1057 1084 debetur.
1117 1044 1220 1082 Tam
1249 1043 1525 1094 periculosum
1554 1042 1634 1080 iter
1663 1040 1835 1091 suscepi,
1859 1041 1922 1079 tot

327 1114 485 1153 morbis
521 1112 718 1160 laboraui,
740 1114 782 1151 et
812 1112 865 1151 ob
896 1110 1018 1150 istius
1050 1109 1199 1149 billam
1229 1122 1304 1159 ego
1339 1109 1567 1147 destitutus
1596 1106 1778 1153 fuissem,
1802 1105 1847 1144 ni
1876 1105 1920 1143 in

328 1179 551 1218 Germania
582 1178 855 1229 repperissem
889 1176 961 1227 qui
989 1175 1095 1214 mihi
1124 1175 1218 1225 plus
1247 1173 1458 1213 crederent
1488 1186 1614 1223 quam
1640 1172 1718 1224 iste
1739 1171 1921 1221 Potkyn.

328 1245 568 1284 Franciscus
585 1244 710 1291 enim,
732 1243 804 1282 vbi
823 1244 972 1292 negata
993 1243 1056 1280 est
1074 1241 1258 1290 pecunia,
1283 1252 1402 1279 suam
1423 1237 1707 1289 syngrapham
1730 1235 1920 1284 mutauit,

328 1311 450 1350 sicuti
469 1323 543 1361 par
560 1309 651 1349 fuit.

274 1389 313 1411 ιο
385 1376 500 1425 Rogo
528 1377 574 1413 vt
603 1374 677 1413 hec
705 1374 855 1413 referas
883 1370 1260 1412 domino—melius
1289 1371 1404 1409 enim
1434 1371 1515 1408 ista
1545 1372 1767 1407 narrantur
1800 1379 1923 1417 quam

330 1441 665 1480 scribuntur—et
701 1439 915 1478 adlabores
949 1451 1002 1476 ne
1042 1436 1151 1486 apud
1190 1435 1429 1475 Arnoldum
1463 1434 1707 1484 disponatur
1735 1431 1921 1483 pecunia.

332 1505 414 1544 Hic
447 1519 521 1555 ego
549 1504 744 1554 recipiam
773 1516 797 1541 a
826 1502 1057 1549 Francisco,
1079 1503 1120 1540 et
1146 1500 1318 1551 posthac
1344 1502 1438 1550 agat
1467 1499 1662 1538 dominus
1690 1498 1829 1548 potius
1854 1509 1927 1546 per

333 1570 567 1610 Maruffum.
630 1570 719 1617 Fac,
742 1581 880 1618 queso,
904 1569 951 1606 vt
977 1566 1105 1605 sciam
1135 1579 1187 1605 an
1216 1566 1412 1605 dominus
1430 1564 1651 1605 volumina
1676 1561 1928 1611 Hieronymi

333 1635 551 1685 receperit:
582 1634 718 1673 solent
736 1634 852 1672 enim
872 1646 987 1672 meos
1006 1631 1137 1671 libros
1157 1631 1202 1669 in
1230 1631 1316 1670 suis
1336 1630 1531 1669 manibus
1552 1629 1749 1668 detinere.
1807 1625 1925 1675 Quod

277 1716 291 1737 2
298 1716 315 1747 5
334 1701 366 1740 si
388 1714 472 1739 non
492 1699 658 1750 recepit,
682 1698 831 1738 curabo
850 1700 896 1737 vt
914 1697 1073 1737 habeat.
1132 1697 1246 1736 Bene
1267 1695 1371 1745 vale,
1395 1695 1523 1735 amice
1542 1693 1842 1745 syncerissime.

389 1765 563 1805 Louanii
582 1778 609 1803 x
629 1764 702 1803 cal.
727 1762 918 1803 nouemb.

747 1898 844 1937 893.
905 1895 970 1938 To
999 1895 1233 1950 <W1LL1AM
1264 1892 1511 1948 WARHAM).

384 1995 576 2030 Deventcr
593 1993 669 2027 MS.
690 2003 745 2038 91,
765 1993 789 2027 f.
808 2002 850 2036 27
871 1996 920 2026 v0.
1621 1987 1795 2023 Louvain.

385 2053 456 2087 LB.
475 2052 571 2097 App.
592 2061 671 2096 299.
1539 2057 1584 2089 24
1603 2045 1764 2082 October
1784 2047 1884 2092 1518.

383 2138 504 2179 [From
532 2138 595 2169 the
626 2137 790 2167 mention
815 2136 852 2167 of
876 2135 1019 2175 Potkyn
1046 2134 1082 2175 (l.
1110 2133 1166 2173 33)
1194 2134 1224 2164 it
1252 2134 1282 2163 is
1309 2133 1403 2164 clear
1428 2131 1508 2164 that
1536 2132 1680 2163 Leclerc
1703 2133 1734 2163 is
1761 2132 1858 2172 right
1892 2132 1931 2162 in

339 2182 548 2222 addressing
565 2183 602 2211 to
618 2179 821 2219 VVarhanr]

393 2266 431 2304 S.
452 2264 516 2313 P„
553 2263 776 2302 reuerende
809 2260 982 2300 Praesul
1019 2273 1064 2299 ac
1103 2260 1318 2299 Moecenas
1355 2259 1757 2299 munificentissime.
1819 2257 1934 2298 Licet

342 2344 426 2368 non
462 2329 690 2368 admodum
724 2327 858 2366 multa
887 2326 993 2365 mihi
1021 2325 1155 2364 solent
1183 2325 1362 2364 accidere
1390 2338 1594 2375 prospere,
1626 2326 1766 2362 tamen
1794 2323 1933 2362 nullus

341 2408 476 2434 annus
491 2395 569 2433 hoc
582 2394 722 2432 extitit
738 2392 951 2432 infelicior.
997 2391 1084 2430 Iter
1097 2391 1149 2429 ob
1164 2392 1301 2429 estum
1316 2390 1620 2429 intolerabilem
1641 2389 1931 2428 difficillimum

343 2461 435 2500 fuit.
488 2459 676 2499 Basileae
695 2459 881 2510 primum
902 2458 1064 2497 diutina
1083 2470 1128 2494 ac
1148 2456 1485 2506 pestilentissima
1499 2456 1662 2506 pituita,
1675 2469 1774 2494 mox
1788 2455 1936 2504 dysen-

362 2616 375 2642 J
381 2569 529 2643 88923310Ῑὶ
547 2568 636 2641 data3
647 2570 700 2642 ΙὲΒ
715 2579 722 2598 :
746 2567 828 2598 date
845 2570 912 2598 MS.
1008 2576 1055 2596 12.
1076 2564 1163 2596 bille
1179 2567 1247 2596 MS.
1263 2576 1270 2595 ε
1297 2564 1387 2595 belle
1402 2567 1465 2604 LB⁷
1479 2575 1651 2602 perperam.
1747 2565 1795 2595 16.
1812 2562 1941 2594 binam

347 2617 431 2643 .1.:
491 2622 500 2641 1
532 2620 603 2641 iam
635 2631 644 2640 Α
676 2635 683 2642 .

387 2712 460 2742 892.
489 2723 518 2749 4.
545 2710 702 2750 Potkyn]
729 2709 779 2741 Cf.
798 2711 860 2749 Ep.
879 2709 950 2747 782.
970 2720 988 2746 4
1007 2718 1041 2740 n.
1175 2718 1249 2746 474.
1281 2706 1391 2747 27-8).
1449 2706 1534 2737 And
1569 2705 1705 2745 though
1741 2706 1780 2735 in
1816 2703 1933 2735 March
1988 2725 1991 2727 -

389 2765 439 2785 20.
467 2753 631 2793 domino]
654 2753 838 2785 Warham.
1177 2760 1258 2789 1517
1282 2751 1449 2781 Erasmus
1470 2759 1541 2780 was
1565 2749 1756 2780 uncertain
1774 2747 1938 2778 whether

389 2807 440 2837 23.
465 2797 671 2837 Maruffum]
690 2797 754 2827 See
771 2796 927 2835 Ep.387.
947 2805 1016 2826 2n.
1176 2795 1233 2824 his
1260 2796 1387 2833 patron
1414 2795 1476 2832 yet
1502 2793 1575 2824 had
1602 2794 1632 2823 it
1659 2792 1829 2831 complete
1855 2790 1933 2832 (Ep.

434 2840 669 2881 Hieronymi]
734 2840 891 2879 Perhaps
956 2838 1107 2870 another
1175 2847 1250 2876 543.
1279 2837 1392 2877 31—2)‚
1422 2837 1467 2867 he
1496 2836 1615 2867 would
1646 2834 1817 2875 probably
1846 2834 1937 2864 have

346 2894 433 2923 copy
465 2884 613 2915 ordered
645 2885 692 2923 by
722 2883 905 2914 Warham.
964 2882 1015 2913 As
1044 2883 1107 2913 the
1176 2880 1480 2911 assuredhimselt
1496 2890 1542 2910 on
1555 2879 1618 2910 the
1631 2880 1795 2918 question
1807 2877 1937 2915 during

349 2927 483 2957 1=dit10n
514 2937 586 2958 was
621 2926 806 2958 dedicated
845 2928 881 2957 to
916 2926 993 2956 him
1027 2926 1105 2966 (Ep.
1177 2925 1236 2954 his
1260 2924 1478 2963 subsequent
1495 2923 1579 2953 visit
1600 2924 1636 2953 to
1659 2921 1835 2962 England,
1856 2928 1938 2951 now

348 2971 435 3010 396),
469 2971 513 3000 he
549 2979 620 3001 was
657 2971 693 3002 of
728 2979 847 3001 course
881 2979 1009 3009 among
1046 2969 1108 2999 the
1180 2968 1218 2998 18
1237 2968 1384 2998 months
1399 2977 1472 3007 ago.

350 3015 425 3044 first
464 3016 498 3044 to
534 3014 669 3044 receive
706 3014 734 3044 it
768 3014 868 3053 (Em).
903 3023 974 3052 413.
1009 3022 1105 3052 34—5‚
1222 3021 1273 3049 24.
1298 3010 1475 3052 detinere]
1500 3009 1551 3041 Cf.
1574 3009 1636 3048 Ep.
1659 3018 1729 3048 475.
1750 3017 1789 3046 31
1808 3015 1880 3045 seq.
