2034 3433
277 114 356 153 322
736 110 989 152 LETTERS
1029 111 1098 150 OF
1137 110 1404 150 ERASMUS
1747 108 1873 163 [1518

330 221 391 266 58.
425 219 504 258 Sed
537 218 725 256 omnium
751 215 1164 265 impudentissimum
1192 217 1253 253 est
1277 216 1386 265 quod
1408 228 1502 253 cum
1522 227 1597 264 ego
1617 215 1872 264 scripsissem

275 285 524 323 Graecorum
554 283 682 321 libros
711 281 919 319 difficilius
944 280 1153 329 corrumpi
1178 293 1303 330 quam
1329 281 1504 328 nostros,
1529 280 1597 317 hic
1620 279 1744 330 fingit
1762 294 1786 319 a
1806 293 1874 319 me

190 351 252 393 365
274 349 430 387 dictum
464 362 549 386 non
587 360 705 397 posse
744 346 829 384 vllo
862 348 980 396 pacto
1021 346 1272 384 Graecorum
1307 346 1466 383 codices
1500 345 1666 384 vitiari:
1696 358 1873 395 cumque

273 426 437 452 causam
469 411 714 451 adduxerim
748 410 975 460 scripturae
1013 410 1283 448 Graecanicae
1317 410 1615 457 difficultatem,
1649 422 1754 459 quae
1788 423 1873 449 non

272 478 406 517 solum
426 477 612 527 apicibus
631 476 702 515 sed
727 479 768 514 et
797 475 1070 525 diphthongis
1090 477 1131 514 et
1150 475 1389 514 accentibus
1415 477 1588 522 constat,
1612 475 1649 513 is
1670 476 1873 514 mentitur

271 544 376 582 hanc
391 556 414 581 a
428 556 495 581 me
508 543 662 581 dictam
678 554 853 588 causam,
870 542 977 591 quod
996 541 1150 580 Graeca
1164 541 1307 590 lingua
1322 539 1549 579 falsitatem
1563 553 1648 578 non
1663 541 1868 580 admittat.

271 609 304 646 O
324 608 540 657 perfrictae
564 607 714 645 frontis
733 606 977 644 hominem!
1007 606 1253 655 praesertim
1273 618 1369 643 cum
1389 606 1502 643 extet
1522 604 1698 654 epistola
1718 607 1872 653 nostra,

187 686 251 718 ,370
269 685 353 711 non
373 673 502 711 semel
521 672 606 710 iam
626 684 775 710 excusa
793 670 920 721 typis.

325 749 385 786 59.
417 739 557 787 Atque
588 737 655 775 hic
683 736 741 775 ait
769 748 836 774 me
866 735 1143 774 contradicere
1176 735 1430 785 Augustino,
1464 734 1537 786 qui
1575 735 1783 785 scripserit
1821 737 1873 775 ab

267 803 482 842 haereticis
512 802 681 841 Graecis
710 801 844 840 solum
875 802 1007 839 Lucae
1037 800 1317 850 Euangelium
1345 800 1483 850 recipi.
1544 800 1652 849 Quid
1682 800 1791 839 istuc
1820 802 1873 840 ad

268 882 352 915 nos,
385 869 419 907 si
451 881 552 919 quos
581 867 807 906 haereticos
836 866 1073 904 habuerunt
1103 865 1286 905 Graeci?
1341 866 1412 903 An
1440 865 1532 904 ideo
1561 867 1745 916 corrupti
1773 869 1873 905 sunt

267 934 426 973 codices
445 934 593 981 Latini,
618 933 716 983 quia
740 933 849 983 apud
873 931 1048 970 Latinos
1070 930 1297 969 extiterunt
1324 930 1522 969 haeretici
1537 933 1558 970 ⁶?
1613 930 1700 970 Nos
1725 931 1770 970 in
1794 932 1872 971 hoc

189 1012 248 1044 375
267 1013 384 1049 opere
399 999 509 1038 solos
525 999 775 1038 orthodoxos
791 997 1026 1048 sequimur:
1056 998 1097 1034 et
1113 998 1256 1034 tamen
1272 998 1333 1034 est
1345 996 1417 1035 vbi
1432 1009 1506 1046 par
1520 996 1576 1035 sit
1588 998 1629 1035 et
1643 996 1873 1037 haereticos

266 1065 417 1104 audire.
477 1066 602 1115 Rogo,
628 1064 737 1115 quod
759 1064 837 1102 hoc
856 1075 1015 1101 nouum
1034 1074 1209 1101 acumen
1230 1063 1292 1100 est
1307 1063 1327 1099 ⁶?

322 1132 386 1169 60.
416 1130 650 1169 Insectatur
670 1129 778 1179 quod
800 1127 1035 1178 scripserim
1055 1127 1232 1166 Graecos
1253 1140 1337 1165 non
1357 1126 1588 1177 discrepare
1607 1140 1631 1165 a
1650 1127 1872 1167 Rhomana

266 1196 436 1235 ecclesia
454 1196 499 1234 in
518 1196 586 1234 his
606 1209 710 1246 quae
732 1195 842 1233 Noui
867 1192 1124 1232 Testamenti
1150 1192 1269 1231 libris
1289 1193 1559 1242 explicantur,
1582 1194 1748 1232 tantum
1768 1194 1869 1233 olim

267 1263 315 1300 de
353 1262 479 1300 verbo
516 1261 709 1309 homusii,
750 1274 863 1298 nunc
906 1260 957 1298 de
994 1258 1146 1297 ritibus
1186 1258 1450 1307 quibusdam,
1489 1259 1539 1297 de
1577 1260 1789 1308 potestate,
1830 1263 1872 1298 et

185 1332 249 1371 ,380
265 1330 503 1379 paupertate
524 1327 742 1365 Pontificis
771 1324 980 1364 Rhomani
1004 1324 1225 1374 disputare.
1291 1323 1441 1373 ‘Legat
1455 1324 1463 1339 ³
1484 1323 1623 1373 inquit
1647 1325 1871 1374 ‘Augusti—

266 1406 369 1432 num
409 1393 458 1431 de
495 1393 743 1440 haeresibus,
783 1393 825 1429 et
863 1391 995 1429 discet
1034 1389 1143 1439 quod
1182 1389 1385 1427 hactenus
1422 1390 1658 1438 ignorauit.'
1736 1390 1866 1438 Quod,

267 1459 442 1507 obsecro,
478 1471 609 1508 genus
645 1456 970 1507 enthymematis
1005 1456 1081 1493 hoc
1110 1456 1208 1493 est?
1248 1454 1342 1504 quis
1381 1456 1515 1494 nescit
1552 1456 1661 1506 apud
1697 1455 1871 1494 Graecos

266 1524 401 1562 varias
419 1524 608 1563 haereses
626 1523 820 1570 extitisse,
845 1523 886 1559 et
905 1522 1129 1570 antequam
1150 1520 1296 1558 Graeci
1317 1519 1583 1558 Rhomanam
1598 1522 1871 1570 agnoscerent

266 1589 493 1637 ecclesiam,
527 1602 622 1628 cum
659 1591 799 1627 tamen
839 1585 1057 1625 orthodoxi
1094 1585 1379 1624 haberentur?
1435 1585 1521 1624 Nos
1559 1586 1608 1624 de
1645 1586 1869 1624 schismate

185 1658 246 1698 385
265 1653 436 1704 agimus,
460 1656 501 1693 et
526 1655 571 1693 in
591 1654 742 1704 quibus
762 1666 875 1692 nunc
895 1652 1040 1690 Graeci
1064 1651 1310 1700 discrepent,
1335 1651 1406 1700 qui
1428 1664 1471 1689 se
1491 1664 1514 1689 a
1534 1650 1628 1689 sede
1652 1650 1869 1690 Rhomana

265 1719 575 1758 submouerunt.

322 1787 383 1824 61.
416 1786 532 1833 Quod
558 1785 593 1823 si
620 1784 836 1822 contendit
864 1796 887 1821 a
917 1782 1082 1821 Graecis
1110 1781 1280 1820 falsatos
1308 1794 1395 1819 esse
1423 1781 1593 1829 codices,
1617 1781 1763 1831 vtique
1787 1795 1869 1820 cor-

265 1852 466 1900 ruperunt
484 1864 531 1889 ea
551 1850 703 1901 quibus
723 1848 855 1888 refelli
881 1847 1194 1886 schismaticum
1220 1845 1370 1895 dogma
1394 1846 1616 1885 videretur.
1678 1847 1869 1886 Proferat

267 1916 393 1966 igitur
410 1917 477 1956 vel
495 1929 630 1955 vnum
659 1915 798 1954 locum
826 1914 898 1964 qui
927 1913 1009 1951 isto
1033 1912 1200 1951 nomine
1224 1911 1355 1961 possit
1379 1924 1466 1949 esse
1487 1914 1713 1961 suspectus.
1775 1913 1868 1951 Imo

187 1994 248 2027 390
266 1982 301 2020 si
321 1982 418 2032 quid
437 1995 527 2020 esse
546 1983 682 2032 potest
706 1982 944 2030 suspectum
967 1979 1012 2016 in
1039 1978 1290 2016 Graecorum
1318 1976 1616 2025 voluminibus,
1640 1976 1716 2016 illa
1743 1978 1868 2027 potis-

266 2048 421 2086 simum
451 2049 549 2086 sunt
576 2060 679 2097 quae
712 2059 787 2096 pro
820 2044 1015 2084 Arrianis
1046 2045 1118 2081 aut
1152 2041 1401 2092 Origenistis
1432 2042 1562 2080 facere
1591 2043 1868 2092 videbantur-3

266 2113 311 2151 in
338 2126 516 2162 quorum
541 2112 609 2152 vel
635 2112 777 2150 odium
804 2110 871 2149 vel
897 2109 1104 2148 inuidiam
1131 2108 1189 2147 sic
1212 2107 1407 2146 vniuersa
1427 2108 1598 2146 Graecia
1616 2109 1869 2158 conspirasse

266 2178 433 2216 videtur
465 2180 522 2226 vt,
555 2191 651 2216 cum
680 2191 729 2216 ex
758 2176 949 2226 Origenis
978 2173 1166 2213 fontibus
1195 2173 1365 2211 illorum
1399 2173 1620 2223 scriptores
1653 2174 1868 2213 hauserint

267 2245 349 2282 fere
369 2243 563 2293 quicquid
590 2243 763 2282 tradunt
791 2242 967 2292 dignum
995 2239 1174 2290 cognitu,
1198 2242 1341 2278 tamen
1368 2239 1475 2277 nihil
1495 2239 1629 2289 magis
1647 2239 1867 2279 videantur

187 2322 247 2355 395
267 2309 459 2347 habuisse
471 2308 609 2347 studio
621 2321 745 2358 quam
757 2309 803 2347 vt
814 2306 930 2345 illius
942 2305 1249 2344 lucubrationes
1263 2305 1423 2343 omneis
1435 2304 1628 2344 funditus
1635 2305 1866 2344 abolerent:

268 2388 372 2424 quae
401 2374 522 2413 nobis
554 2375 604 2413 ad
639 2374 921 2423 cognitionem
956 2384 1090 2410 sacrae
1119 2370 1356 2420 Scripturae
1394 2370 1460 2408 vel
1500 2370 1611 2409 solae
1644 2371 1745 2410 satis
1778 2384 1867 2410 esse

269 2442 470 2488 poterant.
529 2440 587 2478 Vt
625 2438 886 2478 dissimulem
924 2436 1094 2475 interim
1134 2436 1242 2486 quod
1282 2435 1340 2474 ita
1378 2449 1446 2473 me
1484 2435 1600 2473 iubet
1636 2436 1867 2486 Augustini

268 2505 425 2543 librum
453 2505 502 2543 de
530 2504 768 2543 haeresibus
797 2504 932 2553 legere
956 2502 1074 2552 quasi
1100 2501 1215 2540 solus
1241 2500 1311 2539 ille
1336 2500 1514 2550 legisset,
1538 2502 1611 2539 aut
1631 2501 1747 2551 quasi
1767 2502 1867 2540 citra

268 2570 383 2610 illius
412 2570 572 2624 iussum
601 2571 735 2620 legere
763 2582 849 2607 non
877 2567 1101 2618 potuerim,
1121 2569 1193 2605 aut
1217 2566 1335 2616 quasi
1355 2579 1439 2604 non
1460 2565 1746 2615 compluribus
1763 2565 1867 2605 locis

185 2651 252 2681 400
271 2649 318 2673 ex
339 2636 416 2673 hoc
434 2635 647 2673 volumine
668 2635 793 2672 citem
813 2632 1066 2672 testimonia.

327 2703 387 2739 62.
422 2700 516 2738 Non
536 2700 643 2738 mihi
662 2701 845 2749 tempero
865 2698 966 2748 quin
987 2697 1095 2736 sicut
1121 2709 1296 2735 acumen
1323 2696 1505 2735 hominis
1527 2698 1568 2735 et
1587 2696 1865 2747 eloquentiam

834 2819 909 2858 369.
936 2820 963 2848 D
975 2819 1028 2847 ΕΒ
1044 2828 1051 2847 z
1074 2817 1172 2847 extat
1191 2817 1288 2846 Lond.

315 2931 388 2968 363.
414 2930 649 2971 scripsissem]
666 2931 728 2970 Ep.
747 2939 820 2968 337.
840 2931 955 2968 763—7.
1145 2936 1217 2965 377.
1233 2926 1452 2968 scripserim]
1471 2927 1489 2958 Ι
1503 2926 1595 2958 have
1607 2929 1671 2958 not
1683 2927 1770 2958 been
1787 2925 1863 2956 able

317 2983 390 3011 370.
414 2983 487 3004 non
504 2973 629 3014 semel]
647 2974 710 3005 See
727 2973 791 3013 Ep.
810 2982 871 3012 337
891 2970 1021 3003 introd-
1100 2973 1136 3002 to
1150 2972 1258 3002 trace.
