2034 3433
105 173 228 226 ¹687]
661 171 730 210 TO
769 171 955 210 PETER
995 171 1196 210 GILLES
1647 170 1720 207 111

128 281 247 320 enim
275 280 410 319 sinam
437 281 485 318 vt
514 279 685 327 impune
715 290 781 315 nie
809 276 997 315 luserint.
1055 276 1098 314 Si
1127 275 1292 314 Linacri
1319 274 1503 313 Galenus
1529 274 1727 312 aduectus

132 349 196 386 est
221 360 242 384 e
269 346 445 394 Lutecia,
470 357 568 395 rogo
595 356 720 382 emas.
780 343 894 382 Bene
913 342 1005 382 vale
1031 356 1128 381 cum
1154 341 1240 380 tuis
1265 341 1472 390 omnibus,
1497 339 1727 379 amicorum

134 411 392 451 suauissime.
452 405 723 461 M.D.XV11[1].

558 617 711 658 ⁴³⁶⁹688.
771 616 902 658 FROM
933 617 1127 658 THOMAS
1158 616 1303 658 MORE.

183 725 345 772 Farrago
362 738 396 771 p.
422 727 500 767 178.
1419 722 1551 758 Calais.

185 783 223 819 F.
241 795 277 828 p.
296 793 386 828 317:
412 781 503 817 HN:
530 782 646 818 Lond.
664 781 726 816 vii.
749 791 786 826 5:
814 782 885 816 [Β.
907 792 984 827 540.
1290 791 1331 826 25
1352 781 1511 817 October
1530 780 1684 827 (1517).

511 906 696 937 THOMAS
726 906 878 936 MORVS
909 907 950 938 D.
983 906 1163 936 ERASMO
1195 907 1227 937 S.
1255 907 1292 937 P.
1318 907 1361 936 D.

194 1008 363 1054 Accam,
387 1006 448 1044 mi
468 1005 650 1052 Erasme,
673 1005 813 1042 literas
831 1005 882 1043 ab
902 1005 1141 1049 Ventfordo,
1158 1018 1258 1055 quas
1277 1018 1348 1055 per
1368 1006 1546 1044 eundem
1573 1004 1736 1043 tabella-

140 1073 251 1111 rium
279 1071 471 1122 protinus
499 1071 549 1109 ad
581 1073 622 1108 te
651 1069 914 1108 transmitto:
949 1083 998 1108 ex
1028 1070 1179 1120 quibus
1208 1070 1423 1109 hominem
1451 1070 1572 1108 facile
1602 1069 1738 1118 depre-

140 1139 297 1176 hendes
326 1137 546 1187 antiquum
578 1135 711 1174 adhuc
740 1148 899 1173 morem
929 1135 1127 1173 obtinere.
1186 1136 1279 1173 Non
1308 1137 1448 1184 petam
1476 1138 1522 1174 vt
1551 1135 1739 1184 ignoscas

142 1204 250 1253 quod
279 1206 373 1242 tuas
404 1201 569 1251 aperui;
612 1200 728 1239 vides
759 1200 873 1238 enim
901 1203 947 1239 vt
980 1201 1156 1250 scriptae
1184 1200 1264 1239 tibi
1295 1201 1353 1239 sic
1383 1201 1490 1239 mihi
1517 1200 1739 1250 inscriptae

142 1270 252 1307 sunt.
311 1267 396 1305 Nec
417 1266 561 1304 dubito
578 1264 681 1315 quin
699 1264 844 1303 eodem
864 1278 998 1303 errore
1019 1265 1069 1303 ad
1089 1279 1155 1303 me
1178 1267 1320 1304 contra
1339 1266 1512 1316 scriptae
1532 1265 1616 1303 sint
1638 1277 1740 1314 quae
1759 1285 1776 1315 5

142 1335 241 1372 sunt
266 1331 489 1381 inscriptae
519 1330 622 1375 tibi;
656 1342 832 1379 quarum
862 1343 935 1379 ego
964 1330 1233 1380 legendarum
1262 1333 1350 1369 tam
1379 1331 1526 1369 auidus
1555 1343 1667 1368 eram
1694 1332 1741 1369 vt

142 1398 350 1447 resignare
369 1410 453 1435 non
473 1395 652 1434 libuerit.
715 1395 759 1433 Si
779 1394 878 1444 quid
899 1395 943 1433 in
964 1395 1030 1433 his
1048 1395 1202 1434 videris
1230 1396 1339 1445 quod
1366 1409 1432 1434 me
1451 1395 1616 1445 putabis
1634 1395 1742 1433 velle

144 1464 246 1502 scire
279 1462 405 1513 (quod
438 1474 511 1511 ego
550 1463 656 1499 certe
692 1473 776 1498 non
809 1461 934 1511 puto),
957 1461 1152 1509 significa.
1216 1461 1374 1512 Opinor
1407 1461 1457 1499 ad
1488 1463 1530 1499 te
1563 1460 1743 1510 perlatas

144 1528 296 1579 quibus
315 1529 356 1566 te
377 1528 593 1566 certiorem
612 1526 717 1564 facio
737 1526 786 1564 de
806 1527 968 1576 recepta
985 1526 1127 1565 tabula
1143 1541 1152 1574 ;
1183 1527 1234 1564 de
1255 1540 1336 1576 qua
1354 1538 1506 1572 rursus,
1529 1539 1574 1564 ac
1594 1525 1739 1571 milies,

145 1594 205 1633 mi
234 1594 417 1641 Erasme,
444 1605 599 1639 rursus,
628 1591 708 1629 tibi
737 1604 813 1641 ago
841 1591 1007 1640 gratias.
1069 1592 1130 1630 De
1160 1592 1286 1630 Petro
1314 1593 1387 1630 tuo
1416 1593 1635 1641 postquam
1665 1591 1745 1628 iuit
1767 1610 1804 1630 10

146 1659 191 1698 in
210 1658 410 1709 Angliam
430 1657 536 1696 nihil
557 1656 694 1695 audio.
743 1656 917 1694 Vtinam
936 1656 995 1695 ibi
1013 1658 1135 1695 tuum
1154 1670 1249 1696 vere
1270 1657 1445 1707 dignum
1472 1670 1565 1707 rege
1592 1669 1746 1694 munus

146 1723 303 1774 aliquid
321 1723 400 1761 tibi
419 1723 470 1761 ab
487 1723 599 1772 Rege
614 1720 804 1760 conciliet
823 1721 945 1760 boni!
1001 1721 1192 1760 Feliciter
1207 1722 1285 1761 tibi
1301 1723 1417 1761 cedat
1434 1721 1543 1771 quod
1564 1721 1747 1760 iniunxit

150 1790 418 1838 Αὔτοκροίτωρε
449 1801 547 1826 nam
574 1787 657 1837 ipsi
683 1787 866 1825 succedit
891 1787 1012 1835 nihil,
1034 1787 1118 1826 imo
1141 1802 1214 1837 per
1240 1789 1377 1826 Deum
1398 1788 1548 1826 omnia.
1610 1787 1747 1825 Tuum

148 1853 370 1893 consilium
389 1853 526 1903 probo,
552 1853 623 1903 qui
649 1865 735 1890 non
757 1851 821 1890 vis
845 1852 1084 1902 principum
1111 1853 1340 1902 negociosis
1366 1853 1489 1902 nugis
1514 1852 1746 1902 implicarix

148 1922 191 1958 et
218 1933 284 1957 me
312 1919 434 1969 plane
466 1931 591 1966 amas,
615 1931 746 1968 quum
775 1917 925 1970 iisdem
956 1920 1070 1967 optas
1098 1920 1143 1956 vt
1173 1918 1360 1966 extricer,
1384 1918 1428 1956 in
1458 1918 1608 1968 quibus
1637 1918 1747 1955 haud
1770 1933 1807 1964 15

152 1985 292 2023 credas
320 1997 446 2035 quam
474 1984 636 2022 inuitus
665 1996 829 2029 versor;
870 1996 1005 2032 neque
1034 1985 1169 2033 potest
1200 1984 1422 2034 quicquam
1452 1996 1539 2022 esse
1568 1983 1750 2021 odiosius

151 2064 276 2100 quam
295 2050 394 2088 haec
414 2051 477 2088 est
495 2049 656 2100 legatio.
719 2049 827 2087 Nam
847 2050 888 2086 et
908 2049 1115 2099 relegatus
1141 2063 1234 2088 sum
1260 2051 1305 2088 in
1326 2049 1573 2100 oppidulum
1594 2049 1750 2086 mariti-

154 2128 270 2154 mum
303 2117 344 2153 et
376 2115 463 2153 solo
497 2117 537 2153 et
568 2114 680 2152 coelo
710 2114 1014 2161 iniucundu1n;
1045 2116 1135 2152 tum
1168 2115 1283 2154 domi
1311 2115 1383 2165 qui
1410 2118 1570 2165 meapte
1602 2116 1750 2152 natura

153 2180 420 2219 vehementer
451 2179 502 2217 ab
535 2178 682 2217 litibus
719 2178 972 2226 abhorream,
1010 2179 1136 2217 etiam
1176 2193 1303 2230 quum
1343 2180 1507 2217 lucrum
1546 2178 1748 2224 adferunt,

155 2247 359 2300 quantum
382 2256 547 2283 necesse
573 2245 634 2282 est
659 2243 728 2281 hic
753 2243 940 2285 adferant
966 2244 1160 2291 taedium,
1184 2258 1313 2294 quum
1338 2244 1510 2282 veniant
1536 2244 1751 2282 comitatae
1772 2259 1811 2280 20

156 2311 318 2349 damno.
380 2309 460 2348 Sed
481 2309 675 2347 dominus
689 2307 869 2357 benigne
889 2308 1108 2357 pollicetur
1128 2309 1268 2347 omnia
1287 2322 1561 2358 repensurum
1581 2309 1749 2358 Regem.

157 2376 295 2424 Quum
324 2386 521 2424 recepero,
554 2373 702 2412 faciam
733 2376 779 2411 vt
812 2372 926 2411 scias.
987 2373 1166 2412 Interim
1195 2374 1310 2422 vale;
1354 2375 1401 2412 tu
1430 2373 1615 2411 fortassis
1643 2373 1752 2411 vltra

157 2452 241 2477 non
261 2441 389 2489 optas.
450 2439 632 2477 Domino
653 2439 735 2477 Leo
759 2438 935 2477 multam
963 2452 1013 2477 ex
1035 2452 1102 2477 me
1128 2439 1306 2477 salutem
1328 2439 1465 2486 dicito,
1488 2440 1528 2476 et
1548 2437 1751 2488 Palgrauo

157 2505 309 2550 nostro,
333 2506 369 2541 si
388 2504 522 2542 rediit.
581 2503 743 2542 Iterum
762 2503 864 2542 vale.
923 2503 1064 2542 Caleti.
1085 2517 1180 2542 xxv.
1204 2504 1270 2542 die
1292 2503 1493 2542 Octobris.
1541 2500 1644 2554 [mm.
1661 2500 1752 2554 xx]

202 2634 276 2664 687.
300 2635 352 2664 28.
377 2643 546 2666 M.D.XV111
563 2637 638 2665 add.
656 2636 700 2665 Η.
878 2634 951 2666 (388.
978 2644 1027 2665 11.
1059 2634 1109 2665 ibi
1134 2644 1190 2664 tm.
1208 2636 1249 2665 N.
1426 2643 1479 2663 20.
1506 2632 1670 2662 comitate
1686 2630 1750 2661 Nl:

160 2677 354 2750 Σὲῗίίέυῐθ
369 2677 423 2708 N².
541 2687 594 2709 22.
617 2677 711 2708 vltro
728 2681 763 2708 F.
887 2687 938 2717 23.
963 2677 1117 2708 Domino
1134 2680 1162 2707 E
1177 2688 1182 2707 :
1209 2676 1374 2707 Eduardo
1391 2679 1427 2708 F.
1551 2685 1602 2713 24.
1627 2683 1752 2706 31.D.XX

205 2842 280 2873 687.
304 2843 355 2873 26.
380 2850 437 2871 me
452 2839 622 2880 luserint]
641 2850 724 2871 over
735 2840 798 2871 the
807 2841 922 2880 prices
1033 2852 1063 2878 4.
1091 2839 1242 2878 scriptae
1258 2838 1342 2879 tibi]
1361 2838 1413 2869 Cf.
1434 2838 1498 2878 Ep.
1521 2847 1591 2876 772.
1615 2848 1678 2877 1‚2.

164 2886 203 2916 υἱ
217 2884 347 2923 books3
370 2883 413 2915 cf.
431 2884 496 2923 Ep.
513 2885 589 2923 629.
606 2892 626 2922 5
642 2893 714 2923 seq.
1035 2885 1067 2913 8.
1089 2881 1259 2923 perlatas]
1278 2882 1342 2922 Ep.
1361 2882 1434 2920 683.

250 2926 422 2967 Galenus]
440 2927 504 2958 See
528 2927 592 2967 Ep.
608 2937 682 2966 502.
703 2936 743 2966 15
760 2937 794 2957 n.
814 2937 822 2964 ;
851 2926 924 2957 and
1036 2935 1085 2956 21.
1112 2925 1298 2966 dominus]
1316 2925 1471 2964 Wolsey.

165 2972 209 3003 cf.
228 2973 291 3011 Ep.
310 2973 385 3011 690.
410 2971 441 3001 8.
1036 2979 1088 3008 23.
1113 2968 1198 3010 Leo]
1213 2969 1276 3000 See
1293 2978 1325 3008 p.
1350 2978 1424 3007 203.

202 3016 273 3046 6388.
295 3024 322 3045 1.
341 3012 551 3054 Ventfordo]
562 3013 624 3044 See
637 3013 701 3053 Ep.
716 3015 778 3054 196
790 3013 923 3044 introd.
1081 3011 1270 3053 Palgrauc]
1289 3012 1352 3043 See
1368 3012 1430 3052 Ep.
1449 3022 1522 3052 499.
1541 3013 1561 3042 8
1572 3022 1606 3043 n.
