2034 3433
138 152 232 206 701]
624 154 693 192 ΤΟ
730 152 881 192 JOHN
920 151 1240 192 CAESARIUS
1648 153 1724 190 127

190 258 303 306 Quod
326 257 435 296 docti
453 257 596 295 fauent
612 257 824 303 Reuclino,
845 257 964 306 plane
985 259 1047 295 est
1066 256 1351 295 humanitatis.
1402 256 1595 295 Ceterum
1614 257 1722 306 quod

134 323 300 373 scriptis
325 322 613 362 conflictantur
640 335 734 360 cum
762 322 843 360 isto
868 321 1207 371 pestilentissimo
1231 334 1369 371 grano,
1395 321 1580 359 tubicine
1599 321 1723 360 furia-

134 402 239 438 rum,
259 401 413 439 organo
428 387 686 438 quorundam
705 389 1019 437 personatorum
1034 387 1347 436 Theologorum,
1371 399 1415 424 ac
1434 399 1530 424 vero
1550 386 1723 425 Satanae
1744 400 1780 430 15

136 453 299 501 vicario,
320 453 426 491 mihi
445 465 531 491 non
547 452 754 502 probatur.
817 452 896 491 Ille
915 454 1027 491 totus
1045 465 1095 490 ex
1115 451 1402 490 maledicentia
1417 451 1618 490 conflatus
1638 453 1722 490 est:

136 518 368 558 maledictis
385 517 498 557 vinci
518 530 602 555 11011
622 519 771 567 potest,
794 518 1012 567 pudescere
1033 517 1176 566 nescit,
1197 516 1438 556 benedicere
1457 529 1542 555 non
1562 516 1717 555 didicit.

136 584 191 622 Et
210 596 349 623 scurra
373 582 567 633 perfricte
591 583 739 621 frontis
765 582 843 621 sibi
868 582 996 633 glorie
1022 583 1136 621 ducit
1161 582 1246 620 fore
1273 582 1308 619 si
1328 594 1572 631 quocunque
1599 581 1722 620 modo

133 649 371 688 traducatur
399 648 655 686 eruditorum
685 647 828 696 libris;
867 647 1027 686 mauult
1055 648 1167 686 enim
1196 647 1383 697 pluribus
1410 646 1569 697 placere
1597 660 1722 697 quam

136 713 315 763 optimis.
353 714 470 762 Quod
483 713 519 751 si
533 713 714 752 mundus
728 712 979 752 intellexerit
990 712 1104 751 illius
1116 712 1520 762 praeuaricationem,
1535 712 1722 751 senserit·
1743 726 1781 748 20

133 792 210 828 que
230 778 446 817 hominem
466 778 543 817 sub
562 779 777 828 praetextu
799 778 1054 816 defendende
1073 777 1168 816 fidei
1189 777 1423 816 Christiane
1444 776 1722 816 Christianam

132 843 374 894 religionem
401 843 648 882 subuersum
676 843 745 890 ire,
776 845 869 881 tum
898 855 1091 892 magnam
1118 842 1257 880 inierit
1286 842 1462 892 gratiam
1489 842 1597 892 apud
1626 855 1723 881 suos

133 921 300 958 verpos:
332 908 484 958 quibus
502 907 544 946 id
564 908 828 957 praestiterit,
847 907 955 958 quod
976 908 1165 957 Zopyrus
1180 907 1313 946 Dario.
1366 907 1609 957 Dispeream
1623 908 1718 957 nisi,

133 973 168 1011 si
196 973 270 1012 fiat
297 973 412 1012 illius
439 973 659 1021 anatomia,
689 986 773 1011 non
798 985 930 1011 vnum
954 972 1133 1011 Iudeum
1161 972 1230 1011 sed
1260 974 1471 1010 sexcentos
1496 972 1649 1011 Iudeos
1677 973 1721 1011 in

135 1038 248 1076 illius
275 1040 436 1088 pectore
467 1038 702 1088 comperias.
763 1038 980 1077 Cauendus
1009 1039 1069 1075 est
1094 1037 1281 1086 Angelus
1307 1037 1477 1075 Satanae
1505 1038 1721 1088 transfigu-
1742 1054 1778 1085 ²5

134 1105 248 1142 ratus
277 1104 321 1142 in
355 1103 549 1153 angelum
581 1103 698 1141 lucis.
754 1102 927 1141 Vtinam
957 1102 1099 1141 minus
1127 1116 1269 1141 verum
1302 1104 1408 1141 esset
1438 1103 1716 1152 prouerbium,

134 1181 295 1218 semper
323 1181 372 1206 ex
405 1168 514 1206 malo
543 1167 670 1206 Iudeo
699 1166 857 1216 peiores
889 1167 979 1206 fieri
1008 1167 1287 1206 Christianos!
1344 1167 1524 1206 Proinde
1557 1168 1720 1218 cupiam

135 1233 244 1272 viros
268 1232 452 1272 eruditos
476 1246 565 1271 sese
590 1232 781 1271 meliores
807 1232 985 1270 iudicare
1005 1246 1129 1282 quam
1150 1233 1222 1282 qui
1244 1232 1511 1283 spurcissimo
1530 1236 1721 1284 portento

133 1298 445 1337 conflictentur:
474 1297 594 1345 vnde,
620 1297 709 1335 siue
731 1296 903 1336 vincant
928 1297 1016 1336 siue
1038 1298 1271 1346 vincantur,
1295 1300 1455 1348 praeter
1480 1311 1654 1338 coenum
1680 1302 1721 1338 et

135 1363 249 1402 virus
267 1362 375 1401 nihil
396 1362 555 1401 auferre
575 1364 736 1412 queant.
796 1362 991 1401 Demiror
1013 1363 1289 1413 magistratus,
1313 1363 1526 1413 episcopos
1548 1367 1589 1403 et
1609 1365 1722 1404 Cesa·
1741 1375 1781 1407 30

133 1440 221 1466 rem
247 1441 332 1466 non
359 1440 616 1477 compescere
641 1429 799 1477 pestem
821 1427 1068 1467 istiusmodi.
1124 1428 1389 1467 Facillimum
1415 1431 1477 1468 est
1500 1442 1655 1478 nocere,
1679 1432 1720 1469 et

132 1492 311 1542 populus
339 1494 447 1531 caret
474 1491 638 1531 iudicio.
698 1492 762 1530 Ex
791 1492 966 1531 minima
994 1493 1178 1532 scintilla
1202 1493 1402 1532 latissime
1430 1497 1637 1544 grassatur
1663 1495 1721 1533 in-

132 1557 336 1596 cendium.
402 1557 508 1605 Quid
546 1559 687 1596 autem
717 1557 848 1608 magis
886 1560 1031 1608 optent
1062 1557 1182 1597 Iudei
1214 1559 1407 1609 (quorum
1440 1559 1519 1598 iste
1556 1573 1721 1599 causam

131 1624 225 1673 agit,
262 1623 362 1661 dum
397 1623 519 1673 fingit
548 1636 591 1660 se
622 1622 871 1673 oppugnare)
903 1637 1027 1673 quam
1059 1624 1318 1663 concordiam
1350 1624 1629 1664 Christianam
1661 1625 1721 1664 ita

135 1688 346 1727 discindi?
400 1687 544 1726 Malim
574 1701 647 1738 ego
674 1687 876 1727 incolumi
903 1688 1022 1727 Nouo
1046 1689 1312 1728 Testamento
1338 1689 1405 1728 vel
1433 1691 1570 1728 totum
1588 1689 1720 1729 Vetus
1739 1700 1777 1732 35

135 1753 288 1792 aboleri
321 1767 446 1803 quam
481 1753 810 1792 Christianorum
841 1766 984 1804 pacem
1017 1754 1068 1792 ob
1098 1754 1327 1793 Iudeorum
1364 1755 1492 1794 libros
1525 1755 1714 1795 rescindi.

133 1819 272 1869 Atque
290 1819 454 1857 vtinam
475 1818 553 1857 iste
572 1821 686 1857 totus
705 1818 838 1856 adhuc
860 1819 1012 1858 Iudeus
1034 1823 1141 1859 esset
1161 1823 1201 1858 et
1220 1821 1374 1859 ceteros
1399 1820 1720 1871 circunspectius

128 1883 444 1922 admitteremus
459 1885 468 1922 !

186 1949 306 1987 Verti
335 1951 376 1987 et
402 1949 634 1987 secundum
662 1948 866 1987 Theodori
893 1949 1058 1999 librum,
1091 1951 1226 2000 primo
1256 1952 1451 2000 castigato
1467 1965 1477 1999 ;
1510 1953 1718 2001 vtrunque

133 2013 228 2052 misi
247 2013 464 2053 Basileam.
524 2013 669 2053 Saluta
687 2014 849 2060 amicos,
870 2028 915 2054 ac
935 2015 1038 2054 bene
1058 2015 1159 2054 vale.
1736 2023 1778 2053 40

185 2078 360 2117 Louanii
382 2092 402 2127 3
426 2092 556 2117 nonas
575 2079 775 2117 Nouemb.

615 2193 712 2233 702.
773 2192 836 2233 To
867 2192 1019 2233 PETER
1051 2193 1229 2235 GILLEs.

164 2281 364 2318 ‘Deventer
381 2281 458 2316 MS.
477 2292 534 2326 91,
553 2282 578 2317 f.
598 2283 643 2317 68
661 2286 710 2318 v0.
1371 2283 1548 2321 Louvain.

182 2338 222 2374 E.
240 2352 276 2385 p.
296 2341 376 2385 196:
404 2339 442 2373 F.
457 2352 492 2385 p.
509 2350 594 2385 331:
623 2339 713 2375 HN:
741 2341 856 2376 Lond.
872 2340 932 2376 vii.
947 2343 1006 2386 38:
1034 2341 1104 2376 LB.
1122 2351 1200 2376 222.
1251 2352 1270 2385 3
1289 2341 1496 2377 November
1516 2341 1670 2389 (1517).

544 2415 605 2456 [In
623 2425 795 2454 sequence
811 2416 902 2448 with
920 2417 1007 2457 Epp.
1027 2417 1100 2457 708,
1121 2427 1196 2457 712,
1216 2416 1306 2457 715.]

377 2502 584 2533 ERASMVS
615 2503 948 2534 ROTERODAMVS
980 2504 1122 2535 PETRO
1152 2503 1343 2535 AEGIDIO
1374 2505 1469 2535 SVO.

186 2576 332 2624 SALVE,
368 2576 608 2616 charissime
642 2578 776 2617 Petre.
848 2578 928 2617 Per
967 2579 1107 2617 omnia
1138 2591 1253 2616 sacra
1289 2580 1330 2617 te
1369 2591 1439 2617 oro
1475 2581 1522 2618 vt
1557 2582 1714 2618 sortem

131 2641 336 2680 humanae
366 2641 612 2681 conditionis
637 2643 733 2681 forti
761 2643 864 2681 feras
893 2644 1041 2682 animo.
1098 2644 1158 2682 De
1186 2645 1300 2693 patre
1329 2643 1433 2682 bene
1462 2657 1606 2694 spero;
1644 2644 1713 2682 sed

175 2725 192 2754 7
196 2726 250 2757 01.
274 2735 325 2764 23.
351 2735 475 2766 verpes
486 2729 553 2758 MS.
645 2728 846 2768 Disperiam
860 2730 929 2760 MS.
1073 2739 1124 2767 30.
1150 2731 1285 2768 queant
1301 2731 1370 2760 scite
1385 2732 1515 2760 restituit
1528 2733 1571 2761 De
1586 2733 1617 2761 la
1631 2733 1714 2768 Faye

129 2772 164 2798 in
178 2771 232 2799 LB
243 2780 254 2800 .·
271 2772 422 2800 coueant
433 2772 515 2810 MS„
531 2773 624 2808 quasi
638 2773 779 2810 9ueant.
954 2782 1006 2810 31.
1031 2782 1251 2811 compessere
1263 2775 1331 2804 MS.
1487 2783 1540 2812 39.
1565 2774 1712 2805 secundi

127 2814 196 2842 MS.
302 2812 377 2844 702.
399 2822 463 2844 rrr.
479 2817 554 2846 add.
573 2817 610 2844 E.

174 2901 247 2932 701.
269 2910 319 2939 13.
349 2901 460 2941 docti]
485 2901 536 2932 Cf.
563 2901 628 2941 Ep.
653 2903 728 2933 680.
758 2905 800 2933 26
823 2913 882 2941 n.;
955 2903 1059 2943 (Epp.
1078 2903 1152 2942 685.
1175 2913 1213 2942 13
1230 2903 1308 2943 nn.)
1328 2914 1336 2942 ;
1359 2904 1400 2935 cf.
1419 2904 1482 2944 Ep.
1492 2905 1566 2944 694.
1584 2915 1709 2944 109‚10.

125 2953 164 2974 or
180 2943 362 2975 Caesarius
378 2954 460 2984 may
475 2945 566 2975 have
583 2945 739 2976 referred
762 2949 800 2977 to
822 2946 884 2977 the
995 2956 1047 2985 39.
1070 2945 1260 2987 Theodori]
1278 2947 1329 2978 Cf.
1347 2947 1433 2987 Epp.
1450 2949 1525 2986 428,
1544 2958 1614 2988 771.

124 2989 207 3023 epist.
219 2989 449 3026 apologeticam
461 2988 740 3020 Pirckheimer’s
751 2989 883 3020 Lucian
996 3000 1046 3028 40.
1073 2989 1266 3031 Basileam]
1283 2991 1334 3021 Cf.
1353 2991 1415 3030 Ep.
1431 2993 1504 3031 629.
1528 3001 1554 3022 1.
