2034 3433
320 151 398 190 162
783 150 1036 190 LETTERS
1074 149 1143 189 OF
1180 148 1446 188 ERAsMUs
1785 145 1823 200 [1
1833 157 1854 196 5
1863 160 1878 185 1
1889 157 1908 196 7

317 270 391 306 ego
429 270 513 295 non
552 256 683 304 credo,
719 257 883 294 mutent
916 267 991 293 suo
1028 253 1244 292 arbitratu.
1312 253 1422 292 Sunt
1455 254 1497 290 et
1535 252 1603 290 hic
1640 251 1835 302 theologi,
1870 254 1912 291 et

317 322 487 361 fortasse
514 322 682 372 quidam
709 333 856 370 parum
885 320 1026 369 aequi:
1055 320 1339 366 annotassent,
1361 317 1500 368 siquid
1526 319 1636 355 esset
1659 317 1907 356 istiusmodi.

260 397 302 430 50
316 387 397 426 Vbi
417 388 607 437 relegero,
629 385 804 425 scribam
820 385 1005 423 certiora.

371 452 618 490 Bombasius
651 463 811 499 semper
844 449 1001 488 amicus
1040 448 1123 487 fuit
1160 448 1295 498 magis
1328 462 1451 498 quam
1484 448 1686 487 blandus:
1728 446 1911 486 demiror

315 519 452 555 autem
492 516 527 554 si
564 516 648 553 iam
681 516 835 553 Romae
865 514 1021 552 fastum
1055 513 1210 552 didicit.
1268 514 1426 552 Paceus
1456 513 1543 552 suis
1573 513 1623 551 ad
1658 525 1725 551 me
1759 511 1912 550 litteris

316 582 439 619 iactat
463 579 653 618 libellum
673 579 723 618 de
746 578 899 617 Fructu
921 578 1165 617 Studiorum
1188 578 1262 617 abs
1281 581 1323 616 te
1342 579 1569 617 laudatum.
1631 577 1746 616 Misit
1766 577 1912 627 episto-

316 646 399 684 lam
430 659 510 695 qua
537 658 605 683 me
634 643 819 682 defendit
846 644 1045 682 aduersus
1072 644 1290 694 Dorpium,
1313 643 1383 682 sed
1411 643 1616 681 eiusmodi
1643 645 1689 681 vt
1718 642 1912 693 puduerit

257 724 298 756 55
317 710 480 748 reddere
500 710 630 759 ipsius
649 710 830 747 nomine.
883 709 1063 747 Domino
1083 708 1295 747 Lachnero
1314 710 1355 746 et
1375 708 1581 746 Frobenio
1601 721 1669 746 me
1689 707 1912 758 diligenter

315 774 635 822 commendabis,
667 776 709 812 et
742 773 978 812 litterarum
1016 786 1203 812 mearum
1241 773 1330 812 vice
1362 772 1560 823 fungeris.
1632 772 1742 811 Fieri
1774 774 1912 822 potest

315 842 360 878 vt
388 841 437 879 ad
466 840 705 890 proximum
734 853 806 878 ver
834 853 910 878 vos
942 839 1134 878 reuisam.
1195 838 1543 888 Archiepiscopus
1573 837 1910 889 Maguntinensis

315 907 457 955 suapte
477 918 603 944 manu
625 905 732 943 mihi
751 904 918 955 scripsit
937 905 1157 954 epistolam
1182 904 1494 944 beneuolentiae
1513 903 1694 954 plenam.
1754 903 1910 942 Tamen

315 971 364 1008 de
393 971 576 1009 aduentu
611 984 714 1019 meo,
751 970 948 1020 quoniam
981 970 1188 1009 incertum
1221 971 1295 1017 est,
1333 969 1468 1008 nolim
1502 970 1655 1019 passim
1689 967 1909 1019 diuulgari.

255 1043 298 1075 60
315 1035 432 1084 Cura,
462 1036 523 1075 mi
551 1036 688 1082 Beate,
719 1038 765 1074 vt
794 1049 920 1086 quam
951 1036 1107 1086 optime
1136 1035 1284 1074 valeas.

365 1101 541 1140 Louanii
570 1101 700 1140 natali
730 1101 795 1139 die
826 1100 994 1140 Nicolai.

724 1188 819 1230 733.
881 1187 946 1228 To
977 1186 1240 1228 WOLFGANG
1273 1186 1505 1229 LACHNER.

360 1278 550 1315 Deventer
568 1278 644 1315 MS.
665 1289 720 1324 91,
740 1278 764 1314 f.
784 1279 840 1324 69.
1517 1276 1745 1325 <Louvain.>

362 1338 433 1373 LB.
452 1338 547 1384 App.
568 1347 647 1383 237.
1397 1335 1452 1383 (c.
1472 1347 1493 1381 9
1510 1337 1718 1373 December
1738 1335 1864 1383 1517.)

360 1417 519 1459 [Clearly
535 1419 811 1458 contemporary
826 1418 917 1449 with
935 1417 996 1457 Ep.
1015 1427 1099 1457 7323
1126 1418 1190 1448 but
1208 1426 1246 1448 as
1263 1417 1433 1448 Erasmus
1449 1417 1593 1457 implies
1609 1417 1713 1448 there
1729 1416 1784 1457 (ll.
1803 1426 1855 1457 55,
1875 1417 1912 1456 6)

316 1461 559 1545 ἱὶἑὲξθξθοξνὲἶ)
564 1463 629 1544 1]ξὲ
631 1463 790 1546 4w]riting
806 1464 843 1493 to
859 1461 1024 1492 Lachner
1039 1460 1112 1492 and
1135 1461 1285 1502 Froben,
1303 1461 1378 1492 this
1398 1470 1471 1492 was
1491 1460 1665 1501 probably
1685 1463 1767 1493 sent
1783 1461 1832 1501 by
1847 1460 1912 1491 the

753 1592 956 1622 ERASMVS
987 1592 1231 1623 LACHNERO
1262 1592 1343 1622 SVO
1374 1593 1408 1623 S.
1435 1592 1477 1624 D.

370 1674 435 1712 DE
463 1676 603 1713 nostra
626 1673 814 1712 amicicia
840 1673 947 1712 nihil
973 1676 1037 1713 est
1061 1675 1169 1724 quod
1198 1674 1432 1713 admoneas.
1495 1674 1578 1713 Nec
1601 1687 1720 1713 meus
1739 1677 1801 1714 est
1819 1687 1911 1713 mos

315 1738 431 1777 facile
461 1739 512 1778 ab
542 1739 727 1777 amicicia
755 1738 941 1778 recedere
969 1752 1043 1777 nec
1072 1740 1159 1778 vlla
1186 1741 1249 1778 est
1282 1753 1403 1778 causa
1437 1753 1510 1778 cur
1547 1739 1676 1778 velim
1712 1740 1909 1778 recedere.

317 1798 713 1854 Tantum‘optabam
733 1806 779 1843 vt
798 1804 986 1843 adhibito
1005 1805 1145 1855 aliquo
1165 1805 1237 1856 qui
1257 1807 1397 1844 noscet
1416 1805 1572 1855 aliquid
1593 1805 1718 1844 huius
1738 1805 1909 1856 negocii,

317 1870 588 1909 estimassetis
620 1869 881 1919 exemplaria.
943 1870 1038 1909 Non
1071 1871 1181 1920 quod
1216 1871 1379 1921 cupiam
1412 1870 1597 1909 multum
1635 1884 1659 1908 a
1691 1871 1812 1910 vobis
1844 1885 1912 1910 ex-

281 1952 298 1982 ,ς
317 1938 517 1985 torquere,
541 1935 611 1973 sed
632 1937 677 1973 vt
698 1935 857 1974 ratione
883 1937 993 1975 certa
1015 1936 1144 1974 semel
1166 1937 1419 1986 praescripta
1439 1937 1570 1975 simus
1589 1936 1756 1986 vtrique
1774 1936 1908 1977 liberi.

318 2001 521 2051 Quicquid
552 2000 835 2039 decreuissetis
858 2001 1004 2040 fuisset
1030 2003 1207 2052 gratum.
1267 2002 1321 2040 In
1350 2001 1589 2040 Prouerbiis
1617 2014 1701 2040 non
1727 2002 1914 2041 multum

316 2066 484 2105 accessit
507 2066 745 2116 scripturae,
767 2067 837 2105 sed
867 2068 1008 2105 tamen
1028 2080 1111 2105 non
1131 2080 1278 2117 parum
1296 2066 1461 2106 laboris.
1522 2066 1612 2105 Hec
1642 2067 1911 2116 Frobennius‚

317 2133 485 2171 tametsi
512 2132 579 2171 vir
606 2133 791 2182 optimus
825 2133 1010 2183 mihique
1045 2133 1322 2181 charissimus,
1357 2146 1442 2171 non
1476 2134 1614 2183 potest
1646 2133 1907 2183 perpendere.

318 2199 357 2236 A
390 2197 604 2236 Francisco
637 2197 745 2236 nihil
778 2197 912 2236 adhuc
941 2198 1086 2248 accepi.
1146 2198 1307 2236 Deinde
1335 2198 1580 2248 scripseram
1605 2211 1657 2236 ne
1684 2197 1913 2237 Frobenius

262 2278 300 2300 10
319 2261 436 2312 plura
479 2264 676 2313 reciperet
713 2263 765 2302 ab
803 2263 953 2302 Iacobo
991 2263 1149 2302 famulo
1190 2276 1283 2302 meo
1322 2276 1448 2314 quam
1495 2263 1761 2301 commodum
1805 2265 1913 2303 esset

318 2329 525 2367 excudere.
585 2329 754 2379 Recepit
787 2329 939 2374 omnia,
965 2331 1171 2379 praeterea
1201 2329 1308 2368 nihil
1340 2328 1447 2367 mihi
1480 2329 1691 2379 respondit
1722 2329 1831 2379 quod
1861 2329 1912 2368 ad

319 2407 407 2432 rem
445 2394 684 2444 pertineret,
718 2407 771 2432 ne
809 2396 856 2432 tu
894 2394 1074 2444 quidem.
1142 2394 1347 2444 Quicquid
1381 2394 1514 2433 adhuc
1552 2394 1670 2433 vobis
1705 2394 1908 2443 commisi,

319 2472 404 2497 non
434 2472 580 2509 passus
606 2457 735 2510 (sum)
765 2459 816 2498 ab
848 2459 930 2498 alio
960 2472 1167 2510 quoquam
1195 2460 1355 2507 excudi,
1396 2461 1600 2510 quantum
1635 2458 1680 2497 in
1713 2472 1781 2498 me
1818 2459 1909 2507 fuit,

319 2537 393 2562 nec
431 2523 572 2574 patiar.
643 2524 853 2563 Proximis
890 2524 1091 2563 nundinis
1128 2525 1224 2563 misi
1262 2524 1492 2563 secundum
1531 2523 1740 2563 Theodori
1779 2524 1912 2564 Gazae

899 2621 971 2651 733.
1003 2629 1051 2659 13.
1077 2630 1155 2651 sum
1174 2623 1247 2651 adol.
1266 2622 1327 2652 LB.

342 2704 416 2734 732.
431 2702 1082 2744 51.Bombasius]Cf.thedescription
1152 2701 1225 2740 776,
1258 2702 1330 2740 787.
1375 2702 1425 2732 As
1456 2701 1485 2731 it
1516 2711 1589 2732 was
1620 2703 1659 2732 in
1691 2702 1750 2732 his
1780 2701 1910 2742 hands,
1949 2709 1952 2711 ’

320 2747 358 2777 of
379 2747 457 2778 him
482 2747 522 2778 in
550 2747 613 2778 the
642 2749 878 2777 Ciceronianus:
906 2747 995 2785 ‘quo
1021 2746 1082 2776 vix
1150 2746 1320 2776 Erasmus
1337 2744 1528 2776 succeeded
1545 2746 1584 2776 in
1601 2746 1833 2786 suppressing
1847 2745 1888 2778 it.

320 2791 411 2821 alius
441 2800 599 2829 vnquam
637 2791 730 2821 vixit
767 2790 881 2821 amico
911 2789 1061 2820 amicior
1193 2798 1242 2827 57.
1270 2788 1579 2829 Maguntinensis]
1596 2789 1659 2829 Ep.
1681 2790 1756 2820 661.

323 2834 406 2872 (LB.
425 2834 447 2865 i.
473 2834 607 2874 IoloF).
1193 2832 1266 2862 733.
1282 2833 1314 2863 6.
1341 2832 1562 2873 Prouerbiis]
1580 2831 1632 2863 cf.
1651 2833 1714 2872 Ep.
1734 2834 1808 2872 629.
1823 2841 1845 2871 3
1860 2841 1896 2863 n.

363 2886 416 2915 53.
441 2877 485 2907 de
509 2877 660 2918 Fructu]
685 2877 749 2908 See
777 2877 841 2917 Ep.
865 2886 940 2908 211.
966 2886 1007 2915 43
1020 2885 1080 2914 n.;
1190 2885 1221 2914 9.
1242 2875 1467 2916 scripseram]
1486 2875 1531 2906 In
1554 2876 1636 2916 May
1654 2885 1761 2915 15173
1784 2875 1830 2907 cf.
1847 2875 1908 2916 Ep.

320 2920 401 2958 and,
421 2919 474 2951 for
490 2920 672 2951 Erasmus’
697 2921 845 2960 opinion
865 2920 905 2951 of
924 2921 965 2960 it,
989 2921 1077 2959 Epp.
1147 2928 1222 2958 595.
1242 2928 1279 2949 11
1299 2928 1333 2950 n.

323 2964 394 3005 776,
414 2963 487 3003 783,
506 2964 577 3003 787,
599 2965 672 3004 796,
689 2964 765 2995 800.
1194 2972 1241 3001 13.
1268 2963 1310 2993 ab
1327 2962 1414 3002 alio]
1431 2962 1483 2994 Cf.
1504 2961 1569 3002 Ep.
1591 2971 1664 3002 732.
1684 2972 1727 2994 20
1744 2972 1779 2994 n.

406 3006 610 3047 epistolam]
631 3008 682 3038 Cf.
703 3007 791 3047 Epp.
817 3008 889 3046 736,
911 3017 984 3046 741,
1004 3016 1077 3046 755·
1195 3016 1243 3044 14.
1270 3005 1368 3046 misi]
1385 3006 1436 3038 Cf.
1454 3006 1515 3046 Ep.
1532 3007 1607 3046 629.
