2034 3433
266 129 320 167 96
734 127 984 167 LETTERS
1024 127 1093 166 or
1129 127 1394 168 ERAsMUs
1741 127 1832 180 [151
1844 136 1864 176 7

266 232 477 263 Paschasius
489 232 560 263 had
572 233 680 263 taken
691 233 754 264 the
766 233 865 272 place
876 232 914 262 of
925 230 1086 271 Egmond
1097 230 1159 261 the
1170 231 1364 263 Carmelite
1373 242 1410 263 as
1421 242 1441 262 a
1453 231 1635 262 deti-aeter
1647 230 1685 261 of
1695 231 1866 262 Erasmus

267 276 387 316 (Basle
413 276 497 315 MS„
517 276 680 307 Goclenii
708 276 832 316 Epist„
853 276 877 306 f.
895 285 914 313 3
932 286 939 314 ;
964 274 1008 306 cf.
1031 273 1142 306 Lond.
1166 275 1237 305 xxi.
1257 277 1313 314 56,
1328 276 1396 307 LB.
1417 275 1507 314 856).
1557 274 1610 313 By
1630 283 1713 313 1530
1729 274 1774 304 he
1791 273 1864 304 had

266 320 440 350 returned
460 321 497 350 to
519 319 623 358 Liege
645 320 715 350 and
738 329 811 349 was
835 319 994 349 desirous
1015 318 1054 348 of
1073 318 1258 358 renewing
1280 318 1339 350 his
1362 318 1566 357 friendship
1582 317 1673 348 with
1696 317 1865 348 Erasmus

266 363 387 401 (Basle
405 363 490 401 MS„
506 363 670 394 Goelenii
685 363 812 403 Epist„
831 362 854 393 f.
873 362 908 402 6)
923 373 929 396 ;
947 362 1020 392 and
1038 371 1057 391 a
1073 360 1183 392 letter
1203 361 1295 393 from
1319 363 1454 394 Martin
1477 361 1630 401 Lypsius
1647 360 1768 400 (Basle
1791 360 1863 392 MS.

266 407 344 439 KA.
365 407 400 437 C.
422 407 482 437 IV.
504 416 533 444 5,
553 406 622 436 vol.
647 416 673 444 1,
694 406 715 436 f.
734 416 793 443 114
810 409 866 442 v⁰;
891 405 934 436 cs.
953 405 1138 435 Horawitz
1160 405 1212 436 iii.
1237 415 1294 445 pp.
1312 406 1382 444 6,7)
1400 407 1517 436 shows
1534 405 1611 435 him
1629 405 1668 434 in
1685 404 1748 435 the
1769 413 1865 435 same

266 451 379 481 frame
392 450 539 480 ofmind
551 451 588 480 in
607 459 696 489 1531.
722 450 777 479 On
788 449 852 480 the
866 459 904 487 17
918 448 1008 487 Aug.
1024 458 1106 488 1534
1120 448 1165 479 he
1177 449 1261 488 paid
1271 450 1386 480 avisit
1398 451 1435 481 to
1448 449 1626 485 Budaeus,
1636 447 1867 488 presumably

265 496 302 524 at
320 494 420 524 Paris
436 504 475 523 or
491 493 606 533 Marly
622 505 629 523 :
645 503 703 524 see
720 492 934 531 Delaruelle,
951 494 1050 530 Bude',
1066 502 1099 531 p.
1115 501 1190 531 275.
1221 493 1325 523 Some
1340 494 1506 532 writings
1522 493 1569 532 by
1585 492 1663 522 him
1679 500 1771 522 were
1787 501 1867 531 pre·

265 537 388 569 served
405 538 444 567 in
461 537 523 567 the
540 537 665 576 Abbey
683 537 720 567 of
733 537 781 567 St.
802 537 992 574 Laurence,
1010 536 1074 566 but
1090 535 1182 565 have
1199 545 1279 567 now
1295 536 1539 576 disappeared.

307 581 369 612 See
388 580 476 610 Dom
495 580 662 619 Berliere,
683 581 838 618 Me'lauqes
853 578 1009 611 d'histoire
1024 581 1215 619 benedictina,
1235 580 1245 610 i
1265 580 1395 620 (1897),
1410 590 1444 620 p.
1456 591 1498 620 94
1515 591 1522 619 3
1540 579 1610 610 and
1628 579 1702 610 BN.
1718 578 1756 610 ii.
1773 578 1864 619 417.]

701 669 742 698 D.
771 668 950 698 ERASMO
980 667 1090 698 SVVs
1121 668 1368 698 BERSELIVS
1399 670 1433 700 S.

321 750 451 788 N1M1s
479 749 701 799 impudens
727 749 800 797 fui,
830 749 924 797 scio,
958 750 1167 800 nimisque
1193 749 1456 796 temerarius,
1485 749 1667 796 Erasme,
1701 749 1866 799 quando

265 817 544 866 superioribus
580 816 726 856 diebus
754 830 829 866 ego
858 817 1047 855 misellus
1078 817 1198 855 culex
1229 816 1308 855 tibi
1336 818 1463 861 tanto,
1497 829 1548 853 ne
1587 815 1721 853 dicam
1749 815 1867 854 heroi

264 883 335 920 sed
356 882 593 920 litterarum
623 881 709 930 deo,
734 881 912 920 scribere
932 895 1027 920 sum
1046 895 1180 921 ausus.
1241 882 1360 920 Certe
1387 894 1471 919 non
1493 880 1631 919 decuit
1650 879 1867 919 tantillum

263 946 418 985 animal
438 946 605 985 tantillo
624 948 757 985 rostro
781 946 846 984 illi
872 947 1107 997 obstrepere
1127 947 1199 998 qui
1218 949 1333 986 totus
1354 947 1400 985 in
1421 945 1694 986 sanctioribus
1713 944 1868 985 litteris

228 1025 245 1055 5
264 1011 546 1051 restaurandis
560 1011 811 1060 versabatur,
828 1025 903 1050 nec
923 1013 1012 1051 eius
1032 1012 1376 1052 consuetudinem
1391 1012 1497 1051 velle
1517 1010 1724 1061 consequi,
1743 1023 1868 1060 quem

264 1080 325 1116 tot
359 1077 509 1127 optimi
540 1077 736 1127 episcopi,
774 1079 838 1116 tot
871 1077 1019 1128 optimi
1052 1091 1178 1128 reges,
1212 1079 1275 1117 tot
1309 1076 1595 1117 candidissimi
1630 1076 1867 1115 litterarum

263 1143 517 1193 professores
558 1156 643 1181 non
685 1142 865 1192 probant
907 1143 1030 1182 modo
1074 1144 1144 1182 sed
1182 1143 1335 1192 colunt,
1377 1144 1640 1190 venerantur,
1680 1141 1864 1180 adorant.

265 1208 435 1247 Crimen
465 1221 607 1246 meum
634 1208 775 1255 fateor,
806 1210 848 1247 et
875 1208 1040 1258 culpam
1068 1223 1117 1247 ex
1144 1209 1222 1248 hoc
1249 1208 1542 1247 commeritum
1572 1221 1638 1246 me
1667 1207 1763 1255 scio,
1794 1206 1866 1246 sed

264 1273 395 1312 amori
413 1273 595 1323 imputes
614 1273 753 1322 velim,
778 1275 849 1324 qui
873 1287 940 1312 me
958 1287 1103 1313 caecus
1128 1274 1364 1313 exoculauit
1384 1276 1608 1312 amantem.
1660 1271 1866 1311 Putabam

210 1352 248 1374 10
266 1339 462 1390 quicquid
496 1339 569 1377 illo
603 1338 704 1377 duce
737 1341 975 1389 peccaretur
1007 1339 1141 1379 leuius
1172 1340 1280 1390 apud
1313 1342 1354 1379 te
1389 1338 1626 1385 aestimari;
1661 1351 1765 1388 quae
1799 1350 1866 1376 res

265 1418 361 1443 sane
381 1418 466 1443 non
493 1418 558 1443 me
588 1404 747 1443 fefellit.
809 1405 918 1443 Nam
943 1407 989 1443 tu
1012 1405 1118 1444 mihi
1141 1419 1216 1456 pro
1240 1419 1382 1455 poena,
1407 1404 1449 1443 id
1469 1406 1532 1443 est
1552 1403 1729 1451 silentio,
1755 1402 1864 1453 quod

264 1470 513 1517 metuebam,
532 1470 776 1519 praemium,
796 1483 898 1519 quae
917 1472 988 1510 tua
1008 1472 1070 1509 est
1088 1470 1340 1519 humanitas,
1360 1469 1614 1508 cumulatius
1634 1467 1861 1507 reddidisti„

263 1535 417 1585 Accepi
447 1536 571 1584 enim,
602 1535 711 1584 quod
741 1548 956 1585 nunquam
986 1536 1321 1575 existimaueram
1349 1536 1551 1581 futurum,
1579 1534 1740 1573 litteras
1771 1535 1864 1572 tuas

262 1600 356 1639 illas
376 1601 580 1648 florentes,
604 1600 747 1650 plenas
771 1601 924 1640 amoris
942 1603 984 1640 et
1003 1602 1243 1651 gratiarum,
1268 1601 1393 1651 idque
1418 1603 1464 1638 18
1486 1599 1625 1640 Calen.
1653 1598 1862 1638 Octobres.

207 1680 243 1710 15
264 1665 298 1703 Ο
319 1666 431 1704 diem
450 1666 624 1704 candido
650 1666 755 1704 mihi
783 1666 925 1716 lapillo
953 1667 1211 1717 signandam,
1237 1666 1348 1705 diem
1372 1666 1595 1716 plusquam
1614 1664 1803 1703 foelicem
1824 1666 1864 1702 et

263 1731 378 1770 mille
411 1733 532 1770 antea
563 1732 672 1770 votis
706 1732 958 1781 expetitam!
1027 1733 1145 1772 Certe
1185 1732 1301 1772 nulla
1333 1732 1440 1771 mihi
1474 1732 1549 1770 hac
1583 1732 1627 1769 in
1661 1731 1748 1769 tota
1775 1730 1863 1769 vita

261 1796 418 1835 affulsit
443 1796 608 1847 gratior,
638 1797 754 1835 nulla
788 1797 1002 1836 irradiauit
1028 1798 1256 1846 iucundior,
1285 1797 1402 1836 nulla
1431 1797 1589 1836 dulcior
1614 1798 1676 1834 est
1709 1797 1861 1834 exorta.

260 1861 374 1901 Haec
406 1865 469 1900 est
502 1875 585 1900 vna
615 1875 805 1900 meorum
839 1863 1000 1902 conscia
1029 1865 1071 1901 et
1101 1863 1220 1902 testis
1253 1863 1511 1913 gaudiorum,
1541 1875 1644 1912 quae
1676 1860 1785 1899 mihi
1813 1873 1862 1899 ex

259 1926 345 1966 tuis
382 1927 547 1976 scriptis
584 1927 859 1967 obuenerunt.
929 1928 1052 1966 Ferre
1090 1942 1157 1966 me
1195 1929 1285 1978 ipse
1322 1941 1406 1967 non
1444 1927 1572 1978 potui,
1609 1927 1711 1965 dum
1749 1926 1861 1965 istud

202 2008 242 2030 20
259 1993 418 2031 ferrum
450 1994 702 2038 tractassem‚
734 1993 842 2043 quod
881 1993 925 2031 in
963 1993 1149 2044 pagellae
1187 1993 1319 2044 capite
1357 1995 1447 2032 tam
1480 1993 1599 2032 docta
1633 2004 1761 2030 manu
1793 1991 1861 2030 de-

258 2057 463 2107 pinxeras.
507 2057 755 2097 Vulnerauit
770 2071 838 2096 cor
852 2071 1005 2107 meum,
1025 2059 1231 2097 emolliuit
1245 2059 1417 2107 viscera,
1435 2060 1620 2097 mentem
1636 2057 1859 2107 liquefecit.

260 2123 487 2173 Nunquam
514 2136 609 2161 sum
637 2125 831 2174 expertus
861 2126 949 2162 tam
979 2124 1121 2163 dulces
1151 2125 1303 2163 amoris
1326 2124 1549 2163 illecebras.
1610 2123 1729 2161 Faxit
1749 2123 1861 2162 Deus

259 2190 303 2226 vt
324 2188 477 2227 talibus
504 2201 624 2238 saepe
647 2188 845 2238 perfruar.
902 2188 1135 2239 Epistolam
1160 2192 1278 2228 tuam
1307 2190 1480 2228 adseruo
1501 2188 1752 2239 diligenter3
1781 2188 1862 2226 erit

260 2253 365 2292 mihi
384 2254 537 2303 pignus
557 2254 765 2303 quoddam
785 2257 1033 2305 perpetuum
1053 2255 1205 2294 amoris
1226 2268 1320 2305 erga
1340 2268 1406 2293 me
1426 2255 1502 2293 tui.

203 2334 240 2365 25
314 2319 463 2357 Presul
494 2321 632 2357 noster
660 2322 755 2358 ante
783 2333 937 2369 paucos
965 2321 1053 2358 dies
1082 2320 1284 2359 concessit
1313 2320 1357 2359 in
1386 2320 1576 2368 Galliam,
1600 2331 1675 2357 nec
1700 2319 1860 2357 constat

261 2384 360 2422 satis
390 2385 439 2423 de
468 2385 615 2423 reditu.
675 2386 780 2424 Cum
811 2386 994 2436 primum
1023 2386 1068 2424 in
1097 2386 1244 2425 vrbem
1270 2385 1376 2424 hanc
1407 2387 1477 2423 aut
1500 2385 1544 2422 in
1570 2383 1748 2433 patriam
1772 2395 1860 2421 sese

260 2450 470 2499 receperit,
494 2452 655 2499 praesto
688 2450 845 2489 erimus
876 2464 1121 2501 operamque
1155 2451 1346 2490 dabimus
1376 2452 1422 2489 vt
1456 2448 1565 2499 quod
1598 2448 1707 2498 apud
1735 2447 1858 2486 illum

259 2527 332 2563 per
350 2527 426 2553 nos
446 2515 537 2553 fieri
556 2515 726 2564 iussisti,
748 2516 792 2554 id
812 2530 947 2566 neque
967 2517 1115 2566 frigide
1140 2530 1275 2566 neque
1298 2515 1522 2554 oscitanter
1545 2525 1855 2564 prosequamur.

314 2580 489 2618 quenis
519 2580 586 2619 hic
619 2581 690 2631 qui
724 2581 802 2619 tibi
835 2595 948 2620 meas
985 2581 1179 2627 reddidit,
1214 2580 1480 2632 gratissimus
1517 2581 1579 2617 est
1615 2575 1863 2617 humanissi-

815 2690 845 2716 4.
870 2680 984 2709 rostro
1000 2681 1070 2709 LB:
1096 2680 1218 2709 nostro
1235 2681 1302 2710 MS.

308 2775 356 2803 13.
383 2764 541 2806 litteras]
559 2765 718 2805 Perhaps
735 2765 778 2795 cf.
796 2765 861 2805 Ep.
876 2766 948 2804 718.
966 2774 995 2803 7.
1095 2765 1276 2804 probably,
1296 2764 1386 2794 with
1403 2763 1501 2795 John
1519 2763 1692 2794 Cellarius
1711 2763 1770 2804 (cf.
1788 2763 1854 2803 Ep.

308 2818 357 2846 15.
377 2808 518 2849 lapillo]
529 2809 680 2840 CflPers.
691 2819 721 2840 2.
734 2818 765 2847 13
782 2809 1022 2848 Mart.9.53.5.
1094 2810 1167 2846 877.
1202 2819 1222 2847 5
1245 2809 1309 2847 n.),
1343 2808 1424 2838 who
1458 2807 1576 2838 before
1615 2816 1697 2846 1519
1729 2807 1857 2847 taught

306 2861 357 2890 25.
383 2852 421 2882 in
431 2852 601 2892 Galliam]
613 2852 855 2883 Doubtlesson
863 2853 1025 2883 business
1094 2851 1248 2882 Hebrew
1260 2855 1268 2869 ‘
1280 2852 1374 2891 apud
1388 2852 1576 2882 Erasmum
1590 2850 1742 2881 Louanii
1755 2852 1776 2882 ’.
1808 2851 1857 2881 Or

260 2896 460 2926 connected
474 2896 564 2926 with
582 2896 639 2926 his
654 2905 712 2926 see
726 2895 940 2926 ofChartres
953 2907 962 2935 ;
979 2897 1022 2927 cf.
1093 2895 1252 2934 possibly
1264 2895 1393 2925 Robert
1405 2895 1589 2925 Wakefeld
1599 2893 1854 2933 (†1537),who,

261 2938 325 2978 Ep.
343 2948 416 2976 735.
435 2948 454 2977 5
471 2948 492 2969 n
503 2961 510 2969 .
1091 2938 1185 2969 after
1200 2939 1414 2978 graduating
1430 2939 1516 2969 B.A.
1535 2940 1572 2969 at
1589 2937 1800 2977 Cambridge
1816 2937 1856 2968 in

304 2991 356 3021 29.
381 2981 550 3023 quenis]
575 2982 697 3014 Baueh
722 2982 913 3023 identifies,
938 2991 1024 3021 very
1096 2991 1233 3022 1513-4,
1253 2984 1349 3013 went
1365 2982 1496 3013 abroad
1513 2983 1549 3012 to
1566 2982 1696 3021 study3
1720 2980 1792 3012 and
1815 2981 1854 3011 in
