2034 3433
532 211 602 250 ΤΟ
641 211 869 249 MARTIN
909 210 1146 250 LUTHER
1554 209 1633 247 607

41 209 139 263 980]

39 315 292 363 monasterii,
314 315 380 354 vir
415 329 516 366 pure
551 315 825 364 Christianus,
857 316 927 365 qui
966 317 1007 353 te
1041 315 1161 353 vnice
1200 315 1375 362 deamat,
1398 315 1497 351 tuus
1535 313 1635 351 olim
1656 322 1695 352 55

39 379 277 430 discipulus,
302 382 349 419 vt
368 381 586 430 praedicat.
637 381 684 419 Is
704 381 896 419 omnium
916 393 1020 429 pene
1040 380 1153 418 solus
1173 379 1388 419 Christum
1408 377 1634 428 praedicat:

37 445 187 484 caeteri
219 445 304 483 fere
335 447 407 484 aut
438 445 659 485 hominum
691 445 853 484 fabulas
887 448 958 484 aut
986 458 1109 483 suum
1139 446 1354 495 quaestum
1386 442 1634 493 praedicant.

39 510 352 548 Melanchthoni
386 510 542 561 scripsi.
603 511 811 550 Dominus
845 510 994 549 Ihesus
1022 511 1101 548 tibi
1130 523 1253 548 suum
1282 509 1478 559 spiritum
1504 508 1637 546 indies

40 575 208 613 vberius
240 575 451 624 impartiat
484 575 535 613 ad
568 576 698 625 ipsius
723 575 899 625 gloriam
929 577 971 612 et
1002 575 1212 624 publicam
1232 574 1470 612 vtilitatem.
1530 573 1634 612 Cum

40 640 139 678 haec
159 639 392 688 scriberem,
414 642 485 679 tua
503 641 680 690 epistola
699 641 749 679 ad
769 653 941 680 manum
962 653 1046 678 non
1064 642 1161 678 erat.

92 703 195 742 Vale
215 704 399 752 Louanii,
422 707 545 744 tertio
565 706 763 744 kalendas
781 705 937 744 Iunias.
961 706 1099 743 Anno.
1121 705 1298 743 M.D.xix.

1654 638 1695 670 60

462 836 612 878 9γῖ981.
674 836 737 877 To
769 837 953 878 GASPAR
985 836 1209 878 SCHALBE.

1364 892 1538 928 Louvain.

1316 962 1361 995 30
1378 951 1465 996 May
1487 961 1587 998 1519.

86 892 252 939 Farrago
269 905 304 938 p.
329 896 403 938 138.

87 951 127 986 F.
146 963 180 997 p.
200 953 287 995 287:
314 951 403 987 HN:
432 953 547 988 Lond.
565 952 614 987 vi.
632 955 674 988 6:
701 953 774 988 LB.
792 954 873 996 428.

195 1044 402 1075 ERASMVS
433 1045 767 1076 ROTERODAMVS
797 1045 990 1076 GASPARI
1023 1043 1228 1075 SCHALBO
1260 1043 1342 1073 SVO
1375 1024 1408 1073 S.
1435 1043 1479 1073 D.

94 1126 282 1165 Onsncno
301 1128 353 1174 te,
370 1126 611 1165 doctissime
630 1125 816 1173 Schalbe,
833 1128 976 1165 vtrum
991 1125 1131 1164 isthuc
1143 1126 1207 1162 est
1227 1138 1367 1174 rogare
1387 1137 1439 1163 an
1459 1137 1603 1173 cogere
1615 1125 1635 1163 ἶ)

39 1190 165 1236 Vides
182 1191 292 1230 mihi
310 1192 382 1230 vix
403 1192 537 1230 ocium
559 1204 647 1230 esse
666 1192 717 1230 ad
736 1191 931 1229 tuendam
949 1190 1247 1238 valetudinem,
1262 1189 1377 1228 vides
1396 1191 1460 1228 tot
1481 1189 1634 1227 studio-

39 1268 133 1295 rum
166 1256 375 1295 laboribus
404 1257 612 1305 obrutum,
650 1259 690 1296 et
720 1259 861 1296 tamen
892 1256 1088 1313 efflagitas
1117 1255 1346 1305 epistolam.
1406 1254 1523 1293 Adeo
1552 1254 1635 1292 vio-

39 1322 155 1360 lenta
172 1334 238 1360 res
256 1324 319 1360 est
338 1324 377 1360 et
397 1322 605 1373 impotens
624 1336 750 1371 amor,
774 1322 1015 1372 praesertim
1044 1320 1316 1360 Germanicus
1332 1335 1341 1368 ς
1372 1320 1439 1358 cui
1459 1320 1495 1358 si
1515 1332 1636 1358 coner

39 1387 243 1435 reluctari,
265 1387 374 1426 nihil
393 1401 523 1438 agam.
578 1388 727 1439 Itaque
748 1387 975 1438 respondeo
995 1386 1081 1424 tuis
1101 1386 1246 1431 literis,
1262 1386 1331 1424 sed
1352 1385 1410 1424 ita
1428 1387 1475 1424 vt
1493 1397 1636 1423 verear
1655 1393 1671 1423 5

40 1466 91 1491 ne
110 1452 222 1491 dicas
241 1452 321 1491 tibi
340 1452 448 1491 nihil
463 1466 550 1492 esse
569 1467 827 1504 responsum.
885 1452 1002 1500 Quod
1023 1452 1058 1490 si
1077 1451 1328 1489 breuitatem
1347 1450 1455 1489 hanc
1469 1451 1577 1500 apud
1594 1451 1635 1488 te

39 1531 124 1557 non
145 1519 311 1556 excusat
331 1518 613 1558 misericordia
639 1519 782 1566 nostri,
805 1519 953 1557 saltem
979 1517 1192 1556 excusabit
1219 1516 1482 1566 publicorum
1508 1515 1635 1554 studi·

38 1596 158 1622 orum
180 1583 296 1630 ratio,
322 1596 497 1633 quorum
525 1584 678 1623 iactura
705 1584 921 1637 distrahor
941 1585 984 1621 in
1012 1583 1112 1621 haec
1135 1582 1287 1620 officia:
1320 1594 1423 1631 quae
1445 1581 1633 1631 singulis,

39 1648 190 1698 quibus
217 1649 488 1698 praestantur,
512 1649 650 1699 exigui
678 1649 881 1688 momenti
901 1649 1108 1695 videntur,
1132 1647 1239 1685 mihi
1267 1649 1408 1685 tamen
1436 1646 1482 1684 in
1511 1659 1635 1696 quem

39 1727 170 1752 vnum
189 1713 438 1763 agminatim
457 1714 753 1764 glomerantur,
778 1714 994 1764 ingentem
1013 1713 1218 1752 sarcinam
1237 1712 1407 1750 addunt.

95 1778 269 1828 Quando
306 1781 353 1817 tu
386 1779 514 1818 Ionae
548 1793 633 1818 non
667 1780 778 1818 cedis
811 1780 856 1818 in
889 1779 1082 1827 amando,
1102 1791 1176 1828 par
1203 1777 1382 1816 arbitror
1407 1779 1455 1816 vt
1482 1780 1522 1816 te
1552 1791 1635 1815 non

39 1844 181 1883 minus
210 1857 337 1894 quam
367 1843 489 1883 illum
519 1845 740 1884 reclamem.
796 1845 1061 1895 Deplorarem
1089 1846 1177 1882 tam
1206 1843 1480 1893 longinquam
1507 1842 1637 1892 profe-

39 1905 216 1947 ctionem
231 1911 347 1958 tuam
366 1910 509 1959 totque
524 1910 718 1959 periculis
732 1910 954 1948 obnoxiam
970 1911 1111 1948 nostra
1124 1921 1244 1946 causa
1258 1909 1506 1957 susceptam,
1523 1906 1569 1944 ni
1588 1908 1635 1945 tu

40 1973 119 2012 tibi
151 1975 366 2024 tantopere
395 1971 662 2024 gratulareris
690 1975 828 2014 etiam.
888 1975 940 2013 Id
969 1974 1004 2013 si
1033 1973 1185 2012 iudicio
1214 1973 1326 2020 facis,
1356 1985 1440 2011 non
1469 1972 1636 2010 inuideo

40 2040 248 2086 fructum;
289 2039 357 2077 sin
390 2039 701 2089 imaginatione,
736 2040 909 2078 remedii
940 2052 1035 2089 pars
1061 2041 1123 2077 est
1158 2051 1242 2076 non
1273 2038 1430 2076 sentire
1458 2037 1631 2076 malum.
1657 2054 1694 2086 15

40 2105 154 2143 Illud
175 2106 317 2143 autem
337 2118 462 2154 quam
491 2105 757 2145 Germanice!
816 2105 950 2155 Negas
979 2107 1020 2144 te
1050 2104 1232 2143 fustibus
1260 2103 1413 2153 depelli
1437 2116 1568 2153 posse,
1591 2103 1635 2141 ni

39 2170 161 2209 detur
193 2170 303 2220 quod
332 2170 377 2208 in
406 2170 583 2220 patriam
611 2185 777 2210 reuerso
805 2172 1065 2221 praesentem
1100 2169 1324 2208 Erasmum
1357 2169 1520 2208 referat.
1581 2169 1635 2207 Os

43 2235 273 2286 impudens,
296 2248 382 2273 non
411 2235 489 2273 tibi
517 2238 582 2275 sat
610 2238 673 2275 est
703 2237 857 2282 oculos,
878 2249 998 2275 aures
1026 2237 1067 2273 et
1088 2235 1277 2273 animum
1298 2233 1484 2284 explesse
1505 2234 1635 2272 nostri

41 2300 169 2350 copia,
210 2299 491 2339 mellitissima
527 2301 591 2339 vti
629 2301 786 2349 scribis,
819 2301 865 2339 ni
901 2314 967 2340 me
1005 2302 1141 2339 totum
1179 2301 1316 2338 tecum
1353 2299 1545 2338 auferas?
1594 2301 1635 2336 et

41 2366 203 2405 auferas
221 2365 266 2403 in
287 2367 372 2405 tam
392 2367 532 2415 procul
553 2366 740 2405 dissitam
759 2366 972 2416 regionem
985 2367 1005 2404 ’ἓ
1036 2364 1296 2414 Quantulum
1311 2366 1451 2403 autem
1470 2364 1633 2403 Erasmi

1657 1725 1696 1747 10

1656 2380 1695 2402 20

584 2453 657 2483 980.
684 2463 736 2492 57.
761 2453 834 2484 fere
851 2455 929 2483 aF:
953 2461 1035 2483 vero
1050 2454 1088 2482 E.

46 2540 83 2570 in
99 2539 276 2579 Theology
295 2549 333 2569 12
349 2539 370 2570 J
374 2539 447 2579 uly.
493 2541 546 2571 On
564 2541 752 2579 returning
767 2544 804 2571 to

43 2582 217 2622 Antwerp
253 2583 299 2613 he
337 2593 408 2614 was
444 2583 610 2614 attaeked
658 2584 703 2623 by
741 2584 803 2614 the

47 2625 263 2664 inquisition
289 2626 361 2656 and
391 2627 588 2667 eompelled
619 2629 656 2658 to
680 2629 803 2658 recant

45 2668 215 2708 publicly‚
247 2679 268 2708 9
298 2669 379 2700 Feb.
414 2679 507 2709 1522.
554 2671 599 2701 In
631 2671 726 2701 June
757 2670 803 2701 he

870 2542 1103 2577 Neerlandicae,
1123 2540 1189 2570 vol.
1210 2540 1244 2568 iv
1258 2540 1374 2578 &190OE
1392 2549 1399 2576 ;
1424 2539 1460 2568 Ρ.
1481 2537 1632 2575 Kalkoffi

870 2586 1015 2622 Ansdnye
1030 2587 1061 2614 d.
1080 2584 1371 2621 Geye‘nrctbrmation
1387 2585 1421 2612 in
1439 2585 1494 2611 den
1508 2584 1633 2612 Nieder-

870 2630 996 2663 ldnden,
1032 2636 1182 2666 1903-4;
1222 2625 1259 2656 Ο.
1292 2625 1448 2665 melnen,
1477 2627 1572 2656 Beitr.
1604 2635 1631 2656 ε.

871 2672 1210 2708 Βε]οντηαίίοηε993οὴ.,
1238 2669 1249 2698 i
1277 2669 1406 2707 (1900),
1435 2678 1491 2708 pp.
1526 2677 1632 2707 33-93

45 2712 194 2752 escaped
231 2713 267 2742 to
303 2712 531 2754 Wittenberg
573 2713 670 2754 (LE2.
709 2714 800 2755 567),

47 2755 165 2786 where
196 2755 241 2785 he
272 2756 427 2786 married
457 2767 477 2787 a
507 2767 627 2797 young
662 2767 803 2789 woman

46 2799 137 2830 from
175 2798 343 2829 Luther's
380 2799 587 2831 household.
635 2801 681 2831 In
721 2801 805 2840 May

49 2851 131 2881 1524
163 2842 208 2872 he
235 2851 307 2872 was
338 2842 468 2873 chosen
495 2854 533 2874 as
563 2844 737 2874 Preacher
767 2846 805 2874 at

47 2886 212 2925 Bremen,
238 2885 308 2915 and
332 2885 435 2916 thore
457 2886 520 2917 the
544 2887 748 2917 remainder
770 2888 809 2917 of

46 2929 103 2959 his
129 2928 191 2959 life
217 2937 290 2958 was
323 2931 437 2968 spent.
483 2929 539 2960 He
568 2938 640 2960 was
678 2930 806 2969 Super-

47 2972 241 3003 intendent
269 2980 439 3011 1534—593
476 2973 547 3003 and
578 2973 615 3002 in
650 2982 732 3012 1549
761 2973 805 3003 he

48 3015 204 3046 married
219 3015 333 3053 again.

92 3059 156 3090 See
172 3058 209 3089 P.
234 3058 435 3098 Fredericq,
453 3061 564 3096 Corpus
589 3061 808 3097 Inquisitionis

871 2713 1152 2745 Geldenhauer's
1181 2715 1376 2747 Οοῖῑεσταηεα,
1396 2712 1449 2742 ed.
1467 2711 1632 2749 Prinsen,

871 2767 929 2797 pp.
947 2766 1056 2795 32-33
1080 2756 1200 2793 ADB;
1225 2755 1297 2786 and
1320 2756 1391 2786 BN.
1437 2755 1550 2785 There
1573 2765 1632 2785 are

870 2800 996 2831 letters
1022 2803 1058 2830 to
1086 2798 1165 2830 him
1191 2799 1283 2829 from
1307 2798 1444 2829 Luther
1471 2800 1630 2838 1527-46,

872 2843 943 2874 and
959 2844 1046 2873 from
1063 2842 1321 2873 Melanchthon
1336 2842 1469 2880 1545-6.
1502 2842 1629 2881 Krafft,

871 2897 928 2926 pp.
961 2886 1056 2926 45—8,
1094 2887 1213 2925 prints
1250 2895 1270 2915 a
1308 2885 1415 2915 letter
1446 2885 1537 2915 from
1575 2885 1632 2915 his

873 2929 1097 2960 Collectanea
1122 2929 1161 2958 in
1193 2929 1255 2959 the
1287 2928 1396 2959 Town
1421 2928 1574 2967 Library
1595 2930 1632 2959 at

873 2973 1038 3003 Bremen.

915 3015 991 3046 980.
1018 3015 1069 3054 58.
1091 3013 1382 3053 Melanehthoni]
1399 3014 1463 3054 Ep.
1481 3025 1557 3054 947.

916 3059 990 3090 981.
1011 3068 1039 3089 2.
1061 3060 1114 3089 tot
1125 3057 1346 3099 studiorum]
1359 3058 1410 3089 cf.
1421 3058 1482 3098 Ep.
1492 3069 1566 3098 944.
1578 3068 1631 3098 25.
