2034 3433
331 125 410 163 616
789 118 1036 160 LETTERS
1074 118 1144 157 OF
1180 115 1442 157 ERASMUS
1777 113 1901 168 [1519

661 258 879 302 9³0‚⁹⁵4987.
938 257 1065 298 FROM
1097 255 1313 297 WILLIAM
1347 239 1579 296 BUDAEUS.

379 351 538 395 Farrago
556 361 593 394 p.
612 357 667 392 45.
1636 342 1750 378 Paris.

378 409 416 445 F.
435 420 470 454 p.
490 408 577 443 206:
604 404 694 441 HN:
720 403 835 440 Lond.
852 403 906 440 iii.
925 405 991 447 64:
1017 403 1089 440 LB.
1107 414 1187 448 432.
1535 413 1577 438 10
1593 401 1689 437 June
1707 399 1859 447 (1519).

846 505 1052 536 BVDAEVS
1083 505 1261 536 ERASMO
1290 506 1325 537 S.
1351 505 1394 535 D.

386 590 622 628 Lonovrcvs
641 587 777 636 WueS,
799 587 924 625 homo
951 586 1166 625 literarum
1193 586 1396 625 bonarum
1422 586 1597 625 feliciter
1621 586 1841 631 studiosus,
1863 586 1911 623 vt

331 668 381 693 ex
400 654 488 693 eius
507 666 694 692 sermone
713 651 914 700 intellexi,
939 651 1042 690 mire
1061 651 1222 690 nomini
1241 653 1313 690 tuo
1333 665 1506 702 meoque
1524 651 1659 690 fauere
1679 650 1785 689 mihi
1798 649 1912 689 visus

333 722 418 759 est:
455 720 571 758 cuius
602 717 839 757 humanitas
871 716 1092 767 singularis
1127 719 1168 755 et
1198 717 1358 756 erudita
1390 717 1612 766 glutinum,
1646 718 1693 754 vt
1724 715 1909 762 arbitror,

333 785 643 824 tenacissimum
663 796 751 822 esse
770 782 920 833 poterit
939 782 983 820 in
1003 784 1211 831 posterum
1231 783 1405 821 tuendae
1422 782 1738 832 retinendaeque
1752 783 1913 820 nostrae

298 864 315 894 5
333 849 547 896 amicitiae,
569 849 615 897 si,
636 850 682 887 vt
702 849 800 887 sunt
820 848 1011 894 humana,
1033 847 1227 886 nonnihil
1253 847 1475 886 simultatis
1499 847 1566 886 vel
1589 847 1914 897 suspiciunculae

334 915 471 965 potius
498 914 607 952 inter
639 925 714 951 nos
745 911 949 951 inciderit.
1022 911 1129 950 Nam
1153 912 1353 952 hactenus
1378 912 1568 951 incidisse
1597 912 1640 950 τό
1667 929 1710 964 γε
1739 911 1816 950 κατ’
1852 913 1915 961 ἐμὲ

335 992 550 1029 nunquam
577 978 744 1025 fatebor,
773 990 824 1015 ne
852 975 1053 1015 sacerdoti
1081 976 1247 1026 quidem
1275 977 1384 1027 apud
1412 991 1534 1028 quem
1561 977 1748 1016 animum
1774 989 1914 1016 curare

335 1044 482 1084 solitus
501 1057 605 1082 sum.

390 1111 447 1148 Vt
466 1109 598 1147 obiter
617 1108 811 1158 epistolae
834 1109 927 1146 tuae
952 1108 1219 1156 respondeam
1248 1109 1388 1158 (quam
1414 1121 1581 1158 peregre
1605 1121 1728 1158 agens
1752 1108 1916 1159 accepi),

281 1193 319 1215 10
337 1177 381 1214 in
412 1188 492 1225 qua
521 1188 605 1213 non
638 1173 907 1212 necessariam
941 1173 1281 1211 contestationem
1316 1173 1415 1212 facis
1445 1175 1485 1212 te
1517 1174 1740 1213 honorifice
1771 1175 1822 1213 de
1851 1187 1917 1212 me

337 1241 451 1291 loqui
480 1239 661 1286 Solitum,
685 1238 811 1277 Simul
837 1237 955 1276 illam
983 1239 1097 1276 tuam
1121 1237 1198 1276 tibi
1225 1240 1514 1291 περισσολόγον,
1535 1239 1643 1277 mihi
1662 1239 1915 1292 βραχυλόγον,

336 1304 552 1356 epistolam
589 1317 635 1342 eo
674 1303 841 1341 demum
887 1302 1054 1341 nomine
1099 1303 1313 1353 displicere
1354 1304 1432 1343 tibi
1477 1304 1666 1353 affirmas,
1706 1304 1815 1354 quod
1851 1318 1917 1343 me

339 1369 558 1408 offendisse
586 1369 850 1407 videatur—a
877 1380 957 1418 qua
981 1368 1215 1417 suspicione
1240 1371 1285 1407 vt
1312 1369 1438 1407 semel
1460 1371 1501 1407 te
1521 1369 1731 1417 deducam,
1755 1370 1918 1420 quando

339 1435 444 1473 mihi
476 1448 549 1473 nec
578 1433 783 1472 inficianti
810 1446 884 1471 nec
913 1433 1133 1472 affirmanti
1167 1434 1308 1482 credis,
1339 1434 1446 1474 bona
1474 1447 1565 1473 mea
1592 1435 1725 1485 gratia
1753 1435 1847 1474 licet
1874 1437 1920 1474 vt

283 1518 320 1549 15
338 1513 428 1538 eam
448 1499 620 1538 officinis
638 1499 722 1537 tuis
740 1499 968 1548 permittas,
991 1498 1026 1536 si
1044 1498 1122 1537 tibi
1141 1511 1225 1537 non
1245 1498 1435 1549 displicet
1452 1513 1462 1547 ;
1492 1512 1567 1549 ego
1587 1500 1699 1537 enim
1720 1513 1810 1539 eam
1830 1500 1918 1539 sine

338 1565 467 1604 animi
498 1564 723 1602 offensione
754 1563 927 1620 legi—si
960 1564 1147 1601 nondum
1179 1576 1246 1602 me
1274 1564 1396 1608 nosti,
1431 1563 1554 1602 velim
1581 1564 1628 1602 vt
1657 1578 1745 1602 sero
1773 1564 1920 1604 saltem

339 1644 457 1669 nosse
487 1630 658 1679 incipias
684 1629 968 1668 subausteram
996 1628 1154 1678 ingenii
1177 1629 1261 1666 mei
1289 1631 1487 1677 naturam,
1512 1629 1582 1678 qui
1605 1643 1678 1667 nec
1706 1630 1918 1669 obseruan-

337 1696 416 1735 tias
438 1696 607 1746 probem
635 1694 1013 1745 supparasitatrices
1041 1707 1113 1732 nec
1142 1694 1343 1732 amicitias
1368 1695 1724 1743 ἀλληλοτριβούσας
1745 1695 1920 1734 libenter

339 1774 560 1807 exerceam,
583 1761 688 1798 sicut
728 1758 1028 1797 amarulentam
1058 1759 1313 1797 iracundiam
1342 1758 1440 1797 stilo
1476 1759 1643 1809 prodere
1674 1773 1757 1798 non
1786 1760 1916 1798 didici.

283 1844 322 1865 20
339 1826 485 1864 Malim
503 1825 750 1864 immodicus
769 1824 848 1862 ioci
870 1824 1090 1873 minusque
1114 1824 1421 1874 circunspectus
1448 1824 1581 1862 videri
1606 1837 1728 1874 quam
1753 1825 1922 1864 alterius

340 1891 431 1929 vitii
461 1890 704 1929 insimulari.
762 1889 921 1928 Eodem
949 1889 1154 1938 pertinere
1188 1889 1352 1927 videtur
1381 1888 1498 1937 illud,
1532 1889 1640 1938 quod
1668 1891 1923 1942 συγκρητίζειν

340 1958 435 2006 ἡμᾶς
453 1968 555 2006 opus
583 1968 670 1994 esse
689 1954 801 2001 dicis,
824 1954 978 1993 scilicet
997 1955 1154 2004 ὡσπερεὶ
1172 1954 1344 1992 τάναντία
1363 1971 1425 1992 σοι
1444 1957 1668 2004 φρονοῦντος
1687 1958 1786 2004 ἐμοῦ,
1809 1955 1832 2005 ἢ
1859 1957 1923 1994 οὐκ

341 2021 539 2061 ἐνδιδόντος
556 2038 599 2073 γε
615 2022 771 2070 ἐμαυτὸν
787 2022 940 2070 εὐχερῶς
955 2022 1003 2060 εἷς
1017 2020 1084 2068 τὴν
1098 2021 1228 2058 τούτου
1243 2019 1528 2069 ἐπιτηδεύματος
1539 2022 1603 2058 τοῦ
1616 2022 1685 2058 σοῦ
1700 2021 1919 2060 συναίνεσιν.

341 2086 447 2124 Mihi
471 2099 568 2125 vero
593 2086 736 2135 iniquo
761 2085 939 2135 quodam
964 2085 1050 2123 fato
1076 2085 1251 2134 contigit
1269 2086 1316 2123 vt
1334 2084 1492 2123 bellum
1512 2086 1816 2135 φιλοβαρβάροις
1833 2085 1924 2125 istis

286 2167 322 2198 25
342 2151 441 2190 olim
472 2152 688 2199 indictum,
713 2151 903 2189 ferociter
931 2150 1056 2189 etiam
1082 2150 1359 2199 commissum,
1382 2150 1465 2188 iam
1493 2151 1684 2201 prosequi
1709 2164 1920 2201 nequeam,

341 2230 415 2255 nec
435 2217 480 2254 in
500 2219 636 2266 partes
655 2217 859 2255 bonorum
878 2229 969 2254 meo
994 2215 1195 2254 arbitratu
1218 2215 1466 2262 incumbere,
1489 2229 1662 2265 quarum
1681 2218 1727 2254 tu
1747 2216 1925 2266 auspicia

344 2282 476 2332 regis:
515 2295 560 2320 ac
590 2284 789 2332 tanquam
819 2281 902 2320 iam
931 2281 975 2319 in
1003 2281 1189 2331 partibus
1222 2294 1305 2319 non
1334 2281 1424 2328 sim,
1457 2294 1531 2319 nec
1558 2281 1635 2320 hos
1668 2281 1818 2319 adiuuo
1851 2294 1925 2319 nec

343 2347 439 2386 illos
457 2347 620 2396 infesto,
642 2346 809 2385 tametsi
830 2346 978 2385 alteros
1002 2359 1150 2384 exosus
1172 2359 1265 2384 sum
1290 2348 1333 2384 et
1361 2346 1503 2384 alteris
1528 2346 1630 2384 bene
1657 2345 1786 2396 cupio.
1847 2346 1925 2385 Sed

344 2412 384 2450 id
405 2412 504 2462 quid
531 2414 593 2450 est
622 2412 732 2450 aliud
757 2425 880 2462 quam
909 2412 1061 2450 ἐτώσιον
1085 2411 1198 2462 ἄχθος
1218 2413 1374 2461 ἀρούρης
1392 2412 1441 2450 ad
1471 2413 1722 2449 senectutem
1747 2424 1923 2461 vergere,

287 2492 327 2522 30
345 2477 460 2527 quasi
479 2477 523 2515 in
544 2476 705 2515 theatro
726 2477 937 2515 sedentem
953 2478 974 2515 Ῥ
1030 2477 1147 2525 Quod
1178 2478 1317 2515 autem
1342 2476 1393 2515 ad
1418 2476 1459 2514 id
1483 2476 1664 2525 pertinet
1692 2476 1797 2526 quod
1825 2476 1928 2516 scire

345 2541 504 2588 auebas,
528 2541 626 2590 quid
646 2541 777 2579 animi
800 2541 1051 2588 haberemus,
1072 2543 1118 2580 vt
1141 2540 1317 2591 quodam
1345 2540 1532 2590 epistolio
1550 2540 1777 2590 scripsisti:
1804 2541 1928 2590 pudet

667 2669 718 2690 22.
745 2658 764 2697 ἢ
780 2669 836 2689 om.
858 2661 898 2690 N.
1047 2668 1097 2698 23.
1124 2662 1151 2689 E
1168 2662 1298 2697 Corriy.:
1325 2657 1506 2699 συναίρεσιν
1520 2662 1557 2690 Ε.

393 2801 419 2821 1.
455 2790 576 2830 Viues]
615 2790 683 2820 For
716 2789 790 2820 this
821 2790 905 2820 visit
940 2792 974 2819 to
1006 2790 1103 2821 Paris
1213 2799 1265 2821 22.
1289 2790 1392 2831 dicis]
1410 2791 1471 2831 Ep.
1490 2801 1565 2830 930.
1580 2793 1678 2823 8-11.

348 2834 389 2864 cf.
407 2834 468 2873 Ep.
486 2845 559 2873 991.
577 2834 620 2864 88
637 2844 672 2864 n.
1212 2843 1263 2872 29.
1292 2833 1438 2875 ἐτώσιον]
1456 2835 1560 2865 Hom„
1580 2837 1620 2865 Il.
1641 2835 1690 2865 18.
1710 2844 1780 2872 104.

390 2887 421 2915 9.
446 2887 587 2917 peregre
604 2877 723 2917 agens]
739 2875 789 2907 Cf.
809 2876 870 2916 Ep.
889 2886 960 2915 924.
980 2878 1017 2907 18
1034 2887 1069 2908 n.
1213 2887 1265 2915 30.
1291 2877 1329 2907 in
1344 2877 1499 2918 theatro]
1517 2877 1569 2909 Cf.
1584 2878 1668 2909 Hor.
1688 2880 1748 2915 Ep.
1762 2887 1793 2908 2.
1808 2887 1837 2908 2.
1855 2886 1926 2917 130.

395 2930 441 2950 12.
466 2920 665 2961 epistolam]
682 2920 744 2960 Ep.
762 2920 836 2958 906.
1214 2929 1265 2958 31.
1292 2921 1471 2962 epistolio]
1488 2921 1649 2952 Written
1665 2920 1792 2952 earlier
1809 2922 1847 2951 in
1865 2921 1927 2951 the

434 2963 634 3004 displicere]
657 2963 720 3003 Ep.
737 2972 811 3002 954.
830 2972 897 3002 3‚4.
1170 2973 1274 3003 year:
1299 2964 1342 2995 cf.
1359 2964 1419 3004 Ep.
1438 2975 1512 3004 929.
1529 2973 1625 3003 33-5.
