2034 3433
287 175 367 214 552
746 173 993 212 LETTERS
1033 174 1101 213 OF
1141 174 1406 213 ERASMUS

1747 172 1875 226 [1519

511 279 714 318 Videbam
736 277 953 326 spinosum
972 276 1050 315 hoc
1069 290 1113 315 ac
1133 277 1333 328 frigidum
1348 277 1579 328 theologiae
1599 291 1730 329 genus
1749 279 1882 318 indies

287 347 331 383 in
351 345 467 395 peius
482 357 646 393 vergere
663 357 671 391 ;
701 343 837 381 fontes
855 355 900 382 ac
914 344 1073 380 veteres
1093 342 1189 382 illos
1204 343 1455 382 orthodoxos
1473 356 1577 392 pene
1597 356 1671 393 pro
1687 343 1884 382 obsoletis

288 409 441 449 haberi.
496 408 677 447 Proinde
696 410 864 446 conatus
884 420 978 446 sum
998 421 1144 446 omnes
1162 408 1213 446 ad
1235 421 1473 457 germanam
1493 408 1610 447 illam
1630 408 1883 459 theologiam

234 496 270 527 15
289 487 487 522 reuocare,
507 486 592 512 non
611 473 656 511 in
675 474 813 511 totum
829 472 1032 511 damnans
1051 472 1096 510 in
1118 473 1270 511 scholis
1289 475 1453 523 recepta
1472 473 1618 518 studia,
1637 472 1707 512 sed
1728 473 1882 523 partim

290 540 517 587 moderans,
537 537 688 588 partim
708 537 896 576 indicans
911 537 1009 588 quid
1027 539 1212 588 optarem
1233 538 1432 577 accedere.
1482 538 1696 588 Siquidem
1711 541 1758 578 vt
1777 538 1885 578 mihi

292 618 374 643 non
393 604 557 654 placent
572 603 642 653 qui
657 603 778 641 bonis
797 603 932 641 literis
953 603 1061 641 nihil
1077 603 1247 642 omnino
1263 603 1467 651 tribuunt,
1487 603 1545 642 ita
1565 616 1648 642 non
1668 604 1796 654 probo
1811 604 1888 642 hos

293 670 364 720 qui
384 669 685 708 neotericorum
705 668 995 718 theologorum
1015 668 1150 707 studia
1169 681 1337 719 prorsus
1357 669 1570 707 damnant.

348 734 538 773 Demiror
552 735 693 772 autem
712 732 1018 783 impudentiam
1033 733 1154 772 istius
1169 733 1356 784 quisquis
1371 735 1433 772 est
1445 733 1642 773 Canonici
1657 734 1888 785 Pragensis,

238 821 276 843 20
295 799 366 851 qui
384 801 473 838 tam
498 799 706 849 insignem
734 798 940 837 mendacii
967 798 1094 836 telam
1113 799 1230 838 velut
1248 811 1423 838 araneus
1441 812 1492 837 ex
1516 812 1605 837 sese
1628 799 1890 838 confinxerit.

296 863 612 904 coloniensibus
632 862 873 912 aliquandiu
894 875 957 900 res
976 862 1055 901 fuit
1071 875 1166 901 cum
1186 863 1340 901 eximio
1355 863 1447 902 viro
1464 863 1622 902 Ioanne
1637 863 1869 902 Reuchlino
1886 877 1895 910 3

296 941 460 968 mecum
488 941 619 978 neque
646 927 811 977 scriptis
836 940 970 976 neque
997 927 1119 966 dictis
1137 941 1322 978 vnquam
1348 930 1448 966 sunt
1468 928 1703 977 conflictati,
1727 930 1895 968 tantum

296 995 412 1034 abest
429 996 475 1032 vt
500 993 733 1032 exusserint
759 1005 874 1031 meas
898 992 1224 1032 Lucubrationes
1244 1006 1327 1032 vna
1355 1007 1449 1032 cum
1475 993 1564 1043 ipso
1590 996 1742 1033 autore.
1800 994 1896 1033 Imo

298 1060 457 1111 quoties
484 1059 579 1098 illac
609 1059 687 1097 iter
714 1057 804 1106 feci,
834 1071 928 1096 sum
955 1071 979 1097 a
1007 1058 1217 1107 primariis
1244 1058 1348 1097 viris
1376 1061 1417 1097 et
1443 1061 1638 1109 exceptus
1666 1058 1893 1098 honorifice

241 1145 278 1176 25
299 1129 339 1164 et
360 1138 524 1164 summa
539 1138 631 1163 cum
652 1123 915 1163 humanitate
935 1123 1143 1163 dimissus.
1191 1124 1438 1174 Quanquam
1451 1124 1569 1163 facile
1589 1124 1833 1163 crediderim
1852 1127 1894 1163 et

300 1191 386 1230 illic
417 1203 504 1229 esse
535 1189 606 1240 qui
637 1189 748 1228 inter
781 1201 876 1227 suos
909 1188 1117 1228 oblatrent
1150 1189 1326 1228 Erasmo
1343 1205 1352 1229 ε
1395 1189 1526 1228 veluti
1559 1203 1691 1240 nuper
1723 1190 1894 1240 quidam

301 1271 322 1295 e
351 1255 543 1295 sodalitio
573 1254 909 1294 Praedicatorum
938 1267 1010 1293 ceu
1040 1268 1128 1293 rem
1158 1257 1413 1305 compertam
1442 1255 1552 1293 inter
1580 1269 1676 1294 suos
1705 1256 1898 1295 narrabat

302 1322 526 1360 Erasmum
559 1320 736 1359 Louanii
766 1319 851 1358 vita
883 1319 1137 1368 defunctum,
1159 1322 1200 1359 et
1235 1320 1408 1359 addebat
1441 1321 1693 1371 sycophanta
1725 1321 1896 1371 dignam

303 1389 391 1437 ipso
410 1386 612 1433 facetiam,
640 1385 751 1424 ‘sine
776 1385 859 1434 lux,
883 1384 972 1424 sine
1003 1398 1114 1433 crux,
1138 1385 1228 1424 sine
1249 1386 1390 1425 Deus.’
1445 1386 1641 1425 Narranti
1663 1386 1900 1436 frequenter

246 1470 286 1501 30
304 1452 547 1502 applausum
581 1453 644 1489 est
676 1464 699 1489 a
731 1450 1049 1489 combibonibus
1081 1451 1306 1490 monachis.
1367 1451 1484 1499 Quod
1517 1451 1553 1490 si
1585 1464 1670 1490 non
1704 1453 1903 1490 verentur

305 1517 544 1556 huiusmodi
576 1516 808 1567 confingere
841 1516 892 1554 de
924 1529 990 1554 me
1021 1516 1170 1561 vicino,
1207 1516 1347 1555 minus
1386 1516 1543 1555 mirum
1580 1516 1615 1563 si
1649 1517 1805 1567 Pragae
1844 1517 1902 1556 sic

307 1582 573 1620 mentiantur.
630 1580 787 1619 Verum
820 1593 869 1618 ex
902 1580 969 1619 his
1003 1581 1131 1626 factis,
1171 1594 1274 1631 quae
1314 1581 1463 1619 cotidie
1502 1582 1636 1620 multa
1669 1581 1899 1632 designant,

308 1647 508 1686 coniicere
525 1646 623 1684 licet
641 1648 795 1696 quanta
813 1645 998 1695 Erinnys
1017 1645 1194 1684 istorum
1215 1648 1358 1695 pectus
1374 1647 1600 1696 occupauit.
1647 1646 1736 1697 Ego
1755 1647 1901 1697 magiS,

308 1713 368 1751 ita
390 1725 456 1751 me
476 1710 666 1750 Christus
691 1712 813 1758 amet,
836 1709 1023 1760 ipsorum
1048 1711 1181 1749 vicem
1209 1710 1326 1750 doleo
1347 1725 1470 1762 quam
1496 1725 1643 1752 meam.
1703 1711 1811 1751 Nam
1837 1725 1905 1750 me

252 1794 291 1824 35
311 1777 413 1816 satis
450 1775 685 1815 consolatur
722 1777 815 1813 tum
860 1775 960 1813 recti
999 1775 1262 1823 conscientia,
1305 1779 1397 1814 tum
1436 1776 1582 1826 optimi
1618 1776 1817 1826 cuiusque
1855 1777 1904 1815 de

311 1856 377 1882 me
407 1841 630 1880 iudicium:
673 1840 834 1890 quando
867 1840 1028 1878 nemini
1061 1840 1301 1879 mortalium
1335 1841 1468 1880 adhuc
1504 1841 1678 1892 contigit
1711 1842 1907 1881 omnibus

310 1907 522 1958 placuisse.

368 1971 531 2011 Prodiit
551 1970 719 2009 Nouum
739 1970 1053 2009 Testamentum
1079 1983 1245 2009 rursum
1270 1983 1293 2009 a
1316 1983 1380 2008 me
1406 1984 1492 2009 non
1518 1971 1732 2010 credendis
1750 1971 1909 2021 vigiliis

315 2039 524 2085 nouatum,
558 2049 690 2085 neque
719 2035 917 2074 mediocri
946 2035 1242 2085 locupletatum
1280 2036 1522 2075 accessione.
1582 2037 1819 2075 Praefixum
1846 2039 1910 2075 est

257 2121 298 2151 40
316 2102 557 2155 epistolium
576 2101 726 2140 Leonis
753 2101 914 2149 decimi,
938 2114 1019 2150 quo
1041 2104 1080 2139 et
1101 2103 1278 2139 veterem
1305 2101 1558 2140 aeditionem
1583 2102 1782 2152 approbat
1800 2104 1840 2140 et
1859 2103 1909 2140 ad

315 2170 422 2208 hanc
441 2180 593 2206 nouam
612 2166 776 2205 inuitat.

287 280 453 329 nigrior.

372 2234 528 2283 Pragae
568 2231 667 2283 quid
705 2231 811 2270 mihi
849 2232 1009 2282 negocii
1048 2232 1178 2281 possit
1216 2245 1302 2270 esse
1344 2245 1428 2270 non
1466 2232 1598 2270 video.
1656 2232 1764 2270 Nam
1803 2232 1912 2282 quod

319 2299 524 2351 polliceris
554 2311 638 2336 non
669 2297 803 2336 defore
830 2297 900 2347 qui
929 2311 997 2336 me
1024 2300 1116 2336 tuto
1143 2311 1224 2348 quo
1249 2297 1419 2336 voluero
1449 2297 1664 2346 deducant,
1692 2297 1799 2336 mihi
1828 2310 1912 2336 non

319 2365 484 2416 placent
511 2363 699 2413 regiones
729 2363 775 2400 in
804 2362 955 2412 quibus
984 2363 1224 2401 huiusmodi
1254 2362 1545 2401 deductoribus
1573 2362 1629 2401 sit
1658 2375 1770 2413 opus.
1831 2362 1914 2400 Hic

263 2449 302 2479 45
320 2431 387 2469 vel
418 2429 496 2468 soli
525 2429 701 2467 liberum
731 2430 792 2467 est
819 2428 878 2466 ire
903 2442 984 2478 quo
1004 2428 1144 2467 velim.
1205 2428 1347 2478 Neque
1369 2441 1466 2467 vero
1496 2427 1639 2466 dubito
1659 2427 1761 2478 quin
1789 2427 1915 2467 isthic

322 2496 559 2546 reperturus
589 2494 681 2542 sim,
704 2494 766 2532 vti
793 2493 949 2542 scribis,
973 2495 1206 2544 complures
1230 2493 1416 2531 doctrina
1441 2493 1672 2543 pietateque
1700 2494 1913 2543 spectatos,

781 2600 831 2628 24.
857 2592 1025 2630 exceptus
1041 2593 1069 2621 E
1085 2593 1138 2622 LB
1152 2602 1159 2620 :
1183 2592 1347 2630 acceptus
1363 2592 1459 2621 Lond.

373 2690 421 2711 12.
446 2679 600 2720 nigrior]
625 2678 775 2717 Though
801 2687 886 2718 very
917 2678 1087 2709 sensitive

329 2723 484 2762 himself,
504 2723 674 2754 Erasmus
695 2732 766 2752 was
786 2721 1006 2761 throughout
1031 2722 1088 2752 his

329 2767 392 2797 life
409 2766 589 2805 curiously
605 2765 840 2796 unconscious
857 2764 894 2796 of
907 2765 970 2796 the
987 2765 1088 2796 effect

330 2810 411 2840 that
426 2810 485 2840 his
504 2819 584 2840 own
606 2809 725 2849 biting
746 2808 863 2839 words
886 2808 989 2839 could
1013 2818 1088 2848 pro-

331 2854 418 2883 duce
435 2863 480 2884 on
497 2853 627 2884 others.

376 2906 426 2935 24.
452 2897 520 2927 iter
537 2895 620 2936 feci]
644 2896 711 2927 For
727 2895 905 2927 Erasmus’
919 2894 1089 2935 journeys

333 2941 368 2969 to
385 2940 457 2969 and
470 2941 560 2970 from
572 2940 674 2970 Basle
688 2949 743 2970 see
754 2939 815 2970 the
826 2939 1090 2970 introductions

333 2985 371 3012 to
397 2982 484 3022 Epp-
507 2992 582 3022 301,
606 2992 681 3022 332,
708 2992 781 3022 337,
809 2992 882 3021 410,
909 2983 983 3021 842,
1014 2983 1088 3021 867-

335 3025 390 3056 He
410 3025 583 3065 certainly
608 3027 734 3066 passed
762 3025 915 3065 through
937 3025 1089 3066 Cologne

1159 2688 1205 2709 on
1223 2678 1284 2708 the
1300 2677 1370 2708 last
1385 2677 1487 2709 three
1501 2678 1681 2709 occasions
1697 2679 1769 2710 and
1785 2689 1833 2710 on
1850 2689 1916 2710 one

1159 2722 1287 2752 earlier
1313 2721 1372 2761 (cf.
1403 2722 1466 2761 Ep.
1496 2732 1570 2761 374.
1598 2723 1658 2757 6):
1680 2723 1853 2762 probably
1871 2732 1917 2754 on
1957 2720 1960 2722 ’

1158 2765 1218 2796 all.
1277 2765 1344 2795 For
1373 2774 1419 2795 an
1449 2765 1623 2797 honorific
1650 2766 1830 2806 reception
1861 2775 1918 2797 see

1159 2809 1222 2848 Ep.
1240 2819 1313 2846 440.
1333 2818 1370 2846 14
1384 2818 1418 2840 n.

1203 2853 1254 2882 28.
1280 2851 1508 2893 defunctum]
1555 2852 1744 2883 Doubtless
1787 2852 1919 2892 during

1159 2896 1216 2926 his
1240 2895 1322 2935 long
1344 2896 1468 2926 illness
1484 2898 1520 2926 at
1544 2895 1707 2926 Louvain
1723 2896 1762 2926 in
1778 2896 1919 2936 Sept.—

1159 2939 1234 2970 Oet.
1257 2939 1339 2977 1518
1355 2949 1362 2977 3
1388 2948 1444 2969 see
1460 2939 1523 2978 Ep.
1541 2939 1614 2978 867.
1638 2948 1698 2978 193
1716 2949 1787 2978 seq.

1202 2992 1255 3020 40.
1282 2982 1501 3023 epistolium]
1525 2982 1588 3022 Ep.
1612 2983 1684 3021 864.
1732 2982 1765 3013 A
1781 2992 1870 3023 copy
1885 2983 1924 3014 of

1159 3026 1220 3057 the
1235 3026 1274 3056 N.
1287 3025 1379 3057 Test.
1395 3025 1546 3056 reached
1560 3025 1703 3057 Slechta
1715 3026 1761 3066 by
1773 3035 1812 3064 14
1825 3026 1917 3065 May.
