2034 3433
128 172 226 226 826]
618 173 689 213 ΤΟ
727 173 928 212 HENRY
967 172 1234 213 BULLOCK
1639 172 1719 211 293

129 278 231 317 mihi
261 291 406 317 canere
436 279 477 316 et
507 276 647 315 Musis.
707 277 955 326 Conspirant
981 277 1199 323 centonati,
1222 275 1438 326 presertim
1458 287 1508 313 ex
1537 273 1721 313 Predica·

126 347 266 382 torum
292 346 334 381 et
359 341 675 382 Carmelitarum
701 341 890 380 sodalitio
910 342 1091 391 quidam,
1114 343 1153 380 et
1173 341 1316 391 procul
1334 340 1553 379 allatrant:
1583 352 1720 378 coram

128 421 251 447 nemo
270 407 457 447 verbum.
515 407 726 456 Spargunt
745 408 790 444 in
814 406 964 457 vulgus
989 406 1143 445 talibus
1168 405 1319 444 scurris
1345 405 1470 455 digna
1496 404 1718 451 mendacia,
1743 415 1759 444 5

128 473 298 523 perinde
324 472 441 522 quasi
467 471 545 510 hoc
573 472 710 521 ipsum
741 475 877 510 essent
903 472 1088 522 professi,
1117 471 1271 509 famam
1297 470 1475 509 alienam
1496 468 1723 508 mendaciis

129 538 216 576 suis
240 537 530 583 contaminare,
559 537 759 586 quasique
782 550 854 587 pro
884 537 1168 586 hierophantis
1198 535 1449 586 sycophante
1477 547 1563 574 esse
1593 534 1722 572 decre·

127 602 274 641 uerint.
334 601 453 639 Nunc
482 601 588 639 mihi
618 614 702 639 non
731 604 792 640 est
821 602 986 649 ocium3
1015 601 1088 639 sed
1118 601 1152 639 si
1182 602 1366 650 pergant,
1395 599 1649 649 accipientur
1676 600 1720 637 vt

128 667 242 717 digni
269 668 367 705 sunt
392 666 625 715 aliquando.
687 667 772 705 Vos
798 666 921 705 isthic
948 679 1022 715 pro
1048 679 1114 703 me
1140 668 1181 704 et
1208 664 1340 703 Fabro
1360 664 1468 703 inter
1486 677 1560 703 vos
1578 663 1722 714 iurgiis

123 734 359 770 concertare
397 731 516 770 doleo
549 730 742 781 profecto.
817 731 970 780 Scripsi
1009 743 1139 779 nuper
1170 730 1334 768 homini
1366 733 1412 767 vt
1444 731 1516 767 aut
1548 729 1722 779 epistola
1745 738 1783 761 10

128 797 321 846 quapiam
346 796 456 835 edita
480 798 659 835 testetur
683 797 796 834 inter
822 809 897 834 nos
925 796 1158 840 conuenire,
1186 794 1221 832 si
1244 794 1372 844 pudet
1395 794 1622 846 παλινῳδεῖν,
1649 794 1722 832 aut

125 861 369 911 respondeat
388 862 422 899 si
443 862 540 911 quid
562 861 686 900 habet
706 861 814 912 quod
835 861 1040 908 defendat,
1064 860 1186 898 modo
1205 861 1406 909 temperet
1426 872 1450 897 a
1469 862 1556 897 tam
1576 858 1720 897 amicis

124 940 173 965 ac
200 927 416 977 peramicis
449 927 570 966 dictis
599 927 749 976 quibus
775 928 896 964 antea
923 925 968 963 in
998 938 1064 963 me
1092 924 1216 963 lusit:
1255 937 1366 962 nunc
1399 924 1515 962 illius
1552 923 1720 962 silentio

126 992 258 1042 inagis
290 991 459 1030 excitari
489 991 719 1038 dissidium,
749 992 849 1029 dum
880 991 1052 1040 quisque
1084 1002 1158 1039 pro
1192 1001 1266 1027 suo
1299 989 1439 1027 animo
1472 988 1714 1038 suspicatur.

126 1057 326 1096 Rixarum
360 1057 503 1096 nullus
537 1059 600 1095 est
633 1057 739 1095 finis.
811 1056 928 1104 Quod
961 1055 996 1094 si
1025 1055 1103 1093 hoc
1134 1054 1234 1092 mali
1264 1055 1322 1093 sic
1353 1053 1624 1092 coniunctum
1657 1054 1720 1091 est
1743 1065 1779 1096 15

122 1122 276 1161 studiis
294 1125 341 1161 vt
360 1121 536 1160 distrahi
555 1134 641 1160 non
661 1123 794 1171 queat,
817 1120 923 1158 mihi
943 1120 1141 1158 valebunt
1156 1118 1305 1169 potius.
1356 1119 1547 1156 Dormire
1563 1119 1718 1168 prestat

122 1199 247 1235 quam
281 1186 468 1226 scribere.
531 1187 644 1225 Bene
677 1186 781 1234 vale,
819 1185 1056 1224 doctissime
1091 1184 1266 1223 Bouille.
1329 1183 1489 1222 Amicis
1524 1183 1718 1221 omnibus

121 1251 302 1290 salutem
321 1252 456 1298 dicito,
480 1251 729 1290 nominatim
748 1251 954 1295 Vachano,
978 1249 1167 1288 Omfrido
1187 1251 1228 1287 et
1248 1249 1412 1287 Briano.

174 1316 361 1356 Louanii.
396 1330 430 1365 9.
463 1316 548 1356 Cal.
573 1315 711 1355 Maias,
772 1314 919 1367 [Anno
938 1313 1158 1366 M.1>.xvn.]

577 1469 674 1509 827.
737 1467 801 1508 To
833 1466 1051 1509 RICHARD
1082 1464 1253 1507 CRoKE.

169 1569 356 1606 Deventer
373 1568 448 1604 MS.
468 1579 523 1614 91,
544 1569 568 1603 f.
591 1578 643 1604 12.
1409 1564 1585 1600 Louvain.

168 1628 244 1663 LB.
262 1627 358 1672 App.
380 1627 458 1662 280.
1326 1633 1369 1668 23
1387 1622 1494 1668 April
1513 1621 1667 1668 (1518).

600 1711 807 1742 ERASMVS
838 1710 982 1742 CROCO
1014 1709 1095 1740 SVO
1127 1709 1159 1741 S.
1184 1709 1226 1739 D.

176 1789 402 1828 GRATVLOR
414 1787 505 1836 tibi,
528 1787 588 1826 mi
607 1788 742 1835 Croce,
763 1786 1062 1837 professionem
1082 1785 1206 1824 istam
1226 1787 1313 1822 tam
1333 1783 1604 1833 splendidam,
1632 1796 1715 1822 non

121 1854 262 1893 minus
288 1853 560 1892 honorificam
581 1852 662 1891 tibi
680 1865 805 1903 quam
824 1851 1065 1901 frugiferam
1086 1850 1338 1888 Academiae
1361 1849 1691 1899 Cantabrigiensi
1708 1864 1717 1896 ;

117 1919 238 1958 cuius
262 1918 491 1957 commodis
516 1918 709 1968 equidem
729 1930 805 1968 pro
830 1917 980 1956 veteris
1003 1915 1175 1965 hospitii
1199 1914 1494 1953 consuetudine
1521 1914 1716 1963 peculiari

123 1984 301 2035 quodam
321 1983 458 2021 studio
476 1982 604 2021 faueo.
664 1982 769 2021 Mihi
795 1982 905 2020 nihil
931 1984 1098 2020 tuorum
1125 1979 1365 2018 libellorum
1391 1979 1601 2017 redditum
1627 1991 1715 2017 esse

119 2050 236 2088 scito.
295 2049 476 2086 Tantum
497 2047 740 2086 Franciscus
758 2047 938 2086 ostendit
957 2045 1152 2096 epistolas
1173 2045 1371 2094 quasdam
1393 2045 1568 2083 Graecas
1583 2043 1656 2082 abs
1673 2046 1715 2082 te
1734 2058 1751 2089 5

121 2114 360 2164 recognitas,
382 2125 482 2162 quas
500 2110 671 2161 probaui
687 2126 696 2159 ;
725 2125 871 2150 verum
886 2111 1020 2150 aiebat
1035 2123 1101 2149 eas
1115 2110 1235 2149 alteri
1250 2110 1408 2149 missas.
1462 2109 1510 2147 D.
1531 2109 1715 2147 Thomae

165 2222 240 2253 826.
264 2230 296 2259 3.
321 2219 505 2250 centonati
529 2241 537 2249 .
560 2242 567 2248 .
589 2242 596 2248 .
621 2230 651 2257 4.
678 2218 825 2257 quidam
841 2216 898 2249 ὥς
923 2217 1100 2254 cucullati,
1119 2217 1358 2256 predicatores
1374 2218 1409 2247 et
1425 2215 1641 2247 Carmalitae
1656 2215 1712 2247 11¹:

122 2264 302 2305 personati
331 2262 477 2301 quidam
506 2261 703 2292 histriones
726 2262 787 2300 qui
813 2262 937 2292 Curios
965 2260 1137 2291 simulant
1160 2262 1198 2289 D.
1390 2269 1419 2298 5.
1455 2260 1633 2298 Spargunt
1656 2258 1712 2290 11²:

121 2308 305 2349 Spergunt
319 2305 363 2338 a¹.
512 2308 541 2335 D
555 2316 562 2335 z
585 2305 764 2335 mendicia
779 2316 808 2336 α.
978 2305 1009 2334 6.
1034 2304 1151 2342 ipsum
1168 2306 1242 2334 add.
1259 2305 1296 2334 D.
1461 2314 1491 2342 9.
1516 2303 1642 2342 iurgiis
1656 2301 1710 2332 <121

123 2364 181 2384 um.
197 2350 231 2382 α1
242 2353 280 2382 D.
456 2358 505 2380 10¹
529 2348 685 2388 profecto
702 2359 759 2379 om.
779 2351 817 2380 D.
989 2357 1038 2378 11.
1063 2346 1158 2378 edita
1176 2345 1232 2377 a2:
1256 2345 1376 2376 editur
1391 2345 1434 2377 al.
1597 2355 1647 2385 13.
1673 2356 1712 2377 ac

122 2394 311 2436 peramicis
327 2395 401 2424 adol.
418 2395 454 2422 D.
566 2393 673 2422 antea
688 2403 726 2422 a:
752 2391 905 2422 antehac
921 2393 960 2422 D.
1099 2400 1146 2427 14.
1172 2389 1276 2420 video
1293 2392 1364 2419 aad.
1384 2392 1412 2419 D
1423 2392 1493 2426 post
1507 2388 1710 2421 dissidium.

127 2449 176 2479 15.
201 2440 252 2469 sic
271 2460 280 2468 .
295 2460 302 2468 .
325 2460 332 2468 .
352 2437 400 2466 16.
417 2437 523 2474 queat
538 2434 572 2464 α2
587 2447 594 2466 z
618 2436 851 2466 coniunctum
867 2436 921 2465 est
937 2433 1067 2464 studiis
1082 2433 1116 2463 al
1127 2436 1165 2465 D.
1345 2433 1393 2464 18.
1419 2432 1580 2463 Omfrido
1597 2443 1655 2464 om.
1671 2435 1711 2464 D.

126 2493 174 2522 19.
200 2482 308 2513 Anno
324 2488 477 2510 mnxvn
493 2481 566 2510 add.
582 2481 618 2510 F.
750 2479 825 2510 827.
850 2489 880 2517 4.
904 2480 979 2508 LB:
1003 2476 1127 2508 studeo
1143 2479 1210 2507 MS.

163 2580 238 2611 826.
264 2587 295 2618 3.
332 2575 530 2617 centonati]
561 2575 614 2607 Cf.
645 2579 750 2614 Aday.
784 2576 878 2616 1358,
992 2575 1067 2605 827.
1099 2584 1124 2605 1.
1152 2572 1424 2614 professionem]
1443 2574 1528 2605 This
1544 2574 1708 2614 appoint-

121 2622 240 2654 which
294 2619 457 2660 explains
498 2621 506 2637 ‘
519 2619 647 2650 farcire
691 2622 859 2650 centones
871 2621 878 2629 ³
948 2621 1050 2649 ment
1070 2627 1153 2657 may
1172 2619 1213 2648 be
1229 2617 1334 2647 dated
1350 2618 1508 2648 between
1527 2618 1613 2657 Epp.
1635 2626 1707 2657 712,

138 2666 352 2702 PlautAEpid.
362 2664 440 2703 455>
449 2673 487 2694 as
501 2662 882 2703 ‘gloriosismendaciis
950 2672 1022 2702 777.

121 2714 155 2742 et
168 2706 424 2740 consarcinatis
439 2706 693 2738 fabulamentis
708 2706 849 2748 explere
861 2707 879 2738 ¹.
992 2716 1022 2743 4.
1047 2703 1268 2744 libellorum]
1285 2704 1336 2735 Cf.
1356 2704 1418 2743 Ep.
1439 2713 1510 2743 712.
1530 2713 1616 2742 291¹·

164 2765 183 2792 4
197 2762 232 2783 n.
250 2749 392 2791 Curios]
409 2749 461 2781 Of.
480 2749 501 2780 J
504 2759 561 2781 uv.
579 2759 610 2781 2.
623 2759 654 2789 3.
991 2750 1021 2779 6.
1061 2748 1273 2788 recognitas]
1307 2747 1463 2787 Perhaps
1494 2747 1530 2777 in
1563 2757 1628 2778 ms.
1688 2749 1708 2780 I

163 2807 195 2836 9.
219 2795 288 2826 Vos
303 2793 428 2833 isthic]
451 2792 636 2824 Bullock’s
658 2793 734 2824 side
758 2794 797 2824 in
819 2793 881 2824 the
948 2793 1079 2823 cannot
1092 2791 1168 2821 find
1185 2791 1265 2822 that
1286 2800 1357 2830 any
1372 2790 1461 2821 book
1484 2790 1522 2821 of
1539 2789 1614 2820 this
1635 2793 1709 2822 sort

118 2842 352 2877 controversy
367 2838 398 2867 is
413 2836 540 2867 shown
556 2836 603 2876 by
619 2836 685 2876 Ep.
703 2837 778 2877 890.
800 2847 829 2867 1.
949 2844 1021 2866 was
1041 2834 1220 2874 produced
1242 2834 1289 2873 by
1305 2833 1417 2865 Croke
1432 2844 1440 2865 :
1463 2834 1583 2864 unless
1606 2833 1708 2866 Eras-

166 2893 216 2914 10.
243 2879 390 2921 Scripsi]
408 2879 472 2919 Ep.
489 2879 563 2917 814.
581 2889 620 2910 21
634 2889 705 2919 seq.
949 2888 1028 2909 mus
1043 2887 1115 2909 was
1132 2878 1319 2916 confusing
1339 2877 1377 2907 in
1395 2876 1453 2907 his
1468 2886 1630 2917 memory
1646 2878 1708 2909 the

167 2927 216 2958 18.
241 2922 427 2964 Vachano]
443 2923 507 2954 See
524 2923 585 2963 Ep.
603 2923 678 2962 283.
698 2933 759 2964 119
775 2933 810 2954 n.
948 2922 1030 2953 title
1041 2920 1227 2952 ofCroke's
1238 2919 1351 2951 Greek
1367 2930 1556 2960 grammar,
1577 2923 1709 2952 Tabulae

207 2966 383 3008 Omfrido]
399 2966 464 2997 See
480 2966 546 3006 Ep.
562 2967 635 3006 276.
653 2976 722 3006 9n.
950 2968 1082 2996 Graecas
1103 2966 1208 2995 literas
1223 2987 1231 2994 .
1251 2988 1257 2995 .
1276 2987 1283 2995 .
1304 2966 1415 2994 discere
1437 2966 1628 3001 cupientibus
1643 2987 1652 2996 .
1667 2987 1676 2996 .
1695 2987 1704 2995 .

207 3010 357 3051 Briano]
373 3010 436 3041 See
453 3010 515 3049 Ep.
532 3011 605 3041 262.
628 3019 666 3039 12
683 3020 718 3042 n.
947 3011 1037 3047 utiles,
1058 3007 1208 3047 Leipzig,
1221 3007 1262 3037 V.
1278 3007 1496 3046 Schumann,
1519 3008 1612 3046 1516.
