2034 3433
308 135 359 172 74
771 140 1022 179 LETTERS
1061 139 1130 178 or
1167 141 1430 182 ERASMUS
1773 141 1895 196 [1517

306 239 448 277 animo
474 242 606 279 tuum.
665 241 990 291 Integerrimum
1020 241 1240 281 dominum
1267 243 1480 283 Decanum
1505 245 1608 283 meis
1631 245 1766 284 verbis
1794 246 1899 286 salu-

250 319 290 341 20
306 304 394 342 tato
422 304 653 355 diligenter,
678 306 779 344 item
807 306 980 344 fratrem
1011 306 1186 345 Petrum
1215 309 1258 345 et
1284 308 1576 348 festinissimos
1605 311 1794 358 musicos,
1824 324 1898 350 nec

307 381 392 406 non
417 369 671 408 Lodouicum
695 383 846 408 meum.
908 370 1138 421 Theologos
1163 373 1352 421 experior
1375 373 1421 412 in
1447 387 1513 412 me
1541 375 1896 425 propensissimos‚

307 434 526 483 presertim
564 434 865 473 Cancellarium
903 434 1151 474 Academiae
1188 436 1244 475 M.
1277 437 1326 476 N.
1359 440 1572 486 Atensem,
1617 439 1821 490 Dorpium
1859 443 1900 478 et

307 499 570 537 Vianensem.
630 498 722 536 Iam
741 498 854 536 enim
873 499 1174 548 propemodum
1193 500 1238 538 in
1257 514 1381 541 suum
1400 503 1622 554 collegium
1642 506 1897 554 cooptarunt.

364 563 480 600 Bene
517 563 617 610 vale,
654 563 893 602 charissime
931 564 1078 613 Marce,
1111 566 1341 605 amicorum
1378 569 1666 618 syncerissime
1697 572 1738 608 et
1769 571 1900 619 patro-

252 646 266 667 2
273 646 289 676 5
310 640 459 665 norum
480 627 789 678 benignissime.
848 628 973 667 Loua.
993 630 1152 679 pridiae
1172 631 1298 670 natal.
1323 632 1510 683 deiparae
1529 634 1610 672 An.
1635 647 1722 673 nm).
1752 646 1810 683 17.

723 769 880 812 G2¹6552.
940 770 1004 811 To
1035 771 1186 813 PETER
1215 772 1484 816 BARBIRIUS.

357 864 544 900 Deventer
562 864 644 899 MS.
663 876 717 910 91,
738 866 762 901 f.
787 876 826 911 53
845 870 894 901 v0.
1507 869 1731 916 <Louvain.>

356 923 427 957 LB.
448 923 542 969 App.
563 934 639 968 230.
1377 927 1432 973 (ο.
1452 937 1470 970 7
1491 927 1710 972 September
1730 926 1854 972 1517.)

809 1005 1105 1047 [Contemporary
1120 1007 1211 1038 with
1231 1008 1295 1047 Ep.
1312 1007 1403 1048 651]

753 1093 961 1123 ERASMVS
991 1094 1210 1124 BARBIRIO
1244 1094 1325 1124 SVO
1358 1095 1390 1125 S.
1418 1096 1462 1128 D.

365 1171 637 1211 MOECENAms
664 1175 746 1211 mei
771 1175 969 1223 tuamque
989 1173 1320 1213 incolumitatem
1344 1176 1429 1214 tuis
1454 1189 1504 1214 ex
1529 1175 1681 1214 litteris
1706 1188 1791 1213 non
1818 1174 1906 1212 sine

312 1250 477 1276 summa
496 1237 708 1287 voluptate
729 1239 918 1288 cognoui.
979 1238 1203 1277 Pecuniam
1226 1240 1383 1289 optima
1407 1240 1486 1279 fide
1512 1240 1761 1279 transmittit
1783 1240 1905 1278 Loua-

311 1303 430 1341 nium
467 1315 540 1352 per
577 1303 812 1341 Adrianum
859 1306 1091 1353 questorem
1134 1304 1315 1353 optimus
1358 1305 1553 1344 dominus
1594 1306 1644 1344 de
1682 1306 1722 1344 la
1760 1304 1903 1343 Marce.

313 1367 519 1414 Nicolaus,
552 1367 679 1406 frater
710 1370 820 1416 tuus,
851 1370 895 1407 in
927 1369 1004 1407 hoc
1040 1369 1207 1419 negocio
1237 1370 1360 1420 plane
1389 1371 1629 1410 Barbirium
1658 1372 1699 1408 et
1728 1369 1907 1408 alterum

274 1449 292 1479 5
311 1434 353 1470 te
376 1432 472 1482 egit.
532 1433 678 1482 Agunt
706 1434 843 1472 nescio
871 1434 968 1484 quid
994 1434 1176 1485 theologi
1204 1434 1254 1473 de
1282 1448 1348 1474 me
1377 1434 1422 1473 in
1450 1449 1573 1474 suum
1599 1447 1767 1485 gregem
1794 1447 1907 1483 coop-

310 1498 449 1544 tando,
472 1511 568 1536 cum
586 1497 674 1547 ipse
692 1499 774 1537 tale
794 1499 902 1537 nihil
922 1499 1115 1538 ambiam.
1637 1547 1639 1549 Ι

367 1563 429 1600 De
449 1563 580 1601 Fabro
601 1563 683 1602 dici
697 1576 781 1602 non
796 1567 931 1613 potest
947 1578 1071 1614 quam
1089 1564 1259 1612 doleam,
1279 1577 1484 1615 quamque
1499 1565 1603 1603 hanc
1619 1564 1908 1603 necessitatem

313 1627 469 1665 oderim
508 1640 611 1677 quae
649 1641 716 1666 me
754 1629 958 1678 compulit
996 1630 1045 1667 ad
1084 1629 1433 1679 respondendum.
1512 1630 1719 1668 Malebam
1761 1629 1907 1678 ingens

313 1693 511 1731 volumen
538 1693 582 1731 in
609 1694 730 1732 Fabri
758 1695 841 1732 mei
869 1695 1036 1733 laudem
1065 1695 1242 1734 scribere
1271 1708 1395 1745 quam
1423 1695 1530 1733 hanc
1559 1695 1730 1733 breuem
1757 1693 1908 1743 Apolo-

256 1775 296 1797 10
313 1757 424 1808 giam
457 1758 619 1814 inpmei
651 1759 945 1798 defensionem.
1006 1760 1094 1799 Scis
1131 1774 1199 1798 me
1237 1760 1346 1798 nihil
1384 1773 1467 1798 non
1505 1762 1598 1798 tum
1635 1759 1778 1798 fecisse
1815 1761 1907 1797 tum

313 1835 480 1872 passum
508 1823 649 1872 fuisse,
672 1838 723 1862 ne
749 1838 844 1863 cum
871 1825 1026 1875 Dorpio
1053 1826 1336 1873 conflictarer;
1371 1827 1413 1864 et
1436 1827 1579 1864 tamen
1607 1825 1740 1864 multo
1768 1824 1909 1862 minus

313 1888 356 1925 id
383 1888 610 1928 voluissem
639 1903 733 1928 cum
763 1890 905 1929 Fabro.
963 1891 1121 1929 Verum
1149 1891 1221 1929 vbi
1246 1891 1393 1940 legeris
1422 1891 1570 1936 omnia,
1592 1889 1792 1928 iudicabis
1820 1902 1908 1927 rem

315 1953 496 1992 odiosius
532 1954 582 1993 ab
621 1954 694 1992 illo
731 1955 858 1994 fuisse
895 1958 1113 1994 tractatam
1152 1969 1277 2006 quam
1313 1958 1359 1994 vt
1397 1955 1503 1994 mihi
1535 1956 1746 2005 integrum
1782 1953 1909 1992 fuerit

314 2019 495 2057 reticere.
554 2019 758 2058 Videbam
778 2021 980 2070 improbis
1000 2022 1076 2059 hoc
1097 2023 1216 2071 pacto
1236 2021 1324 2060 dari
1343 2034 1487 2059 ansam
1508 2021 1557 2059 de
1576 2023 1748 2070 vtroque
1768 2021 1909 2057 nostro

259 2100 295 2132 15
315 2083 422 2121 male
451 2084 675 2134 loquendi3
717 2084 911 2123 videbam
945 2087 1079 2136 perire
1114 2086 1298 2124 fructum
1333 2086 1462 2125 studii
1495 2086 1629 2124 nostri
1661 2087 1724 2123 tot
1755 2083 1910 2134 vigiliis

315 2151 553 2198 expetitum.
625 2149 679 2187 Et
713 2149 891 2189 Fabrum
925 2151 982 2189 sic
1016 2165 1064 2190 ex
1098 2151 1239 2190 animo
1274 2152 1401 2202 diligo
1434 2154 1481 2190 vt
1518 2151 1733 2189 neminem
1766 2148 1908 2198 magis.

316 2213 350 2251 Ο
383 2214 553 2263 genium
590 2227 730 2253 meum
763 2215 918 2265 vbique
951 2216 1174 2255 infestum!
1244 2216 1345 2264 Quis
1378 2217 1479 2254 deus
1512 2217 1589 2254 hoc
1622 2215 1686 2254 illi
1718 2214 1832 2252 misit
1865 2213 1911 2251 in

316 2279 534 2318 mentem?
589 2279 643 2318 Et
671 2281 813 2319 tamen
843 2282 900 2319 sic
928 2295 996 2320 me
1026 2285 1144 2321 tueor
1171 2283 1218 2320 vt
1245 2281 1441 2320 conuitiis
1469 2283 1707 2330 temperem.
1768 2280 1910 2328 Neque

316 2344 429 2381 enim
462 2345 758 2383 contumeliam
791 2358 879 2385 esse
909 2350 1020 2396 puto,
1054 2348 1090 2386 si
1123 2347 1259 2397 palam
1293 2346 1487 2385 refellens
1520 2345 1767 2384 sententiam
1801 2343 1910 2382 vitae

260 2425 299 2447 20
316 2408 452 2447 labem
490 2422 575 2448 non
608 2423 831 2460 aspergam.
904 2412 1090 2451 Libellus
1122 2411 1203 2450 ibit
1235 2412 1286 2450 ad
1324 2413 1365 2449 te
1398 2423 1493 2449 cum
1530 2410 1640 2447 hisce
1677 2408 1839 2454 litteris,
1876 2408 1912 2446 si

317 2473 482 2512 dabitur
501 2474 567 2512 cui
586 2476 898 2515 committamus
917 2477 1218 2527 perferendum.
1260 2477 1371 2514 Eum
1385 2474 1457 2513 vbi
1476 2474 1634 2523 legeris,
1652 2473 1734 2512 scio
1754 2472 1911 2511 dolebis

317 2539 533 2589 vtriusque
564 2541 709 2579 vicem.
779 2541 873 2579 Iam
906 2554 1008 2592 opus
1036 2543 1122 2580 erat
1153 2540 1390 2580 absolutum
1418 2540 1644 2587 antequam
1676 2540 1771 2576 tuae
1804 2537 1911 2575 mihi

383 2647 457 2677 651.
483 2657 534 2687 23.
561 2649 771 2687 coaptarunt
788 2652 881 2681 MS.:
905 2659 979 2680 corr.
998 2652 1061 2680 LB.
1204 2649 1278 2679 652.
1305 2657 1336 2686 5.
1360 2645 1557 2686 coaptando
1572 2648 1640 2676 MS.
1659 2657 1666 2676 ε
1689 2656 1762 2676 corr.
1779 2648 1841 2677 LB.

361 2759 435 2789 651.
466 2769 515 2798 19.
539 2759 740 2800 Decanum]
766 2759 821 2790 Jo.
858 2759 1078 2798 Bonivicini,
1190 2768 1240 2789 21.
1266 2756 1501 2796 Lodouicum]
1520 2756 1572 2787 Cf.
1593 2756 1654 2796 Ep.
1674 2767 1746 2796 790.

318 2802 419 2832 Dean
438 2802 474 2832 of
486 2803 536 2833 St.
550 2803 759 2833 Donatian’s
774 2804 811 2833 at
824 2803 958 2842 Bruges
974 2812 1078 2840 1502-
1190 2811 1244 2833 22.
1269 2799 1548 2840 Cancellarium]
1580 2800 1734 2838 Briard3
1762 2799 1813 2831 Cf.
1845 2799 1908 2839 Ep.

318 2846 437 2884 †1519.
472 2846 650 2877 Laurinus
662 2855 735 2876 was
752 2846 810 2876 his
826 2845 1010 2885 coadjutor
1026 2846 1079 2877 for
1147 2846 1221 2884 643.
1240 2844 1260 2874 8
1276 2854 1312 2875 n.

317 2898 413 2970 Ξέῐέε
428 2890 516 2919 time
529 2889 646 2920 before
662 2889 721 2920 his
735 2889 854 2920 death.
885 2889 948 2920 See
966 2890 1034 2921 GC.
1048 2899 1079 2920 v.
1150 2888 1334 2971 E1i3562ig3⁰7
1351 2885 1573 2926 questorem]
1591 2886 1629 2917 of
1651 2886 1812 2917 Louvain
1825 2897 1834 2924 ;
1864 2886 1907 2916 cf.

362 2985 413 3005 20.
437 2975 599 3016 Petrum]
618 2975 667 3006 Cf.
688 2976 751 3015 Ep.
770 2985 843 3007 201.
862 2986 880 3006 2
894 2986 930 3008 n.
1196 2984 1243 3005 11.
1268 2973 1506 3014 conflictarer]
1526 2974 1561 3004 in
1581 2974 1643 3013 Ep.
1662 2982 1735 3011 337.
