2034 3433
323 196 404 221 xxx
779 182 1029 222 LETTERS
1068 182 1137 221 OF
1173 182 1437 222 ERASMUS
1777 178 1904 233 [1506

322 287 616 336 premissorum
644 286 889 325 meritorum
919 288 1086 324 tuorum
1113 284 1272 323 intuitu
1299 285 1441 324 fauore
1469 285 1662 334 prosequi
1690 283 1902 334 graciosso‚

324 355 444 402 teque
478 366 502 391 a
529 351 742 402 quibusuis
774 349 1220 398 excommunicationis,
1259 350 1568 401 (suspensionis,
1602 353 1643 389 et
1676 349 1902 396 interdicti,

323 417 495 466 aliisque
528 417 813 456 ecclesiasticis
846 416 1075 462 sententiis,
1102 416 1296 463 censuris,
1331 418 1371 455 et
1403 417 1546 466 poenis
1579 429 1602 455 a
1633 416 1722 454 iure
1754 415 1821 453 vel
1853 413 1905 452 ab

324 482 490 521 homine
528 483 673 532 quauis
706 482 913 520 occasione
948 482 1014 520 vel
1050 494 1169 520 causa
1207 481 1318 529 latis,
1348 482 1384 520 si
1417 482 1566 532 quibus
1596 479 1905 531 quomodolibet

266 564 304 586 10
321 547 543 586 innodatus
568 548 722 595 existis,
749 547 800 585 ad
827 547 1019 585 effectum
1045 547 1300 596 presentium
1328 547 1529 586 duntaxat
1557 545 1903 597 consequendum,

324 613 471 651 harum
499 613 600 652 serie
629 610 902 662 absoluentes>
927 614 969 650 et
997 611 1233 650 absolutum
1258 612 1344 649 fore
1374 614 1612 659 censentes;
1643 612 1728 651 tuis
1755 611 1800 649 in
1828 610 1904 649 hac

321 679 435 728 parte
447 677 811 728 supplicationibus
822 676 1012 714 inclinati
1023 677 1232 723 tecum‚vt
1245 677 1515 727 quodcunque
1526 677 1772 716 benefitium
1785 675 1905 715 eccle-

325 743 536 782 siasticum
556 756 649 781 cum
670 755 767 781 cura
784 742 850 780 vel
866 741 953 780 sine
969 755 1065 780 cura
1079 755 1151 791 per
1166 741 1334 781 clericos
1348 743 1547 782 seculares
1567 743 1701 782 teneri
1721 742 1903 789 solitum,

325 809 449 847 etiam
470 809 503 846 si
528 806 793 858 parrochialis
817 807 985 846 ecclesia
1010 807 1076 846 vel
1102 807 1190 845 eius
1219 809 1414 857 perpetua
1436 808 1588 846 vicaria
1613 810 1684 846 aut
1712 807 1905 853 cantoria,

268 891 303 922 15
322 873 449 912 libera
481 873 641 923 capella,
678 872 893 923 hospitale,
927 873 994 911 vel
1030 872 1207 911 annuale
1236 872 1453 911 seruitium
1486 873 1642 911 eisdem
1675 872 1833 911 clericis
1861 871 1907 909 in

323 939 493 977 titulum
521 939 709 988 perpetui
736 937 920 976 benefitii
949 937 1213 976 ecclesiastici
1241 939 1440 988 assignari
1468 938 1640 977 solitum
1672 939 1713 976 et
1742 938 1791 976 de
1819 937 1907 976 iure

324 1006 588 1053 patronorum
614 1004 825 1054 laycorum
851 1005 922 1041 aut
945 1002 1224 1053 cuiuscunque
1247 1006 1340 1042 taxe
1365 1017 1436 1042 seu
1462 1003 1593 1041 annui
1614 1003 1767 1041 valoris
1791 1002 1907 1041 illius

324 1069 490 1117 fructus,
525 1068 721 1117 redditus,
753 1071 793 1108 et
825 1070 1050 1119 prouentus
1080 1068 1247 1116 fuerint,
1281 1069 1318 1107 si
1348 1069 1423 1107 tibi
1452 1069 1554 1107 alias
1588 1068 1781 1107 canonice
1815 1081 1907 1107 con-

322 1134 507 1172 ferantur
526 1136 597 1173 aut
618 1134 867 1184 presenteris
886 1134 952 1172 vel
977 1133 1077 1172 alias
1101 1135 1325 1173 assumaris
1349 1135 1399 1173 ad
1426 1134 1532 1172 illud
1552 1136 1593 1173 et
1613 1134 1844 1173 instituaris
1861 1133 1907 1173 in

266 1218 304 1239 20
323 1212 379 1247 eo,
394 1199 570 1249 recipere
585 1201 626 1238 et
639 1201 825 1247 retinere,
841 1199 1026 1248 illudque
1037 1199 1283 1249 simpliciter
1294 1199 1360 1238 vel
1371 1213 1421 1238 ex
1438 1213 1558 1238 causa
1569 1199 1904 1249 permutacionis,

324 1265 517 1315 quociens
542 1265 621 1303 tibi
645 1265 855 1315 placuerit,
879 1264 1075 1313 dimitere,
1098 1267 1138 1303 et
1157 1265 1242 1303 loco
1269 1265 1431 1303 dimissi
1450 1265 1561 1303 aliud
1582 1264 1720 1303 simile
1739 1265 1805 1304 vel
1826 1266 1906 1305 dis-

321 1331 457 1370 simile
470 1330 712 1369 benefitium
727 1330 1048 1369 ecclesiasticum
1064 1343 1158 1369 cum
1174 1344 1269 1369 cura
1283 1331 1350 1369 vel
1365 1330 1454 1369 sine
1470 1343 1576 1378 cura,
1595 1332 1640 1368 vt
1655 1331 1904 1380 promititur,

325 1396 604 1446 qualificatum
624 1396 816 1435 similiter
835 1396 1012 1446 recipere
1027 1398 1078 1441 et,
1093 1397 1139 1434 vt
1157 1396 1387 1445 preffertur,
1407 1395 1582 1434 retinere
1599 1395 1726 1434 libere
1740 1398 1782 1435 et
1797 1397 1907 1436 licite

327 1461 477 1510 valeas,
516 1462 689 1500 deffectu
727 1461 909 1512 predicto
947 1473 991 1499 ac
1031 1460 1243 1500 Pictauen.
1283 1461 1446 1499 concilii
1483 1463 1523 1499 et
1561 1461 1778 1514 quibusuis
1814 1461 1907 1501 aliis

267 1544 303 1575 25
327 1527 556 1577 apostolicis
586 1541 630 1566 ac
660 1527 722 1566 bo.
758 1540 834 1566 me.
871 1525 1039 1565 Octonis
1072 1528 1113 1565 et
1143 1526 1356 1573 Octoboni,
1390 1525 1492 1565 olim
1523 1525 1567 1564 in
1597 1539 1724 1577 regno
1752 1526 1907 1578 Anglie

325 1593 543 1643 apostolice
569 1593 678 1631 sedis
706 1593 943 1643 legatorum,
973 1605 1133 1630 necnon
1159 1591 1203 1629 in
1231 1592 1553 1641 prouincialibus
1579 1593 1619 1630 et
1648 1592 1907 1632 sinodalibus

327 1658 510 1697 conciliis
530 1658 650 1697 editis
668 1658 925 1708 generalibus
948 1657 1014 1696 vel
1037 1657 1282 1707 specialibus
1306 1657 1671 1696 constitutionibus
1690 1660 1730 1696 et
1751 1658 1908 1697 ordina-

324 1722 516 1772 tionibus,
542 1723 713 1762 statutis
739 1736 898 1773 quoque
922 1724 962 1760 et
988 1722 1354 1761 consuetudinibus
1384 1722 1621 1761 monasterii
1644 1723 1693 1760 de
1720 1723 1838 1762 Stein
1861 1724 1906 1762 in

325 1784 559 1837 Hollandia,
599 1787 757 1827 ordinis
797 1788 936 1826 Sancti
973 1787 1212 1837 Augustini,
1253 1788 1526 1826 Traiectensis
1566 1788 1748 1836 diocesis,
1791 1789 1907 1828 cuius

265 1872 306 1901 30
326 1854 545 1893 canonicus
574 1856 624 1901 et,
657 1856 703 1893 vt
735 1854 862 1892 etiam
891 1853 1049 1901 asseris,
1086 1853 1272 1892 ordinem
1305 1853 1442 1902 ipsum
1472 1866 1659 1902 expresse
1697 1854 1906 1903 professus

323 1918 473 1967 existis,
497 1931 541 1956 ac
561 1918 658 1957 dicti
677 1917 834 1957 ordinis
852 1918 1084 1956 iuramento
1104 1917 1417 1956 confirmacione
1437 1917 1660 1967 apostolica
1674 1918 1740 1956 vel
1760 1919 1907 1968 quauis

325 1984 521 2023 firmitate
542 1984 621 2022 alia
640 1983 838 2021 roboratis
861 1984 1085 2033 ceterisque
1111 1983 1326 2021 contrariis
1348 1996 1607 2032 nequaquam
1633 1983 1904 2032 obstantibus,

327 2049 567 2088 auctoritate
597 2049 818 2099 apostolica
857 2050 996 2086 tenore
1032 2048 1287 2098 presentium
1321 2048 1370 2086 de
1407 2048 1594 2098 specialis
1631 2049 1738 2087 dono
1777 2050 1906 2099 gratie

326 2115 620 2165 dispensamus.
681 2114 798 2153 Nulli
820 2127 925 2164 ergo,
953 2115 1039 2162 etc,
1066 2115 1204 2152 nostre
1225 2113 1496 2152 absolutionis
1519 2115 1560 2152 et
1586 2114 1907 2164 dispensationis

265 2195 303 2226 35
324 2180 556 2229 infringere,
579 2182 652 2218 ete.
712 2178 756 2217 Si
776 2178 877 2229 quis,
898 2181 972 2218 etc.

379 2245 533 2283 Datum
555 2245 683 2283 Rome
708 2244 815 2293 apud
842 2246 1029 2283 sanctum
1053 2244 1225 2282 Petrum
1249 2257 1358 2282 anno
1383 2244 1679 2283 incarnationis
1703 2245 1905 2285 dominice

324 2310 545 2350 millesimo
566 2309 920 2361 quingentessimo
940 2310 1096 2360 quinto.
1148 2309 1288 2348 Pridie
1309 2309 1414 2348 Non.
1439 2309 1600 2349 Ianuar.
1623 2311 1750 2349 Anno
1769 2311 1904 2351 tertio.

1576 2397 1626 2435 A.
1652 2396 1844 2436 Colotius.
