2034 3433
311 557 349 588 55

307 871 350 903 60

310 1533 348 1564 70

306 1856 345 1890 75

372 176 452 215 500
829 177 1081 216 LETTERS
1123 177 1192 216 or
1229 178 1492 218 ERASMUs
1831 179 1953 234 [1519

370 282 563 321 nonnulli
592 296 614 320 e
638 284 778 320 nostro
806 282 1094 330 contubernio,
1124 282 1276 332 quibus
1305 285 1448 322 tamen
1478 284 1553 322 hac
1582 284 1627 322 in
1655 286 1770 334 parte
1798 286 1954 336 aliquid

371 361 466 398 prae
485 347 651 386 caeteris
671 348 853 386 tribuere
878 346 1002 395 soleo,
1022 347 1236 396 postulant
1261 351 1303 387 et
1329 349 1553 399 efflagitant
1573 351 1619 387 vt
1646 349 1705 387 eis
1729 349 1774 388 in
1797 351 1954 390 ratione

371 412 498 451 studii
526 411 772 450 subueniam
800 414 856 459 et,
881 425 960 462 quo
989 412 1120 462 magis
1145 415 1324 462 stupeas,
1351 414 1397 452 in
1424 414 1657 464 eloquentia
1684 415 1954 465 percipienda,

370 490 494 527 quam
511 490 577 515 me
598 477 743 515 dicunt
761 477 1023 516 mediocriter
1041 479 1270 516 executum.
1331 480 1391 517 At
1411 492 1485 529 ego
1505 492 1588 518 non
1607 479 1803 529 ignorans
1822 493 1955 519 meam

370 542 613 580 tenuitatem
632 555 836 592 quamque
856 541 910 580 sit
929 541 1036 580 mihi
1063 542 1176 580 domi
1201 544 1316 581 curta
1343 543 1541 593 supellex,
1563 544 1718 594 quique
1743 544 1843 583 haec
1868 544 1957 594 ipsa

369 607 496 645 etiam
527 620 612 645 non
643 607 732 645 sine
762 607 918 657 pudore
947 606 1079 655 audio,
1110 606 1287 656 ingenue
1317 607 1510 657 profiteor
1540 609 1649 647 nihil
1679 609 1786 647 mihi
1817 609 1957 648 adesse

369 671 634 723 eloquentiae,
664 672 1025 722 promptissimum
1057 674 1196 710 tamen
1225 672 1313 711 fore
1342 675 1430 712 tam
1460 673 1542 723 piis
1572 673 1740 713 illorum
1772 676 1890 721 votis,
1922 674 1958 712 si

370 739 604 788 suppeteret
621 737 815 777 facultas:
845 739 888 776 at
907 737 989 776 iam
1009 738 1219 776 incassum
1239 751 1308 777 eos
1332 739 1413 777 tale
1439 739 1592 790 aliquid
1612 754 1635 778 a
1654 753 1722 778 me
1741 741 1890 790 petere,
1910 739 1955 779 in

368 817 448 854 quo
485 816 557 842 nec
601 803 790 853 mihiipsi
829 803 937 852 (licet
981 803 1023 841 id
1068 803 1250 841 maxime
1288 804 1471 854 cupiam)
1507 805 1741 844 satisfacere
1779 806 1951 845 valeam.

369 869 640 908 Sciscitantur
658 870 869 918 praeterea
889 868 987 918 quid
1002 869 1047 907 tu
1068 868 1174 906 mihi
1192 869 1532 919 praeceptionum
1551 872 1622 909 aut
1640 871 1955 910 institutionum

368 934 563 984 primitus
581 933 810 972 tradideris.
871 933 1110 984 Respondeo
1129 935 1341 973 monuisse
1366 936 1408 973 te
1432 935 1627 985 quatinus
1647 936 1955 986 Hieronymum

367 999 546 1049 legerem
575 1000 616 1037 et
641 999 746 1038 alios
771 999 940 1049 quosuis
966 1001 1127 1038 veteres
1153 1001 1194 1037 et
1220 999 1454 1039 autenticos
1472 1001 1690 1041 authores:
1721 1015 1796 1041 nec
1816 1003 1954 1041 tame-n

366 1064 448 1103 hiis
467 1065 651 1103 contenti
669 1065 875 1103 desistunt
895 1064 945 1103 ab
964 1065 1203 1114 importuna
1221 1065 1513 1114 postulatione.
1560 1067 1741 1105 Tantum
1761 1068 1955 1117 egestatis

365 1131 406 1168 et
434 1129 596 1179 inopiae
624 1130 732 1180 apud
762 1143 837 1168 nos
864 1130 993 1168 bonae
1021 1130 1109 1179 spei
1138 1130 1304 1180 ingenia
1333 1131 1557 1179 sustinent,
1577 1133 1622 1170 vt
1651 1132 1719 1170 vel
1747 1145 1814 1170 me
1842 1145 1954 1183 prae-

334 1209 345 1215 ·
366 1197 574 1245 ceptorem
593 1209 676 1234 non
696 1197 979 1245 aspernentur.
1032 1195 1145 1233 Proh
1166 1195 1281 1233 dolor
1298 1198 1304 1232 !
1358 1195 1396 1234 N
1400 1209 1454 1234 on
1474 1196 1601 1246 pudet
1622 1210 1698 1235 nos
1716 1197 1954 1246 Augustino

365 1262 479 1311 patre
507 1260 688 1311 gloriari,
715 1274 810 1299 cum
839 1263 981 1299 tamen
1011 1260 1215 1299 bonarum
1243 1261 1463 1299 literarum
1492 1261 1598 1311 apud
1629 1275 1718 1310 nosy
1738 1275 1790 1301 ne
1818 1262 1953 1301 dicam

366 1325 522 1373 nullus,
553 1328 660 1364 certe
689 1325 948 1375 permodicus
977 1326 1076 1365 adeo
1107 1325 1161 1364 sit
1189 1339 1301 1364 vsus.
1358 1326 1544 1376 Singulis
1572 1327 1804 1377 quibusque
1832 1327 1953 1367 rebus

366 1404 440 1430 sua
458 1391 680 1430 distributa
700 1394 798 1430 sunt
818 1394 1022 1442 tempora:
1053 1394 1094 1430 at
1113 1391 1327 1430 literarum
1357 1391 1511 1430 studiis
1536 1405 1609 1430 ceu
1628 1405 1776 1442 parum
1795 1392 1846 1431 ad
1865 1405 1953 1431 rem

365 1457 611 1495 facientibus
639 1457 764 1496 vnius
793 1457 1007 1496 dumtaxat
1036 1456 1204 1495 horulae
1234 1457 1479 1507 deputatum
1505 1460 1565 1496 est
1594 1457 1790 1507 spacium.
1852 1458 1953 1507 Quis

365 1522 455 1560 aeui
473 1522 600 1560 huius
619 1536 703 1561 non
724 1523 908 1572 deploret
928 1522 1213 1561 infelicitatem
1225 1523 1246 1560 ‘?

420 1587 497 1626 Sed
519 1588 568 1626 de
588 1588 670 1625 hiis
690 1588 863 1636 parcius,
883 1601 936 1626 ne
955 1588 1107 1626 veteris
1131 1587 1320 1625 inscitiae
1343 1587 1527 1626 alumnis
1547 1578 1676 1626 bilem
1695 1601 1949 1628 moneamus.

364 1652 577 1691 Sudariola
597 1653 696 1690 haec
716 1654 858 1703 parata
876 1652 1003 1691 habui
1022 1654 1118 1691 ante
1138 1652 1224 1690 dies
1243 1652 1419 1702 aliquot,
1441 1666 1515 1691 nec
1536 1653 1617 1691 alio
1636 1653 1806 1691 nomine
1827 1666 1951 1703 quam

365 1719 410 1755 vt
431 1717 604 1756 Erasmo
623 1718 899 1757 mitterentur.
958 1718 1116 1756 Verum
1136 1717 1374 1756 retrahebat
1395 1718 1541 1767 pudor,
1561 1731 1656 1756 cum
1677 1718 1772 1767 quia
1794 1719 1951 1758 nullius

364 1783 566 1821 momenti
585 1783 799 1821 xeniolum
822 1796 909 1822 esse
936 1795 1241 1832 conspexeram,
1261 1784 1354 1821 tum
1384 1783 1480 1832 quia
1502 1796 1586 1821 non
1611 1783 1739 1821 semel
1759 1786 1952 1834 expertus

363 1861 476 1886 eram
496 1850 649 1898 quanto
669 1861 830 1898 semper
848 1848 1006 1887 maiora
1024 1848 1283 1887 retribueres.
1346 1848 1467 1886 Nunc
1486 1861 1584 1887 vero
1607 1849 1678 1887 abs
1705 1851 1747 1886 te
1771 1849 1949 1898 gratuito

364 1926 535 1952 munere
564 1915 830 1962 praeuentus,
860 1927 931 1952 cur
960 1913 1134 1952 vlterius
1163 1925 1298 1951 morer
1327 1913 1483 1962 ignoro.
1543 1913 1646 1951 Vale
1673 1913 1862 1962 feliciter,
1891 1914 1951 1953 mi

365 1978 652 2017 candidissime
672 1978 858 2026 Erasme,
878 1979 1094 2016 Mecoenas
1115 1979 1279 2027 optime.

416 2043 585 2092 Raptim
605 2056 653 2080 ex
674 2044 813 2081 nostra
832 2042 979 2081 cellula
1004 2042 1050 2080 in
1077 2043 1270 2081 coenobio
1291 2040 1596 2081 Ganonicorum'
1617 2042 1949 2092 Mal-tinensium,

363 2121 472 2147 anno
490 2108 606 2147 verbi
624 2108 837 2146 incarnati.
899 2120 1048 2146 MDXIX.

405 2249 458 2279 51.
482 2238 651 2269 nonnulli
666 2249 684 2269 e
700 2242 820 2270 nostro
836 2240 859 2273 β
876 2251 883 2269 :
914 2237 1060 2277 quidam
1077 2247 1094 2267 e
1111 2235 1263 2266 fratrum
1279 2237 1479 2266 nostrorum
1497 2247 1528 2267 α,
1684 2246 1738 2275 54.
1763 2239 1947 2269 executum

362 2283 384 2316 β
402 2294 410 2313 :
433 2282 709 2322 apprehendisse
724 2294 753 2314 a.
865 2291 981 2312 meam
997 2280 1214 2311 tenuitatem
1230 2288 1409 2319 quamque
1426 2280 1448 2313 β
1464 2290 1472 2310 :
1495 2288 1604 2318 quam
1620 2291 1651 2311 α.
1798 2282 1850 2319 56.
1875 2291 1947 2312 non

362 2327 440 2357 sine
456 2325 588 2366 pudore
603 2327 626 2360 β
643 2337 650 2356 :
674 2326 871 2357 verecunde
886 2337 915 2356 α.
1047 2334 1098 2363 57.
1122 2323 1269 2354 illorum
1286 2325 1360 2354 add.
1377 2324 1410 2356 β.
1537 2323 1588 2353 60.
1614 2334 1634 2352 α
1651 2334 1659 2354 z
1683 2323 1899 2355 Siscitantur
1912 2327 1948 2359 β.

362 2371 543 2409 praeterea
559 2372 581 2404 β
596 2380 603 2400 :
627 2370 765 2400 interea
778 2381 808 2401 α.
896 2371 919 2403 β
934 2380 941 2399 :
965 2368 1212 2399 istitutionum
1229 2378 1260 2397 a.
1361 2367 1413 2405 63.
1438 2366 1511 2396 hiis
1525 2377 1545 2396 α
1563 2377 1570 2397 :
1594 2366 1652 2397 his
1667 2368 1700 2401 β.
1817 2368 1870 2407 64.
1893 2369 1947 2398 in-

362 2413 460 2453 opiae
476 2414 498 2447 β
514 2424 521 2444 :
545 2413 704 2444 miseriae
718 2424 749 2444 α.
917 2413 967 2451 65.
995 2421 1069 2442 non
1084 2412 1322 2450 aspernentur
1337 2411 1360 2444 β
1377 2421 1385 2440 2
1408 2419 1482 2440 non
1497 2410 1603 2440 modo
1618 2420 1693 2440 non
1708 2414 1948 2450 aspernentur

361 2456 421 2487 sed
438 2459 473 2487 et
490 2456 705 2496 desyderent
719 2468 748 2487 α.
889 2456 983 2487 Proh
1000 2455 1100 2486 dolor
1115 2457 1187 2485 add.
1206 2455 1240 2488 β.
1380 2453 1489 2492 pudet
1505 2462 1570 2484 nos
1586 2454 1609 2487 β
1623 2465 1630 2484 :
1655 2455 1896 2486 erubescimus
1912 2467 1943 2487 α.

361 2501 412 2531 66.
437 2501 558 2530 tamen
574 2511 630 2531 om.
647 2502 682 2535 β.
811 2501 863 2539 67.
888 2498 1112 2539 permodicus
1127 2497 1214 2528 adeo
1230 2498 1252 2531 β
1267 2508 1274 2528 :
1297 2497 1509 2537 perexiguus
1525 2509 1555 2528 α.
1680 2499 1733 2530 68.
1758 2498 1944 2529 literarum

362 2543 493 2574 studiis
509 2553 573 2573 ceu
588 2545 611 2578 β
628 2555 635 2574 ;
659 2543 774 2574 literis
791 2545 890 2582 quasi
907 2555 936 2573 α.
1060 2543 1113 2581 69.
1137 2540 1351 2572 facientibus
1366 2541 1389 2574 β
1405 2551 1412 2571 :
1436 2540 1717 2572 conducentibus
1732 2552 1761 2573 α.
1844 2541 1944 2572 dum-

361 2589 461 2618 taxat
476 2587 624 2617 horulae
641 2586 853 2627 deputatum
869 2588 892 2621 β
909 2598 916 2618 :
939 2585 1083 2617 horulae
1100 2586 1243 2616 tantum
1258 2584 1435 2614 tributum
1450 2595 1480 2614 α.
1610 2594 1660 2623 71.
1683 2585 1756 2615 hiis
1770 2595 1790 2614 a
1805 2596 1813 2615 x
1836 2584 1894 2616 his
1909 2587 1942 2619 β.

362 2640 406 2660 ne
423 2653 431 2661 .
450 2656 456 2661 .
475 2655 481 2660 .
499 2639 707 2661 moneamus
723 2634 796 2662 add.
814 2632 848 2665 β.
1006 2639 1057 2668 72.
1080 2628 1267 2659 Sudariola
1282 2628 1304 2661 β
1321 2638 1329 2657 z
1353 2627 1459 2667 Pepla
1475 2638 1504 2658 α.
1661 2637 1709 2668 73.
1735 2629 1881 2659 Erasmo
1896 2630 1920 2664 β
1937 2640 1944 2659 ;

361 2674 427 2704 tibi
444 2685 474 2704 α.
574 2673 709 2704 Verum
725 2674 928 2705 retrahebat
944 2673 1058 2713 pudor
1073 2673 1096 2706 β
1113 2683 1121 2703 2
1143 2672 1205 2702 sed
1220 2671 1394 2702 reueritus
1411 2680 1489 2701 sum
1505 2682 1536 2700 α.
1684 2681 1734 2710 74.
1760 2672 1944 2702 xeniolum

361 2727 435 2748 esse
452 2726 700 2756 conspexeram
717 2718 758 2751 B:
782 2718 946 2757 reputaui
961 2728 992 2747 α.
1147 2724 1197 2754 75.
1224 2716 1361 2754 quanto
1377 2715 1400 2748 β
1416 2725 1423 2744 :
1447 2723 1553 2752 quam
1570 2725 1599 2744 a.
1723 2724 1805 2745 vero
1821 2715 1882 2746 abs
1898 2717 1921 2750 β
1935 2726 1958 2747 ε,

361 2770 381 2791 a
397 2772 426 2792 α.
560 2770 608 2800 77.
634 2761 888 2792 candidissime
906 2786 912 2792 .
930 2786 936 2792 .
956 2784 963 2792 .
985 2770 1034 2799 79.
1054 2768 1164 2790 unm
1180 2760 1203 2792 β
1218 2769 1225 2788 :
1249 2758 1460 2788 suauissime
1477 2757 1620 2788 Erasme
1637 2769 1667 2788 α.

404 2891 453 2919 55.
483 2881 656 2923 supellex]
676 2882 771 2912 Pers.
787 2892 816 2920 4.
837 2891 888 2920 52.
1230 2879 1282 2909 61.
1308 2876 1586 2917 Hieronymum]
1604 2877 1655 2909 Cf.
1674 2877 1735 2918 Ep.
1756 2888 1829 2918 750.
1844 2888 1875 2918 4.
