2034 3433
319 106 399 144 336
778 103 1032 142 LETTERS
1072 102 1140 140 OF
1179 101 1446 140 ERASMUS
1785 99 1825 155 [1
1835 113 1856 150 5
1867 115 1880 139 1
1889 104 1913 138 8

317 210 533 249 literarum
559 207 664 246 mire
693 206 925 255 frigebant;
955 205 1063 254 quod
1083 204 1171 253 ipse
1193 217 1276 242 non
1298 204 1537 243 dissimulat
1557 206 1602 243 in
1622 206 1708 244 suis
1727 207 1916 257 epistolis

317 275 593 325 Augustinus.
653 271 952 320 Hieronymus,
975 269 1235 308 Christianus
1262 282 1284 307 e
1309 269 1572 317 Christianis,
1596 283 1680 309 vna
1706 284 1800 310 cum
1826 273 1918 322 ipso

240 353 299 383 205
318 341 422 379 lacte
443 338 597 378 Christi
620 335 925 385 philosophiam
946 333 1125 372 imbibit.
1187 333 1452 383 Augustinus
1471 347 1577 383 pene
1596 335 1773 384 triginta
1792 339 1916 376 natus

318 417 452 443 annos
488 402 606 441 nullo
640 402 902 450 praeceptore
931 400 1130 438 Paulinas
1158 398 1354 449 epistolas
1372 399 1505 448 legere
1524 399 1669 449 coepit.
1713 400 1918 451 Hierony-

320 483 415 508 mus
443 467 518 506 tali
548 466 713 516 ingenio
739 465 949 515 praeditus
977 464 1149 514 triginta
1172 463 1358 514 quinque
1386 477 1518 502 annos
1547 465 1751 514 impendit
1778 466 1915 505 studio

320 535 557 573 sanctarum
584 531 902 581 Scripturarum.
963 528 1230 578 Augustinus
1259 528 1401 567 statim
1429 529 1480 566 ad
1510 528 1738 579 episcopale
1762 543 1921 570 munus

319 599 551 649 pertractus
584 598 657 645 est,
690 597 731 634 et
759 596 923 633 coactus
952 595 1093 632 docere
1123 593 1233 644 quod
1258 593 1345 643 ipse
1374 594 1564 632 nondum
1595 594 1807 633 didicerat.
1865 595 1916 634 Id

243 680 302 701 210
319 664 354 702 si
386 662 492 701 mihi
526 674 610 701 non
644 661 787 709 credis,
824 660 915 710 lege
952 659 1082 709 ipsius
1122 658 1340 709 epistolam
1383 658 1435 696 ad
1472 656 1784 711 Valeri[an]um
1824 660 1918 710 Epi·

321 741 502 778 scopum,
528 740 608 777 qua
628 727 809 765 maxime
830 725 1070 775 deprecatur
1090 724 1277 774 spacium
1296 723 1463 773 aliquod
1484 723 1669 762 discendi
1689 725 1796 774 quod
1815 725 1919 764 alios

321 794 496 832 doceret.

375 859 467 897 Iam
494 859 568 906 fac,
602 857 637 896 si
665 857 779 905 libet,
810 856 974 906 patriae,
1008 854 1284 905 ingeniorum,
1313 857 1633 904 praeceptorum,
1664 854 1920 894 educationis

320 937 438 975 pares
467 936 554 962 esse
583 922 771 970 calculos,
795 921 1074 971 expendamus
1102 922 1256 970 quanto
1287 919 1528 957 instructior
1554 918 1840 969 Hieronymus
1868 919 1919 958 ad

243 1007 301 1039 215
320 990 399 1028 hoc
437 987 655 1039 negocium
693 986 907 1025 accesserit
930 1000 939 1024 z
980 985 1064 1024 nisi
1100 985 1207 1023 forte
1245 985 1335 1023 leue
1373 986 1636 1022 momentum
1673 997 1762 1023 esse
1799 986 1922 1034 putas

323 1056 574 1094 Graecarum
607 1055 647 1091 et
677 1052 977 1091 Hebraicarum
1005 1051 1222 1089 literarum
1251 1049 1451 1100 peritiam.
1512 1049 1617 1088 Tota
1645 1049 1918 1099 philosophia,

322 1122 411 1158 tota
438 1118 646 1168 theologia
674 1119 766 1155 tum
797 1116 997 1166 temporis
1031 1116 1284 1154 Graecorum
1315 1117 1413 1152 erat.
1474 1114 1739 1164 Augustinus
1769 1115 1926 1154 Graece

323 1185 480 1231 nesciit,
502 1186 573 1223 aut
603 1183 639 1221 si
664 1183 763 1233 quid
792 1182 944 1232 attigit,
967 1195 1052 1220 non
1081 1194 1330 1231 magnopere
1358 1179 1439 1218 fuit
1466 1180 1560 1218 vsui
1588 1180 1640 1218 ad
1669 1180 1920 1219 Graecorum

323 1249 642 1288 commentarios
662 1247 925 1286 euoluendos.
986 1246 1180 1284 Demiror
1201 1246 1340 1284 autem
1359 1244 1470 1283 vnde
1490 1244 1661 1294 quidam
1680 1244 1922 1294 Augustino

246 1334 307 1356 220
321 1315 509 1354 tribuant
529 1314 762 1352 absolutam
782 1312 1072 1351 Aristotelicae
1096 1310 1381 1361 philosophiae
1406 1309 1696 1360 cognitionem,
1719 1323 1814 1348 cum
1834 1310 1927 1360 ipse

323 1381 369 1419 in
385 1380 701 1420 confessionum
718 1378 837 1416 libris
855 1378 1032 1416 fateatur
1052 1377 1129 1415 sibi
1144 1377 1315 1415 vnicum
1331 1376 1532 1414 duntaxat
1548 1374 1739 1413 libellum
1754 1375 1920 1423 lectum,

324 1459 499 1496 eumque
538 1445 685 1483 Latine
721 1457 903 1482 versum.
960 1444 1148 1492 Cumque
1185 1442 1286 1481 locis
1328 1441 1612 1491 compluribus
1650 1442 1798 1479 tractet
1834 1454 1923 1480 rem

325 1511 592 1556 dialecticam,
608 1511 657 1548 ad
674 1522 796 1560 quam
812 1512 860 1547 vt
873 1510 960 1547 erat
977 1511 1126 1547 natura
1140 1507 1402 1557 compositus,
1419 1507 1477 1545 ita
1490 1507 1677 1555 impense
1696 1505 1924 1544 delectatus

324 1575 664 1616 videtur—velut
682 1576 727 1613 in
747 1587 865 1624 opere
881 1575 943 1612 De
958 1574 1146 1612 doctrina
1162 1573 1407 1619 Christiana,
1424 1572 1469 1609 in
1488 1571 1606 1609 libris
1625 1572 1685 1609 De
1706 1570 1919 1617 Trinitate,

248 1657 306 1688 225
327 1642 371 1680 in
391 1641 544 1680 libellis
564 1640 721 1689 aliquot
742 1653 842 1689 quos
869 1639 1035 1688 scripsit
1061 1639 1522 1677 catechumenus—non
1543 1636 1720 1675 declarat
1743 1649 1786 1674 se
1812 1635 1923 1686 quic-

328 1720 453 1758 quam
473 1706 618 1756 legisse
643 1707 805 1755 praeter
831 1705 1011 1755 quinque
1039 1703 1262 1754 Porphyrii
1287 1716 1408 1742 voces
1433 1715 1533 1752 quas
1558 1701 1859 1752 praedicabilia,
1883 1704 1923 1739 et

330 1773 471 1811 decem
510 1783 648 1814 rerum
687 1783 838 1819 genera
875 1783 978 1820 quae
1024 1770 1358 1820 praedicamenta
1400 1769 1560 1813 vocant,
1593 1769 1633 1805 et
1671 1766 1828 1804 librum
1875 1767 1925 1804 de

330 1836 644 1876 Enunciatione.
700 1836 875 1885 Alioqui
903 1836 1039 1885 profer
1063 1835 1129 1873 vel
1154 1848 1284 1873 vnum
1310 1833 1487 1871 verbum
1514 1832 1624 1882 quod
1650 1845 1700 1870 ex
1728 1831 1925 1870 Priorum

329 1906 402 1942 aut
441 1901 728 1941 Posteriorum
756 1901 876 1939 libris
905 1902 977 1939 aut
1010 1900 1208 1938 Elenchis
1239 1901 1310 1937 aut
1340 1898 1505 1948 Topicis
1545 1899 1763 1946 sumptum
1791 1895 1926 1935 videri

248 1984 263 2004 2
270 1983 311 2014 30
330 1968 483 2019 possit3
503 1970 549 2006 vt
564 1967 712 2005 sileam
727 1965 896 2004 interim
912 1966 960 2004 de
975 1964 1171 2014 Physicis
1187 1966 1259 2003 aut
1276 1962 1588 2013 Metaphysicis,
1605 1962 1735 2012 deque
1751 1962 1925 2000 caeteris

331 2037 417 2073 tam
437 2033 586 2072 multis
606 2032 732 2070 huius
753 2031 993 2081 philosophi
1018 2030 1304 2069 voluminibus
1322 2045 1331 2068 :
1360 2028 1604 2079 praesertim
1624 2040 1721 2065 cum
1740 2027 1786 2065 in
1804 2026 1927 2065 libris

333 2113 434 2150 quos
456 2097 776 2137 catechumenus
792 2096 971 2146 scripsit,
987 2095 1228 2134 iuueniliter
1243 2095 1368 2133 etiam
1385 2095 1508 2132 iactet
1523 2093 1560 2131 si
1576 2093 1677 2143 quid
1689 2093 1927 2143 degustarat

331 2163 650 2215 philosophiae,
693 2175 796 2212 quos
831 2161 920 2211 ipse
958 2161 1111 2199 fatetur
1145 2160 1279 2198 adhuc
1308 2158 1525 2209 superbiae
1553 2157 1741 2197 scholam
1769 2170 1922 2207 sapere.

332 2229 439 2279 Quid
461 2231 599 2267 autem
616 2229 703 2266 erat
718 2227 763 2265 in
778 2227 976 2266 vniuersa
989 2227 1237 2265 Graecorum
1253 2224 1503 2263 bibliotheca
1517 2223 1626 2273 quod
1640 2222 1928 2272 Hieronymus

252 2308 311 2341 235
331 2309 415 2334 non
454 2294 699 2341 excusserat,
731 2293 841 2342 quod
876 2304 959 2329 non
988 2291 1105 2329 velut
1134 2291 1179 2329 in
1208 2291 1366 2329 indices
1397 2290 1606 2339 digestum
1634 2289 1681 2325 in
1708 2289 1926 2326 numerato

332 2360 500 2399 haberet
516 2361 536 2397 Ῥ
593 2357 710 2406 Quod
731 2358 768 2395 si
788 2370 838 2395 ex
857 2370 899 2395 re
919 2356 1022 2395 libet
1048 2356 1267 2395 aestimare
1287 2357 1503 2404 vtrunque,
1526 2353 1812 2403 Hieronymus
1831 2364 1927 2390 cum

332 2426 418 2476 agit
447 2425 645 2463 aduersus
674 2421 950 2469 Iouinianum,
982 2421 1180 2459 aduersus
1211 2420 1435 2467 Ruffinum,
1467 2419 1667 2457 aduersus
1697 2417 1926 2467 Pelagium,

334 2492 532 2530 aduersus
553 2487 848 2534 Luciferianos,
871 2499 1022 2537 quaeso
1049 2489 1101 2534 te,
1125 2486 1310 2524 nuncubi
1337 2484 1599 2523 dialecticum
1624 2496 1797 2522 acumen
1816 2483 1863 2520 in
1880 2494 1930 2519 eo

335 2556 556 2605 desyderas
570 2555 590 2592 ‘3
638 2553 755 2601 Quod
771 2552 808 2590 si
823 2564 934 2590 nunc
948 2551 1093 2590 eadem
1114 2552 1360 2600 argumenta
1371 2551 1553 2588 tractent
1569 2548 1641 2597 qui
1656 2548 1702 2586 in
1718 2547 1930 2586 dialectica

253 2632 314 2663 240
335 2620 657 2667 consenuerunt,
671 2619 763 2656 tum
778 2619 972 2667 appareat
992 2617 1144 2666 quanto
1164 2615 1384 2666 praecellat
1400 2614 1701 2663 Hieronymus,
1716 2612 1802 2651 nisi
1817 2611 1928 2661 quod

379 2735 452 2766 218.
488 2742 699 2774 magnopere
730 2733 807 2762 add.
833 2734 868 2761 F.
1045 2739 1119 2769 230.
1159 2728 1414 2768 Metaphysicis
1442 2731 1491 2757 D:
1529 2725 1864 2766 supernaturalibus
1889 2727 1928 2756 F.

336 2779 409 2817 238.
436 2777 607 2808 aduersus
631 2775 865 2806 Iouinianum
884 2777 953 2810 post
975 2773 1219 2804 Luciferianos
1242 2775 1345 2808 repetit
1368 2770 1428 2803 Dl:
1461 2780 1518 2801 om.
1542 2769 1595 2801 D2.

380 2883 454 2904 210.
477 2872 680 2913 epistolam]
697 2881 746 2903 21.
1210 2878 1283 2908 225.
1309 2868 1458 2908 libellis]
1477 2870 1560 2905 Gonf.
1578 2878 1610 2905 4.
1630 2868 1679 2898 16.

381 2926 456 2946 221.
485 2915 650 2956 vnicum]
678 2916 850 2946 Erasmus
882 2915 912 2945 is
947 2914 1098 2954 perhaps
1210 2908 1927 2952 233.fatetur]Perhapscf.Retract.prol.3.

338 2959 512 2998 thinking
529 2959 566 2990 of
581 2961 663 2996 Gens.
681 2972 711 2997 4.
732 2960 771 2989 16
787 2958 858 2989 and
876 2968 905 2997 7.
923 2969 952 2998 9.
1210 2965 1283 2994 235.
1302 2956 1341 2986 in
1351 2954 1555 2996 munerato]
1569 2954 1621 2986 Cf.
1634 2954 1754 2993 Quint.
1766 2953 1797 2984 6.
1811 2962 1841 2992 3.
1856 2960 1925 2982 111.
