2034 3433
351 133 432 173 624
813 132 1066 172 LETTERS
1103 131 1173 170 OF
1210 130 1475 171 ERASMUS
1807 130 1847 186 [1
1856 144 1877 182 5
1885 147 1900 172 1
1908 148 1934 183 9

351 239 548 278 conferas.
579 237 744 276 Horum
755 227 980 287 pertinacia
991 235 1238 286 quibusdam
1251 236 1463 287 persuasit,
1479 236 1679 286 quosdam
1691 236 1934 286 improbitas

352 305 579 354 pertraxit:
623 301 789 351 quidam
820 301 870 340 ad
905 301 1081 351 gratiam
1110 300 1406 350 obsequuntur,
1435 300 1602 351 quidam
1631 313 1704 350 spe
1732 304 1932 342 commodi

353 368 583 417 cuiuspiam
601 368 674 405 aut
691 365 944 404 incommodi
969 367 1085 404 metu
1108 364 1270 404 fabulae
1295 378 1380 404 non
1400 365 1594 415 probatae
1614 367 1773 415 partem
1795 369 1931 417 agunt.

353 434 502 482 Magna
520 444 613 481 pars
631 430 889 479 vociferatur,
916 443 1001 469 non
1029 429 1080 468 ob
1109 429 1223 468 aliud
1250 429 1332 468 nisi
1357 430 1464 479 quod
1490 430 1646 469 multos
1665 430 1936 470 vociferantes

296 513 334 543 55
353 497 477 537 videt.
535 496 649 535 Haec
678 495 750 546 qui
777 496 921 546 procul
948 494 1136 540 audiunt,
1155 507 1245 533 rem
1272 494 1438 545 publico
1457 494 1628 534 consilio
1647 495 1732 545 geri
1751 496 1934 544 credunt,

352 561 592 613 praesertim
612 574 707 600 cum
726 561 934 610 splendidi
960 559 1077 599 tituli
1091 561 1394 610 praetexantur,
1414 560 1714 607 Vniuersitatis,
1736 560 1934 610 Rectoris,

354 626 624 666 Facultatum.
661 626 741 674 Qui
753 626 923 675 propius
933 626 1121 675 spectant
1136 624 1320 663 fabulam
1331 627 1404 664 aut
1415 625 1541 664 etiam
1555 624 1666 663 intra
1678 625 1936 675 proscenium

353 693 581 740 versantur,
614 690 857 740 intelligunt
885 692 1017 728 totam
1050 690 1155 728 hanc
1188 689 1426 728 machinam
1457 689 1585 728 vuius
1615 692 1738 740 atque
1770 689 1941 729 alterius

353 769 476 806 opera
509 756 680 795 moueri.
736 756 823 805 Ego
860 755 1068 794 tumultus
1103 754 1341 793 huiusmodi
1363 755 1431 794 vel
1465 755 1570 793 Atae
1609 755 1855 794 Homericae
1870 755 1937 795 vel

295 828 337 860 60
353 821 461 860 Pani
494 821 568 859 deo
601 820 760 870 poetico
792 819 858 858 vel
891 819 1139 869 Tisiphonae
1177 821 1249 858 aut
1286 819 1490 858 furiarum
1528 819 1699 858 cuilibet
1730 819 1808 868 vel,
1829 820 1937 870 quod

353 885 547 936 astrologi
579 885 750 934 faciunt,
782 885 907 924 astris
941 898 1087 934 parum
1125 884 1338 922 commode
1367 884 1704 923 concurrentibus
1731 884 1940 935 imputare

354 950 462 989 malo
485 963 609 1000 quam
626 950 901 989 multitudini.

409 1016 602 1066 Suspicor
620 1017 661 1054 et
680 1015 784 1054 illud
812 1015 991 1054 obfuisse
1017 1015 1105 1063 tibi,
1130 1014 1238 1065 quod
1264 1014 1391 1052 nimis
1409 1014 1589 1064 ingenue
1608 1028 1704 1065 prae
1723 1017 1764 1053 te
1782 1015 1942 1054 ferebas

355 1082 489 1121 nostri
516 1081 713 1120 studium.
774 1081 830 1119 Et
857 1080 984 1119 huius
1011 1079 1174 1118 fabulae
1201 1079 1367 1129 choragi
1394 1092 1438 1117 se
1457 1080 1629 1118 credunt
1648 1080 1885 1130 vituperari,
1902 1079 1939 1119 si

296 1155 335 1198 65
355 1147 545 1186 laudetur
564 1147 772 1185 Erasmus.
833 1145 916 1184 Nec
936 1145 1099 1184 defuere
1119 1144 1306 1183 fortassis
1331 1144 1402 1194 qui
1420 1144 1727 1194 suspicarentur
1745 1149 1786 1183 te
1803 1144 1942 1184 subor-

356 1213 501 1251 natum
522 1213 570 1250 vt
603 1211 649 1249 in
676 1211 890 1261 theologos
917 1210 1074 1261 poetica
1101 1209 1292 1248 libertate
1317 1209 1484 1248 diceres.
1542 1209 1627 1249 Nec
1646 1210 1781 1249 vllum
1806 1210 1942 1249 adhuc

354 1277 576 1315 hominum
621 1289 750 1326 genus
781 1276 870 1314 vidi
916 1275 1025 1325 quod
1076 1287 1201 1324 aeque
1254 1273 1465 1324 indulgeat
1510 1275 1597 1314 suis
1626 1275 1941 1325 suspicionibus.

356 1342 594 1380 Versiculus
615 1342 683 1380 hic
702 1343 800 1380 tuus
819 1340 955 1390 adagii
973 1341 1063 1378 vice
1083 1339 1373 1378 circumfertur
1391 1339 1588 1378 Louanii:

608 1418 782 1457 Cernere
811 1431 895 1456 non
924 1416 1042 1455 licuit
1071 1416 1297 1454 facundum
1326 1418 1468 1466 pectus
1498 1416 1677 1455 Erasmi.

298 1514 338 1547 70
357 1493 487 1541 Quem
523 1507 594 1532 cur
632 1494 793 1532 rideant
831 1507 916 1532 non
947 1493 1048 1531 satis
1081 1492 1294 1542 intelligo:
1337 1505 1469 1542 neque
1502 1493 1615 1531 enim
1646 1505 1811 1531 carmen
1843 1492 1944 1532 adeo

356 1558 514 1597 malum
541 1561 603 1596 est
630 1561 675 1597 vt
705 1559 829 1597 rideri
862 1559 1016 1606 debeat,
1046 1571 1119 1595 nec
1147 1557 1344 1595 Erasmus
1372 1558 1607 1607 vsqueadeo‘
1635 1560 1697 1596 est
1725 1558 1865 1597 infans
1895 1563 1941 1597 vt

355 1623 638 1673 prodigiosum
658 1624 713 1662 sit
732 1624 767 1662 si
786 1623 878 1673 quis
896 1623 1054 1662 amicus
1073 1622 1110 1660 ei
1133 1622 1289 1660 tribuat
1315 1623 1607 1672 eloquentiam.
1667 1623 1809 1673 Neque
1828 1623 1942 1662 enim

356 1689 501 1739 opinor
520 1688 587 1727 hic
606 1702 693 1728 esse
711 1691 798 1727 tam
817 1701 1006 1738 peruerse
1025 1688 1156 1726 malos
1169 1690 1214 1726 vt
1230 1701 1280 1726 ex
1298 1687 1374 1726 hoc
1388 1687 1476 1737 ipso
1488 1687 1745 1738 voluptatem
1764 1688 1939 1738 capiant,

357 1754 465 1805 quod
502 1754 581 1792 tibi
615 1767 680 1792 res
716 1766 865 1804 parum
897 1767 947 1791 ex
975 1753 1105 1791 animi
1134 1752 1338 1791 sententia
1367 1752 1613 1791 successerit.
1671 1752 1827 1792 Verum
1854 1766 1939 1804 age,

300 1836 338 1870 75
356 1820 549 1857 fruantur
563 1832 634 1868 per
649 1832 723 1858 nos
738 1820 815 1858 hac
827 1818 1037 1868 voluptate
1053 1831 1126 1857 sua
1138 1818 1272 1867 qualis
1287 1817 1420 1867 qualis
1438 1819 1511 1857 est.
1564 1819 1619 1856 Te
1639 1818 1767 1857 velim
1786 1818 1942 1868 aequio-

357 1897 444 1923 rem
473 1897 561 1922 esse
593 1884 689 1922 huic
719 1886 883 1922 nostrae
916 1883 1090 1931 scholae,
1115 1882 1181 1921 cui
1215 1895 1290 1920 nec
1323 1882 1489 1932 ingenia
1517 1883 1668 1922 desunt
1695 1896 1769 1921 nec
1792 1883 1943 1922 eruditi

356 1949 539 1997 iuuenes,
549 1949 671 1987 modo
683 1951 787 1987 esset
799 1949 979 1999 ingeniis
992 1949 1134 1995 honos,
1152 1961 1225 1985 nec
1237 1949 1375 1986 essent
1388 1947 1461 1997 qui
1474 1960 1638 1986 summa
1649 1948 1691 1986 vi
1702 1947 1946 1987 melioribus

357 2014 507 2052 studiis
538 2013 843 2063 obstreperent:
873 2026 975 2063 quos
1004 2012 1206 2051 semideos
1228 2012 1264 2050 si
1288 2011 1365 2050 tibi
1391 2012 1641 2051 nominatim
1667 2012 1939 2063 depingerem,

358 2093 441 2117 non
462 2079 670 2118 mirareris
698 2079 734 2117 si
761 2079 864 2117 tales
893 2078 1038 2117 habeat
1066 2078 1391 2128 propugnatores
1415 2077 1590 2127 pristina
1614 2077 1832 2116 barbaries.
1889 2077 1942 2116 In

299 2156 340 2186 80
357 2144 433 2182 hos
454 2144 587 2183 dictus
606 2157 648 2183 es
668 2145 804 2183 nescio
824 2144 922 2194 quid
935 2143 1238 2182 inuectiuarum
1257 2143 1504 2181 destinasse:
1529 2143 1636 2192 quod
1652 2142 1817 2192 quidem
1837 2142 1943 2181 mihi

357 2209 456 2247 adeo
476 2222 560 2247 non
579 2209 787 2259 probatur,
811 2209 871 2247 mi
895 2209 1143 2259 Tranquille,
1166 2211 1213 2247 vt
1239 2220 1314 2246 nec
1335 2220 1482 2247 verum
1509 2220 1595 2246 esse
1622 2207 1748 2246 libeat
1767 2207 1942 2246 credere.

358 2274 487 2324 Digni
520 2277 628 2323 sunt,
650 2275 824 2326 inquies.
883 2275 984 2313 Esto
1014 2287 1122 2321 sane,
1145 2274 1207 2312 fac
1228 2274 1294 2312 vel
1323 2286 1439 2312 cruce
1468 2273 1639 2323 dignos:
1667 2275 1709 2311 at
1738 2275 1780 2311 te
1804 2274 1947 2312 memi-

359 2340 468 2378 nisse
500 2340 595 2379 volo
633 2341 730 2391 quid
768 2340 835 2378 his
873 2340 1047 2389 dignum
1081 2339 1135 2378 sit
1181 2339 1252 2389 qui
1284 2338 1428 2377 literas
1460 2351 1527 2376 eas
1558 2338 1808 2388 profitentur
1841 2351 1945 2389 quae

358 2405 631 2444 humanitatis
651 2405 776 2444 titulo
797 2405 1150 2444 commendantur.

301 2477 339 2517 85
413 2470 667 2509 Lodouicum
686 2470 841 2509 Viuem
860 2470 923 2509 fac
944 2483 1036 2508 meo
1058 2469 1228 2508 nomine
1247 2468 1418 2507 salutes:
1447 2468 1544 2507 huic
1557 2467 1740 2518 gratulor
1759 2468 1795 2507 si
1813 2468 1944 2508 nostri

358 2535 561 2582 meminit,
584 2535 754 2574 inuideo
772 2536 809 2574 si
829 2549 912 2573 non
932 2534 1139 2573 meminit.
1172 2533 1280 2572 Nam
1298 2533 1420 2572 audio
1438 2533 1652 2571 hominem
1672 2533 1777 2571 mire
1796 2533 1946 2584 gestire

359 2600 509 2650 gaudio
529 2601 636 2650 quod
656 2601 819 2650 elapsus
846 2601 896 2639 ab
922 2600 1013 2647 hoc,
1036 2601 1083 2637 vt
1107 2598 1179 2637 ille
1203 2598 1271 2646 ait,
1294 2598 1492 2637 barbariei
1521 2598 1723 2648 praesidio
1740 2598 1792 2636 ad
1810 2598 1944 2648 pristi-

360 2679 457 2704 nam
472 2665 704 2704 studiorum
715 2665 951 2703 libertatem
964 2664 1144 2703 redierit.
1196 2664 1308 2702 Bene
1325 2664 1423 2710 vale,
1441 2663 1675 2714 Tranquille
1688 2663 1941 2712 charissime,

361 2731 513 2779 Quarto
534 2731 670 2769 Galen.
695 2731 792 2769 Iuli.
816 2732 938 2769 ANNo
958 2743 1000 2768 M.
1018 2743 1057 2768 D.
1080 2742 1166 2768 XIX.
1937 2721 1940 2724 Δ

503 2821 555 2859 69.
580 2819 727 2851 facundi
744 2824 779 2851 F.
915 2830 965 2859 77.
992 2829 1057 2850 nec
1074 2821 1103 2849 E
1118 2820 1229 2856 Coo-riq.
1245 2828 1252 2849 :
1278 2818 1305 2848 &
1322 2819 1361 2849 ni
1377 2821 1440 2850 EF.
1572 2817 1624 2856 89.
1648 2816 1734 2847 Iulii
1749 2819 1791 2847 H.

405 2900 455 2938 87.
476 2899 552 2939 ille]
566 2900 720 2939 Perhaps
730 2899 829 2931 Hier.
842 2901 915 2929 adu.
927 2901 1033 2929 Iouin.
1048 2908 1074 2929 1.
1090 2907 1116 2928 1.
1187 2897 1244 2928 his
1260 2897 1378 2928 duties
1393 2899 1430 2928 to
1443 2896 1534 2936 Croy
1547 2896 1595 2937 (p.
1610 2896 1668 2936 68)
1679 2895 1751 2927 and
1764 2896 1799 2926 to
1811 2896 1852 2926 be
1864 2903 1944 2926 now

361 2942 433 2972 The
449 2942 666 2982 description
683 2944 839 2982 suggests
855 2942 935 2973 that
952 2943 1119 2972 Erasmus
1187 2942 1227 2971 in
1256 2941 1368 2980 Paris,
1403 2950 1448 2970 on
1478 2940 1541 2971 the
1578 2940 1663 2970 visit
1696 2937 1876 2970 indicated
1904 2937 1942 2968 in

363 2986 536 3025 supposed
542 2986 648 3017 Vives
657 2988 692 3017 to
699 2987 741 3017 be
752 2986 825 3016 free
836 2985 890 3017 for
900 2995 919 3016 a
929 2985 1017 3016 time
1028 2986 1117 3016 from
1187 2984 1274 3025 Epp.
1291 2985 1365 3023 987,
1384 2994 1457 3024 992.
