2034 3433
315 152 394 191 568
771 152 1021 191 LETTERS
1059 152 1128 190 or
1167 153 1431 192 ERAsMus
1775 152 1898 206 [1519

308 269 394 295 sese
420 257 491 307 qui
518 257 657 295 omnia
681 259 846 305 norunt,
868 270 1001 295 essem
1027 256 1150 306 longe
1168 257 1445 297 libentissime
1464 271 1515 296 ex
1534 256 1733 307 proximo,
1755 260 1901 307 parent

249 332 289 370 85
307 322 376 372 qui
409 324 519 360 recta
552 320 752 360 monenti.
811 321 867 360 Et
900 335 1020 371 spero
1053 335 1121 359 me
1151 322 1210 360 ita
1244 323 1465 361 ducturum
1496 323 1625 361 vitam
1655 324 1704 360 vt
1733 336 1826 362 meo
1860 326 1899 361 et

309 387 542 426 charissimi
562 386 697 436 patrui
717 387 866 426 honori
885 400 969 425 non
990 387 1123 425 desim
1139 402 1148 435 ;
1179 388 1296 426 cuius
1315 388 1359 426 in
1383 401 1451 426 me
1477 388 1724 426 charitatem
1751 388 1899 426 merito

307 452 527 502 plusquam
559 454 775 502 paternam
805 452 1033 503 appellasti.
1094 453 1236 503 Neque
1269 453 1381 492 enim
1410 456 1548 503 posset
1576 466 1643 491 me
1673 455 1761 491 tam
1790 455 1901 491 arcto

307 531 445 556 amore
469 517 699 567 complecti,
721 517 801 556 etsi
829 518 934 556 mihi
963 518 1026 556 bis
1054 520 1170 568 pater
1199 520 1330 567 esset3
1359 519 1426 557 cui
1455 518 1579 557 etiam
1609 532 1683 569 ego
1711 518 1805 568 plus
1834 531 1901 556 me

308 582 453 621 debere
479 583 672 633 profiteor
697 596 819 633 quam
848 585 997 633 patruo
1025 585 1067 622 et
1094 584 1203 634 patri
1231 583 1616 622 beneficentissimis
1643 583 1780 622 simul.
1839 583 1901 622 De

249 662 291 694 90
307 648 538 686 eruditione
567 647 674 686 illud
705 661 779 698 ego
807 648 851 686 in
880 648 1026 698 primis
1055 651 1239 698 optarem
1268 649 1366 697 fieri,
1395 649 1431 687 si
1458 651 1605 698 posset,
1628 652 1673 688 vt
1704 650 1901 688 Graecam

307 712 423 751 illam
444 713 773 765 ἐγκυκλοπαιδείαν
791 713 1046 752 absoluerem
1063 730 1071 762 3
1096 714 1203 764 quod
1221 714 1257 753 si
1272 714 1314 752 id
1329 726 1402 763 per
1416 714 1621 752 immensa
1640 727 1723 752 non
1738 713 1902 752 licuerit

307 779 482 829 negocia,
505 780 623 826 certe,
646 781 693 817 vt
712 779 907 828 consulis,
928 779 1171 818 melioribus
1189 793 1255 817 me
1275 779 1422 817 dedam
1444 779 1685 829 disciplinis,
1708 781 1830 830 atque
1851 779 1902 817 iis

307 845 358 883 ad
389 857 490 894 quas
519 847 681 894 meapte
707 846 854 894 sponte
882 847 924 883 et
952 847 1099 883 natura
1126 845 1245 893 feror,
1269 845 1317 883 ad
1350 845 1648 883 mansuetiores
1677 843 1828 892 Musas,
1851 845 1901 882 ad

307 910 554 960 elegantiam
585 910 790 948 sermonis
820 910 972 959 Latini,
1004 910 1200 949 nonnihil
1230 910 1355 949 etiam
1386 910 1540 958 Graeci,
1569 909 1618 948 ad
1651 922 1742 948 eam
1773 908 1904 960 philo—

248 991 288 1023 95
307 975 497 1025 sophiam
536 988 661 1026 quam
698 975 743 1013 in
781 975 970 1014 ciuitates
1009 976 1235 1026 domosque
1280 976 1443 1014 inuexit
1491 976 1678 1014 Socrates
1725 974 1902 1024 (ethicen

305 1040 540 1091 appellant),
582 1054 686 1091 quae
725 1041 832 1079 mihi
869 1041 919 1079 ad
957 1042 1179 1091 gerendam
1213 1041 1511 1092 rempublicam
1550 1041 1685 1080 multo
1724 1054 1903 1079 commo-

308 1106 480 1145 dissima
499 1119 662 1157 semper
680 1106 770 1145 visa
789 1109 862 1145 est.

363 1171 486 1210 quat
504 1172 588 1210 iam
607 1171 730 1210 verba
757 1171 959 1222 quaedam
979 1174 1053 1211 tua
1072 1185 1305 1211 recensere:
1338 1171 1442 1211 ‘Sed
1470 1185 1551 1222 quo
1577 1171 1723 1222 rapior,
1751 1171 1904 1209 oblitus

307 1237 526 1288 epistolam
544 1237 719 1276 scribere
739 1251 817 1287 me,
834 1240 875 1276 et
895 1237 1073 1277 scribere
1093 1238 1280 1288 Principi
1299 1239 1387 1276 tam
1406 1237 1657 1276 excellenti?
1672 1238 1680 1253 ’
1739 1236 1904 1275 Oblitus

230 1319 290 1341 100
306 1306 414 1342 certe
434 1317 487 1351 es,
509 1304 569 1342 mi
588 1303 827 1342 dulcissime
846 1304 1027 1353 Erasme,
1049 1306 1090 1342 te
1110 1303 1285 1342 scribere
1303 1304 1351 1351 ei,
1375 1303 1439 1341 cui
1459 1303 1495 1341 si
1517 1303 1659 1341 literas
1677 1302 1797 1341 dares
1817 1303 1904 1340 tota

307 1368 438 1407 Iliade
466 1369 682 1419 longiores,
713 1369 902 1408 nondum
930 1369 1069 1419 ipsum
1097 1369 1269 1420 legendo
1297 1371 1370 1407 tua
1398 1368 1577 1417 satiares,
1608 1381 1694 1406 non
1722 1368 1903 1406 auferres

310 1434 574 1473 dulcedinem
604 1436 771 1473 tuarum
798 1448 948 1483 rerum,
979 1448 1146 1485 augeres
1174 1435 1312 1484 potius
1341 1447 1514 1484 semper.
1574 1433 1692 1482 Quod
1721 1446 1820 1472 vero
1852 1433 1903 1471 de

307 1500 516 1538 famulitio
549 1500 741 1550 loqueris,
772 1513 856 1539 non
885 1513 987 1550 opus
1015 1502 1079 1539 est
1108 1500 1312 1539 eiusmodi
1340 1499 1478 1538 verbis
1512 1501 1559 1537 tu
1592 1513 1687 1549 agas
1724 1511 1901 1537 mecum.

309 1564 475 1603 Socium
501 1567 541 1603 te
567 1566 728 1615 appella
754 1579 943 1604 meorum
972 1566 1215 1614 studiorum,
1241 1568 1312 1604 aut
1336 1565 1488 1604 melius
1514 1567 1555 1602 te
1580 1555 1898 1615 praeceptorem.

230 1646 289 1678 105
307 1643 375 1668 me
397 1630 660 1680 discipulum.
715 1631 845 1670 Porro
872 1632 978 1681 quod
1000 1632 1049 1669 de
1070 1631 1291 1669 Gulielmis
1310 1631 1424 1678 dicis,
1447 1630 1602 1680 gaudeo
1622 1630 1730 1668 mihi
1748 1643 1902 1668 nomen

307 1695 387 1734 tibi
407 1696 589 1734 amicum
608 1696 842 1746 contigisse,
867 1709 1001 1747 neque
1018 1710 1117 1735 vero
1136 1710 1204 1735 me
1221 1696 1395 1746 pudebit
1412 1709 1597 1746 vnquam
1623 1695 1901 1735 clarissimum

310 1763 350 1799 et
395 1761 511 1799 omni
556 1762 765 1800 virtutum
807 1776 981 1801 numero
1026 1765 1317 1801 consumatum
1359 1762 1619 1801 Gulielmum
1659 1762 1902 1809 Varamum,

309 1826 661 1877 archiepiscopum
695 1827 1046 1877 Cantuariensem,
1079 1829 1235 1866 socium
1273 1827 1416 1878 quauis
1453 1827 1497 1865 in
1534 1841 1578 1866 re
1616 1826 1778 1876 habere,
1816 1840 1900 1865 non

307 1892 513 1931 illustrem
536 1895 577 1932 et
602 1895 851 1932 strennuum
871 1894 1102 1944 principem
1121 1894 1425 1932 Monteiouium
1442 1907 1451 1941 ;
1482 1906 1583 1942 quos
1602 1894 1650 1931 tu
1670 1892 1729 1931 ita
1747 1893 1901 1943 passim

230 1974 290 1996 110
308 1958 584 2008 commendas,
607 1959 657 1997 de
676 1972 852 2009 quorum
870 1960 1099 1998 virtutibus
1119 1972 1192 2009 ego
1212 1961 1299 1997 tam
1325 1959 1460 1997 multa
1479 1972 1502 1996 a
1521 1958 1728 2008 plerisque
1754 1959 1901 2009 accepi,

308 2026 353 2062 vt
372 2024 519 2063 adduci
539 2038 623 2063 non
642 2025 799 2075 possim
827 2025 930 2075 quin
956 2025 1191 2064 existimem
1217 2037 1406 2063 summos
1427 2024 1522 2063 illos
1542 2037 1629 2063 esse
1648 2024 1761 2063 viros
1779 2025 1902 2075 atque

308 2089 500 2128 excelsos.
558 2089 667 2138 Quid
690 2090 837 2140 loquar
859 2091 908 2128 de
935 2090 1144 2129 Gulielmo
1167 2091 1346 2139 Budaeo,
1368 2090 1579 2129 amoribus
1601 2092 1724 2140 atque
1744 2089 1901 2129 deliciis

308 2156 521 2194 Musarum
560 2158 601 2194 et
639 2156 884 2195 Graecarum
917 2158 959 2194 et
992 2157 1269 2195 Latinarum?
1307 2156 1424 2194 cuius
1455 2155 1653 2194 laudandi
1686 2169 1900 2206 nunquam

306 2221 434 2260 Viues
453 2234 571 2260 meus
590 2222 719 2260 finem
738 2222 837 2260 facit
854 2236 863 2269 ;
887 2222 1004 2261 cuius
1027 2222 1187 2260 Budaei
1205 2221 1351 2269 studia,
1370 2223 1653 2269 monumenta,
1668 2221 1898 2271 ingenium,

230 2303 287 2333 115
307 2287 590 2335 eruditionem,
615 2287 815 2337 linguam,
842 2301 977 2326 mores
1005 2289 1104 2337 colo,
1132 2288 1319 2341 suspicio,
1340 2300 1526 2335 veneror,
1550 2287 1741 2334 admiror,
1762 2287 1897 2326 adoro.

307 2352 423 2391 Inter
459 2352 536 2391 hos
568 2352 714 2391 malim
748 2353 881 2391 multo
915 2366 982 2391 me
1013 2366 1261 2392 annumeres
1293 2366 1417 2403 quam
1450 2352 1560 2390 inter
1593 2352 1763 2402 quosuis
1796 2352 1901 2392 alios

307 2418 643 2468 opulentissimos
663 2418 867 2469 principes
886 2419 1036 2457 horum
1056 2419 1291 2458 dissimiles.

361 2483 476 2533 Vale,
491 2484 551 2522 mi
570 2484 751 2533 Erasme,
767 2486 809 2522 et
828 2485 1069 2535 loquacitati
1082 2487 1246 2523 nostrae
1264 2485 1428 2534 ignosce
1444 2497 1453 2531 ;
1481 2483 1607 2521 simul
1627 2497 1757 2533 quum
1775 2483 1901 2523 fuerit

276 2576 277 2579 =
310 2548 456 2598 ocium,
481 2549 666 2588 rescribe.
727 2550 931 2598 Quoniam
960 2550 1197 2589 existimaui
1225 2552 1265 2588 te
1299 2549 1411 2587 haud
1439 2548 1557 2586 facile
1589 2561 1730 2587 meum
1764 2549 1901 2588 chara·

230 2627 291 2650 120
311 2617 463 2652 cterem
482 2614 698 2664 lecturum,
721 2614 871 2654 idcirco
890 2628 990 2654 vsus
1009 2629 1103 2654 sum
1122 2614 1375 2653 amanuensi.

361 2680 548 2729 Louanii,
573 2677 720 2732 [Anno
743 2678 981 2733 M.D.XV111].

353 2792 406 2822 91.
430 2785 459 2812 F
475 2784 587 2820 Coro-2¹9.
603 2794 611 2813 z
636 2781 925 2822 ἐγκυκλωπαιδεὶαν
941 2785 980 2814 Ε.
1073 2782 1290 2813 absoluerim
1307 2784 1343 2813 F.
1459 2791 1528 2820 107.
1553 2782 1839 2812 consummatum
1857 2783 1899 2812 H.

315 2827 384 2856 116.
410 2828 466 2856 H:
490 2826 616 2856 malim
641 2835 698 2857 me
721 2836 938 2857 annumeres
961 2835 1070 2866 quam
1095 2826 1210 2856 multo
1229 2828 1267 2856 E.
1515 2835 1586 2855 121.
1612 2824 1776 2865 Louanii,
1793 2825 1900 2856 Anno

312 2877 478 2899 mnxvm
494 2872 568 2900 add.
585 2872 628 2901 H.

670 2965 725 2994 91.
751 2953 1053 2995 ἐγκυκλοπαιδείαν]
1080 2953 1132 2985 Of.
1151 2953 1271 2993 Quint.
1288 2956 1369 2984 Insf.
1391 2963 1417 2983 1.
1438 2962 1487 2984 10.
1511 2963 1538 2984 1.
