2034 3433
86 185 184 240 623]
571 185 724 226 FROM
761 186 993 226 THOMAS
1032 186 1185 225 MORE
1618 190 1669 227 47

86 290 275 329 volebam
298 292 370 329 aut
398 292 444 329 tu
472 289 647 329 debebas
672 290 884 339 acciperes.
944 290 1173 329 Videbatur
1198 291 1310 329 enim
1340 290 1672 330 commodissime

85 356 291 395 relaturus
320 355 370 395 ad
403 357 444 394 te
474 368 598 404 meas,
629 355 700 406 qui
730 357 823 394 tuas
853 355 903 394 ad
933 368 999 394 me
1026 356 1242 395 attulisset.
1303 355 1370 396 Sic
1401 369 1564 396 necesse
1592 356 1673 395 suit

87 421 293 470 prioribus
311 422 545 471 praesentes
559 420 716 469 addere,
732 421 881 471 quibus
894 423 1078 460 constare
1093 421 1169 460 tibi
1181 420 1393 460 dilationis
1407 422 1512 460 ratio
1527 421 1669 471 possit,

87 486 212 525 simul
230 485 293 525 vti
313 485 411 535 quid
432 498 542 525 nunc
560 488 705 536 agatur
724 486 831 536 apud
851 500 927 525 nos
946 486 1154 536 intelligas
1170 500 1179 525 ε
1210 487 1281 537 qui
1300 486 1336 525 si
1355 499 1539 537 vnquam
1557 487 1669 534 alias,

86 564 198 590 nunc
235 550 415 590 maxime
451 550 496 588 in
532 564 713 590 maerore
749 553 790 590 et
827 551 1009 601 periculo
1046 564 1270 600 versamur,
1308 551 1452 590 multis
1488 551 1672 602 vndique

84 615 368 664 morientibus,
391 615 586 654 omnibus
607 616 691 654 fere
712 617 785 667 qui
802 617 993 665 Oxoniae,
1008 617 1078 668 qui
1094 617 1390 667 Cantabrigiae,
1409 617 1480 667 qui
1492 617 1672 657 Londini

84 683 194 728 sunt,
229 681 339 720 intra
377 694 527 731 paucos
563 682 650 720 dies
686 681 1040 731 decumbentibus,
1077 683 1240 722 amissis
1276 682 1466 733 plurimis
1502 683 1673 733 optimis

83 748 206 797 atque
225 745 530 785 honestissimis
547 746 690 785 amicis
709 761 718 795 ;
746 749 867 796 atque
887 747 932 785 in
951 747 1016 786 his
1036 747 1158 798 (quod
1169 747 1247 786 tibi
1262 761 1424 798 quoque
1439 747 1569 786 dolori
1583 762 1671 788 esse

85 810 215 861 doleo)
243 811 411 850 Andrea
443 813 583 850 nostro
616 811 855 860 Ammonio,
893 812 938 849 in
969 826 1048 862 quo
1078 814 1119 851 et
1150 812 1293 852 literae
1326 815 1368 852 et
1401 826 1543 852 omnes
1573 813 1672 852 boni

84 889 278 927 magnam
297 877 427 915 fecere
445 877 654 915 iacturam.
715 876 759 915 Is
777 876 897 915 valde
918 876 996 915 sibi
1015 877 1232 916 videbatur
1251 878 1450 917 aduersus
1469 879 1672 929 contagio-

85 955 183 981 nem
203 941 337 981 victus
365 941 647 980 moderatione
675 942 889 990 munitus;
917 955 996 992 qua
1022 942 1179 981 factum
1206 943 1367 992 putauit
1396 945 1454 992 vt,
1476 957 1605 994 quum
1627 944 1671 983 in

86 1007 253 1046 nullum
271 1020 375 1057 pene
393 1006 593 1045 incideret
621 1007 739 1045 cuius
764 1019 850 1045 non
876 1008 964 1045 tota
988 1007 1148 1045 familia
1172 1007 1440 1058 laborauerat,
1461 1010 1672 1048 neminem

86 1072 220 1111 adhuc
248 1085 270 1111 e
298 1072 383 1111 suis
412 1072 454 1110 id
483 1071 641 1110 malum
669 1071 879 1122 attigerit:
927 1072 969 1110 id
1003 1072 1110 1122 quod
1138 1073 1225 1122 ipse
1253 1075 1294 1112 et
1321 1073 1428 1112 mihi
1457 1075 1498 1112 et
1525 1074 1672 1114 multis

84 1139 292 1187 praeterea
302 1136 471 1176 iactauit
490 1150 575 1175 non
594 1136 819 1175 admodum
839 1136 987 1175 multis
1005 1137 1120 1176 horis
1139 1139 1361 1188 antequam
1374 1139 1579 1179 extinctus
1593 1142 1667 1179 est.

84 1201 192 1241 Nam
211 1202 289 1240 hoc
308 1202 454 1240 sudore
472 1214 595 1240 nemo
616 1201 698 1240 nisi
716 1201 851 1251 primo
872 1201 937 1240 die
959 1202 1074 1252 perit.

138 1267 226 1317 Ego
243 1280 425 1317 vxorque
446 1279 492 1305 ac
517 1266 638 1305 liberi
667 1267 800 1306 adhuc
828 1267 986 1316 intacti,
1010 1267 1164 1318 reliqua
1190 1268 1347 1307 familia
1369 1270 1456 1308 tota
1480 1270 1671 1310 reualuit.

85 1332 176 1371 Hoc
194 1332 272 1371 tibi
290 1331 461 1376 affirmo,
480 1332 622 1370 minus
639 1331 813 1382 periculi
832 1332 877 1370 in
897 1332 980 1371 acie
1000 1345 1124 1382 quam
1139 1334 1184 1371 in
1198 1333 1299 1372 vrbe
1318 1346 1416 1372 esse.
1476 1334 1609 1379 Nunc,
1625 1337 1670 1374 vt

83 1397 214 1446 audio,
228 1397 364 1437 seuire
379 1397 507 1436 Caleti
520 1397 676 1448 incipit,
693 1411 822 1448 quum
835 1410 912 1436 nos
924 1411 970 1436 eo
982 1398 1240 1437 extrudimur
1250 1398 1454 1448 legatione
1466 1399 1652 1438 functuri
1660 1415 1669 1448 ;

82 1465 280 1514 tanquam
298 1475 445 1513 parum
464 1463 517 1501 sit
536 1462 581 1501 in
604 1463 846 1512 contagione
866 1462 1029 1512 vixisse,
1051 1463 1134 1502 nisi
1153 1476 1376 1514 sequamur
1395 1465 1529 1503 etiam.
1589 1466 1669 1504 Sed

44 1576 46 1580 ,
84 1527 184 1579 quid
203 1527 356 1567 facias?
413 1528 530 1577 Quod
549 1540 638 1566 sors
660 1527 774 1573 feret,
795 1527 1012 1566 ferendum
1036 1530 1107 1567 est.
1166 1528 1253 1579 Ego
1278 1529 1464 1568 animum
1490 1530 1595 1568 mihi
1624 1530 1669 1568 in

81 1605 249 1632 omnem
267 1594 466 1632 euentum
485 1593 711 1643 composui.
765 1593 827 1632 Tu
847 1593 950 1633 vale.

137 1659 303 1709 Raptim
323 1658 503 1697 Londini
528 1664 595 1706 19a
613 1658 807 1709 Augusti.
865 1655 1066 1710 [M.1>.xx.]

553 1788 650 1829 624.
712 1787 843 1828 FROM
874 1787 999 1828 JOHN
1032 1788 1205 1830 SIXTIN.

129 1878 314 1914 Deventer
331 1877 407 1914 MS.
428 1888 485 1924 91,
503 1878 528 1915 f.
552 1880 625 1924 183.
1325 1878 1541 1926 (London.)

130 1936 199 1972 LB.
219 1936 314 1982 App.
338 1938 413 1973 161.
1247 1947 1289 1983 19
1305 1937 1448 1983 August
1466 1936 1619 1984 (1517).

577 2001 874 2042 [Contemporary
890 2001 979 2032 with
997 2000 1059 2040 Ep.
1076 2000 1171 2042 623.]

461 2098 658 2128 IOANNES
689 2098 902 2129 SIXTINVS
933 2098 1113 2128 ERASMO
1143 2099 1226 2128 SVO
1256 2100 1290 2131 S.

137 2180 370 2228 QVANQVAM
390 2178 472 2218 scio
491 2179 709 2229 lugubrem
733 2179 813 2217 tibi
839 2179 1039 2217 nuncium
1066 2178 1291 2218 allaturum
1318 2193 1384 2218 me
1410 2192 1508 2228 esse,
1531 2181 1671 2218 tamen

85 2245 193 2296 quod
207 2243 444 2283 existimaui
459 2244 657 2283 interesse
667 2245 739 2282 tua
751 2243 864 2292 scire,
882 2243 1145 2282 scribendum
1157 2244 1313 2293 putaui.
1366 2243 1503 2283 Hodie
1515 2244 1672 2283 amicus

84 2312 225 2348 noster
242 2309 430 2348 Andreas
454 2309 706 2347 Ammonius
730 2308 918 2357 sepultus
941 2310 1013 2356 est,
1042 2308 1205 2347 sudaria
1231 2311 1353 2358 peste,
1382 2322 1462 2358 qua
1486 2309 1670 2359 plerique

127 2427 202 2458 623.
229 2435 278 2465 15.
302 2427 377 2467 ipse
404 2437 463 2458 om.
491 2429 528 2458 Ε.
697 2427 746 2457 16.
782 2428 836 2456 est
861 2428 934 2456 add.
963 2427 1000 2456 E.
1174 2435 1222 2466 19.
1258 2436 1366 2466 quam
1392 2429 1442 2458 E:
1476 2427 1571 2466 quod
1598 2429 1666 2458 MS.

86 2482 137 2511 24.
163 2479 282 2502 maxx
298 2472 370 2501 add.
390 2473 432 2501 H.

128 2558 240 2589 6238.
266 2557 443 2598 Oxoniae]
467 2558 500 2588 A
515 2557 621 2588 letter
640 2556 732 2587 from
749 2555 840 2586 Lon·
952 2566 1005 2587 20.
1030 2554 1160 2595 Caleti]
1188 2555 1344 2596 Perhaps
1369 2567 1390 2587 a
1417 2555 1503 2587 false
1530 2559 1670 2597 report3

86 2601 169 2641 don,
181 2602 203 2632 6
214 2601 304 2640 Aug.
322 2609 403 2639 1517
419 2600 562 2640 (Brown
575 2601 612 2631 ii.
626 2599 705 2641 945)
717 2599 842 2639 speaks
907 2600 1009 2630 there
1024 2599 1055 2630 is
1077 2609 1122 2629 no
1139 2600 1300 2630 mention
1317 2599 1355 2630 of
1374 2599 1435 2630 the
1451 2599 1609 2631 sickness
1630 2601 1670 2631 in

86 2645 125 2676 of
132 2655 198 2683 400
212 2644 379 2675 students
394 2643 505 2684 dying
520 2646 556 2675 at
567 2643 699 2675 Oxford
709 2643 842 2674 within
908 2643 1031 2674 letters
1079 2643 1169 2673 from
1219 2642 1335 2674 Calais
1381 2644 1417 2674 at
1465 2643 1540 2674 this
1578 2644 1668 2674 time

86 2698 107 2718 a
139 2688 249 2719 week.
292 2687 416 2727 Wood,
447 2690 586 2728 Annals,
617 2688 725 2718 states
762 2686 844 2717 that
910 2687 1068 2726 (Brewer
1087 2686 1124 2716 ii.
1142 2686 1238 2726 3610,
1259 2686 1372 2726 3639).

86 2732 178 2762 most
204 2731 242 2762 of
264 2731 326 2761 the
353 2731 528 2762 members
555 2730 594 2762 of
619 2730 742 2761 Foxe’s
764 2739 845 2760 new
998 2729 1188 2769 legatione]
1205 2729 1253 2759 To
1275 2739 1437 2769 compose
1461 2729 1670 2760 differences

86 2774 228 2814 college,
238 2773 372 2814 Corpus
383 2774 529 2814 Christi,
538 2784 630 2805 were
641 2772 846 2813 frightened
910 2774 1069 2803 between
1107 2772 1256 2812 English
1294 2773 1364 2803 and
1403 2773 1542 2804 French
1579 2783 1670 2804 mer-

87 2827 188 2856 away
202 2818 250 2856 by
259 2817 322 2848 the
337 2817 461 2858 plague
477 2818 550 2849 and
565 2817 628 2848 did
642 2819 706 2848 not
720 2818 845 2847 return
913 2816 1052 2847 chants.
1091 2815 1214 2847 More’s
1230 2817 1459 2847 commission
1475 2826 1548 2847 was
1564 2816 1670 2847 dated

86 2861 147 2892 till
165 2861 258 2900 1518.
913 2861 955 2889 26
985 2859 1073 2899 Aug.
1121 2859 1179 2890 He
1203 2869 1275 2890 was
1304 2860 1381 2890 still
1411 2861 1447 2890 at
1477 2859 1594 2890 Calais
1624 2869 1670 2890 on

176 2903 441 2943 Cantabrigiae]
471 2904 583 2935 There
614 2904 645 2934 is
678 2913 725 2934 no
747 2913 845 2934 men·
913 2913 956 2933 20
971 2902 1072 2942 Nor„
1092 2902 1164 2942 but,
1183 2902 1274 2934 after
1289 2913 1309 2933 a
1326 2903 1411 2933 visit
1427 2905 1463 2933 to
1480 2903 1614 2943 Bruges
1630 2904 1669 2933 in

87 2948 165 2979 tion
183 2947 220 2978 of
231 2947 358 2987 plague
373 2949 409 2978 at
425 2947 635 2987 Cambridge
651 2947 691 2978 in
709 2956 790 2986 1517
807 2947 846 2977 in
914 2947 995 2977 Dec.
1013 2948 1049 2976 to
1066 2948 1159 2976 meet
1175 2946 1262 2976 Pace
1287 2946 1389 2986 (Epp.
1407 2947 1540 2986 740-2),
1559 2946 1603 2976 he
1619 2957 1671 2977 re-

88 2990 125 3022 C.
154 2991 200 3022 H.
237 2989 399 3030 Cooper’s
428 2993 553 3021 Annals
564 3001 573 3030 ;
609 2991 674 3022 but
705 2991 747 3022 cf.
779 2991 842 3030 Ep.
912 2988 1045 3020 turned
1075 2990 1179 3020 about
1209 2989 1407 3021 Christmas
1442 2989 1602 3031 (Brewer
1632 2990 1671 3020 ii.

90 3043 161 3074 777·
179 3043 206 3065 1·
913 3034 1009 3074 3634,
1028 3033 1123 3073 3803,
1142 3033 1234 3073 App·
1254 3043 1290 3072 17
1307 3044 1314 3072 ;
1338 3033 1381 3064 cf·
1399 3033 1461 3073 Ep·
1479 3034 1550 3072 763-
1570 3033 1616 3074 4>-

1689 439 1706 469 5

1690 764 1730 785 10

1692 1090 1729 1120 15

1691 1415 1729 1437 20
