2034 3433
246 135 326 173 328
707 132 958 173 LETTERS
998 132 1068 171 OF
1108 131 1375 171 ERASMUS
1720 131 1842 185 [1518

245 240 416 278 milibus
436 251 568 278 vnum
588 236 767 286 exempli
787 236 922 285 gratia
940 236 1159 284 proferam.
1220 235 1339 283 Quod
1358 235 1395 273 si
1419 248 1504 273 non
1530 235 1625 275 licet
1650 237 1845 277 similitu—

245 306 385 344 dinem
410 304 593 343 conferre
619 315 722 352 quae
748 314 834 339 non
861 301 915 338 sit
936 301 980 338 in
1000 301 1125 339 sacris
1144 301 1288 346 literis,
1312 300 1412 350 quid
1431 300 1632 340 faciemus
1652 303 1846 343 omnibus

243 371 390 420 priscis
420 369 670 416 orthodoxis,
703 367 776 417 qui
806 367 1049 405 innumeras
1078 367 1292 406 adducunt
1320 380 1451 405 nouas
1479 367 1653 406 docendi
1681 369 1848 417 gratia?

160 449 221 482 595
244 435 386 486 Neque
420 435 639 484 quisquam
665 432 817 470 clamat
844 432 888 469 in
916 445 1019 481 opus
1047 431 1263 470 cuiusdam
1291 432 1591 471 Praedicatoris
1622 433 1847 473 insulsissi-

242 513 371 549 mum,
405 499 514 549 quod
541 511 687 536 omnes
710 497 936 536 Ouidianas
955 496 1116 536 fabulas
1135 497 1187 536 ad
1208 496 1425 535 Christum
1444 498 1738 546 accommodat,
1761 499 1848 537 imo

243 567 469 615 detorquet.
529 564 583 602 In
610 577 677 602 me
704 563 923 611 blaterant,
953 563 1023 614 qui
1047 562 1210 602 Silenos
1229 562 1475 601 detorserim
1493 563 1545 601 ad
1570 562 1787 602 Christum
1807 567 1849 603 et

241 630 477 681 Apostolos,
499 629 623 679 paulo
643 629 827 668 sanctius
847 641 973 678 quam
994 628 1075 678 ipsi
1095 641 1231 667 sacras
1251 630 1431 667 tractant
1449 628 1603 668 literas.

296 700 359 744 87.
393 695 510 744 Quod
540 696 680 734 autem
710 694 923 744 piaculum
954 694 990 733 si
1021 694 1247 733 stultitiam
1278 695 1367 732 Deo
1395 695 1468 732 aut
1498 693 1665 734 Christo
1694 695 1845 743 tribuo,

158 767 222 798 600
240 763 350 812 quod
369 763 465 800 ante
485 774 550 799 me
569 760 667 799 fecit
687 760 855 807 Paulus,
879 762 920 798 et
939 762 1033 810 post
1053 760 1165 798 hunc
1187 773 1271 798 non
1291 773 1374 798 vno
1390 761 1434 798 in
1450 760 1538 798 loco
1554 760 1817 811 Augustinus
1829 761 1850 799 ‘?

239 829 310 866 An
326 840 377 865 ne
392 826 514 865 Pauli
530 827 700 877 quidem
716 826 852 864 verbis
867 826 930 865 vti
945 825 1086 865 licebit
1099 827 1119 865 Ῥ
1166 826 1343 864 Vtinam
1363 838 1456 864 eam
1475 825 1704 865 stultitiam
1724 839 1849 877 quam

239 893 405 932 Christo
449 894 491 931 et
530 891 746 942 Apostolis
784 891 1022 939 tribuimus,
1070 892 1224 931 nostris
1266 891 1469 942 episcopis
1517 891 1712 930 omnibus
1754 905 1850 931 vere

240 958 422 996 tribuere
441 957 582 996 liceret
598 959 607 996 ἔ

294 1025 356 1061 88.
391 1022 469 1061 Sed
490 1022 558 1061 hic
577 1022 641 1061 fac
661 1023 718 1061 sis
738 1023 923 1061 attentus
940 1036 949 1060 ε
978 1022 1143 1060 inuenit
1163 1022 1289 1060 homo
1310 1034 1391 1071 quo
1406 1035 1474 1060 me
1488 1035 1655 1071 prorsus
1673 1022 1845 1072 iugulet.

158 1095 220 1137 605
239 1089 457 1137 Quoniam,
480 1092 527 1127 vt
555 1089 745 1127 docerem
774 1088 982 1138 quomodo
1004 1088 1200 1127 Christus
1229 1100 1320 1133 sese
1348 1087 1399 1125 ad
1424 1089 1610 1127 nostram
1635 1087 1850 1127 imbecilli·

239 1157 369 1193 tatem
399 1154 641 1203 demisisset,
664 1154 910 1204 scripseram
931 1154 975 1192 in
995 1153 1161 1193 Christo
1183 1153 1385 1203 quiddam
1405 1153 1626 1192 infirmum
1654 1154 1782 1193 fuisse
1810 1157 1850 1193 et

239 1220 392 1259 nostris
423 1220 629 1258 tributum
660 1219 888 1266 affectibus,
922 1218 1169 1258 stultissime
1201 1218 1386 1258 somniat
1416 1232 1484 1257 me
1517 1219 1850 1269 perturbationes

239 1285 372 1324 animi
403 1285 576 1324 vitiosas
612 1285 794 1323 tribuere
823 1285 1000 1323 Christo.
1071 1285 1208 1335 Atque
1242 1284 1309 1322 hic
1348 1297 1422 1323 ceu
1449 1284 1583 1323 victor
1611 1284 1849 1324 ouationem

238 1351 336 1401 agit,
367 1350 586 1389 clamitans
610 1350 787 1389 subinde
813 1363 881 1389 me
906 1350 1116 1389 maculam
1143 1351 1214 1389 aut
1241 1363 1388 1400 rugam
1414 1364 1568 1400 ponere
1592 1351 1638 1388 in
1659 1350 1849 1390 Christo:

159 1425 223 1456 610
239 1418 435 1467 totusque
455 1416 523 1455 hic
542 1416 728 1455 hominis
748 1429 884 1455 sermo
905 1418 1066 1465 praeter
1084 1415 1269 1454 maculas
1287 1428 1334 1454 ac
1355 1429 1478 1465 rugas
1497 1416 1606 1454 nihil
1621 1419 1771 1466 crepat.

297 1484 358 1530 89.
392 1481 551 1520 Deinde
571 1494 666 1520 cum
685 1494 734 1519 ex
762 1481 923 1520 Thoma
950 1481 1156 1520 docuisset
1181 1480 1313 1519 animi
1340 1484 1482 1519 motus
1507 1494 1624 1521 secus
1649 1481 1778 1521 fuisse
1804 1481 1849 1520 in

241 1546 423 1594 Christo,
456 1559 573 1585 secus
604 1547 649 1585 in
682 1547 910 1597 Apostolis,
948 1546 1006 1584 sic
1047 1549 1249 1594 ἐπιφωνεῖε
1313 1547 1322 1563 ⁴
1337 1545 1382 1584 Si
1420 1546 1621 1585 Erasmus
1659 1547 1849 1586 sciuisset

241 1611 556 1650 distinctionem
575 1611 817 1660 passionum
840 1611 998 1650 Christi
1017 1613 1058 1650 et
1077 1611 1386 1661 Apostolorum,
1411 1610 1457 1648 in
1473 1610 1579 1649 hanc
1595 1611 1848 1651 sententiam

241 1689 325 1715 non
345 1676 606 1715 deuenisset.'
675 1676 800 1725 Quasi
820 1690 905 1715 non
925 1679 1021 1714 ante
1043 1689 1174 1715 annos
1189 1676 1320 1714 ferme
1336 1675 1490 1725 viginti
1505 1676 1694 1726 pluribus
1709 1676 1849 1715 verbis

160 1753 221 1794 615
242 1743 285 1780 id
322 1742 572 1792 explicarim,
609 1742 828 1792 disputans
865 1755 961 1780 cum
995 1742 1164 1790 Colet03
1207 1744 1278 1780 aut
1312 1741 1430 1791 quasi
1463 1742 1540 1780 hoc
1574 1755 1624 1780 ex
1657 1755 1723 1781 me
1763 1755 1847 1781 11011

240 1809 449 1858 potuerim
468 1808 583 1855 scire,
607 1808 773 1847 etiamsi
793 1822 878 1847 non
897 1809 1105 1847 docuisset
1126 1807 1309 1846 Thomas
1325 1809 1333 1846 1

295 1886 357 1921 90.
390 1873 536 1923 Pergit
561 1876 604 1912 et
631 1874 737 1912 illud
767 1874 966 1922 arrodere,
999 1874 1108 1924 quod
1137 1872 1333 1912 ecstasim
1361 1873 1539 1923 piorum,
1572 1886 1695 1924 quem
1724 1873 1847 1913 Plato

241 1952 403 1978 sacrum
429 1939 612 1978 furorem
641 1939 833 1989 appellat,
863 1939 1102 1989 scripserim
1136 1939 1327 1988 ‘gustum
1355 1939 1564 1989 quendam
1591 1951 1682 1977 esse
1709 1938 1848 1977 future

240 2004 512 2043 beatitudinis
531 2018 611 2054 qua
634 2004 954 2043 absorbebimur
972 2004 1019 2042 in
1039 2005 1185 2052 Deum,
1210 2004 1254 2042 111
1275 2004 1345 2042 1110
1366 2005 1499 2054 magis
1518 2017 1644 2054 quam
1663 2004 1707 2042 in
1727 2004 1849 2044 nobis

159 2082 224 2113 620
240 2071 371 2109 futuri
386 2071 405 2110 '.
464 2072 604 2121 Atque
620 2072 688 2110 hic
703 2072 841 2110 nescio
857 2085 961 2121 quos
977 2071 1233 2121 Turlupinos
1253 2083 1298 2109 ac
1314 2071 1526 2120 Begardos
1545 2070 1666 2108 nobis
1679 2070 1845 2120 ingerit,

240 2136 311 2186 qui
327 2136 541 2175 docuerint
557 2137 742 2175 animam
758 2136 968 2175 absorberi
982 2136 1033 2175 ab
1050 2136 1283 2184 diuinitate,
1301 2136 1654 2186 quemadmodum
1670 2136 1849 2175 minima

239 2215 368 2252 aquae
400 2202 565 2251 guttula
594 2202 723 2241 missa
755 2202 799 2240 in
831 2202 992 2240 dolium
1025 2201 1116 2241 vini
1145 2201 1392 2240 absorbetur
1424 2214 1448 2240 a
1478 2201 1601 2240 vino:
1639 2201 1741 2239 item
1775 2202 1846 2251 qui

889 2307 962 2336 622.
990 2305 1052 2345 qui
1069 2307 1143 2336 add.
1159 2307 1194 2335 F.

284 2390 359 2428 596.
391 2388 588 2420 Ouidianas
611 2387 766 2428 fabulas]
785 2388 938 2419 Thomas
962 2388 1006 2418 de

240 2432 398 2472 VValleys
411 2432 539 2472 (xivNJ,
551 2442 598 2463 an
612 2431 762 2471 English
777 2431 1003 2471 Dominican‚

241 2476 312 2506 had
329 2476 515 2515 composed
531 2485 551 2506 a
569 2478 577 2493 ‘
591 2475 841 2506 moralization
852 2476 860 2487 '
885 2476 923 2506 of
943 2475 1007 2505 the

240 2522 505 2560 Metamorphoses,
539 2520 617 2550 first
643 2519 789 2559 printed
821 2520 860 2549 in
892 2518 1005 2558 Paris,

239 2562 272 2594 J.
305 2563 451 2602 Badius,
488 2572 526 2602 15
556 2563 644 2602 July
678 2572 783 2602 15093
815 2564 852 2593 to
884 2562 1007 2592 which

240 2607 391 2638 another
407 2607 635 2645 Dominican,
655 2606 760 2637 Peter
776 2606 950 2637 Lavinius
974 2606 1012 2636 of

241 2649 407 2691 Langres,
429 2651 545 2681 added
562 2660 582 2681 a
600 2650 849 2690 ‘tropological
866 2659 1009 2680 enarra·

240 2693 339 2724 tion⁷
358 2694 397 2724 in
421 2704 466 2724 an
486 2694 635 2735 edition,
655 2694 786 2734 Lyons,
807 2693 843 2725 C.
863 2693 1005 2732 Davost,

245 2746 337 2775 1510.

283 2790 359 2819 599.
385 2780 595 2822 stultitiam]
614 2781 665 2812 Cf.
685 2781 748 2821 Ep.
767 2790 842 2820 337.
857 2790 917 2820 471
937 2790 1007 2820 seq.

284 2826 358 2855 600.
386 2825 537 2865 Paulus]
555 2825 605 2856 Cf.
627 2825 689 2864 Ep.
707 2834 783 2863 337.
801 2826 909 2864 496,7.

284 2868 361 2899 606.
387 2868 615 2908 scripseram]
636 2868 682 2899 In
706 2869 767 2898 the
787 2870 1006 2905 Disputatizm-

241 2912 308 2939 cula
336 2911 413 2950 (Ep.
442 2912 502 2942 108
527 2912 700 2952 introd.);
726 2911 795 2942 LB.
821 2922 853 2942 v.
881 2921 963 2951 1270
974 2921 1004 2951 B,

246 2954 327 2983 1288
342 2963 395 2984 AB.

286 2998 361 3036 609.
388 2997 583 3039 maculam]
602 2998 653 3030 Cf.
674 2998 765 3038 Eph.
784 3008 815 3038 5.
833 3008 885 3037 27.

1117 2389 1193 2425 615.
1219 2386 1423 2427 disputans]
1438 2386 1524 2418 ibid.
1543 2398 1550 2425 3
1575 2386 1643 2419 LB.
1661 2397 1695 2418 v.
1716 2387 1794 2417 1281
1809 2397 1843 2417 A.

1118 2432 1194 2462 618.
1218 2430 1440 2472 scripserim]
1458 2430 1523 2470 Ep.
1539 2439 1613 2470 337.
1630 2431 1771 2470 489-91.

1117 2476 1196 2506 620.
1219 2474 1451 2514 Turlupinos]
1483 2475 1516 2504 A
1546 2474 1742 2505 heterodox
1769 2478 1843 2505 sect

1076 2518 1198 2549 which
1230 2518 1431 2557 originated
1461 2518 1501 2548 in
1532 2519 1618 2549 xivc.
1651 2518 1736 2558 and,
1768 2517 1842 2549 like

1077 2563 1139 2592 the
1156 2562 1348 2600 Regii-dms,
1365 2561 1493 2592 caused
1510 2561 1676 2600 frequent
1693 2562 1844 2601 anxiety

1076 2608 1113 2636 to
1130 2605 1193 2636 the
1209 2605 1355 2635 Church
1374 2616 1381 2635 z
1404 2615 1461 2636 see
1480 2605 1618 2645 Herzog
1633 2614 1690 2636 xx.
1714 2606 1788 2644 164.

1164 2648 1359 2689 Begardos]
1389 2649 1447 2679 An
1478 2648 1582 2679 order
1609 2648 1767 2680 founded
1794 2649 1842 2689 by

1077 2692 1244 2723 Lambert
1261 2692 1295 2722 10
1312 2692 1434 2732 Beghe
1452 2692 1593 2731 (†1187x
1615 2692 1653 2722 of
1670 2692 1786 2733 Liege,
1805 2695 1842 2723 at

1076 2736 1154 2766 first
1186 2736 1240 2766 for
1271 2745 1413 2766 women
1454 2736 1674 2776 (Bag-mines),
1706 2736 1771 2766 but
1801 2737 1842 2767 in

1075 2780 1165 2810 xiiic.
1179 2779 1305 2819 joined
1321 2780 1365 2819 by
1382 2789 1465 2810 men
1484 2779 1712 2819 (Beghards).
1737 2780 1841 2810 From

1075 2823 1172 2853 their
1195 2823 1348 2862 original
1372 2833 1525 2863 purpose
1547 2824 1586 2854 of
1612 2823 1700 2863 good
1723 2823 1842 2854 works

1076 2876 1173 2897 some
1194 2866 1233 2896 of
1254 2867 1353 2897 them
1376 2866 1571 2906 developed
1592 2867 1668 2897 into
1691 2866 1841 2906 panthe—

1075 2910 1158 2941 istic
1179 2911 1442 2949 communities,
1459 2911 1579 2941 whose
1603 2910 1765 2950 vagaries
1785 2910 1842 2940 in-

1074 2953 1173 2984 vited
1223 2955 1387 2984 constant
1432 2954 1633 2993 repression
1683 2951 1749 2992 by'
1777 2952 1840 2983 the

1076 2997 1323 3037 Inquisition:
1347 3007 1404 3028 see
1428 2997 1567 3037 Herzog
1590 2997 1628 3029 ii.
1655 2997 1793 3035 516-26.
