2034 3433
109 186 206 266 9ᾇ8]
546 216 614 255 ΤΟ
653 216 838 255 PETER
875 216 1249 257 MOSELLANUS
1609 218 1690 255 547

109 319 260 358 Graeca
286 320 555 370 profiteretur,
577 320 776 359 barbarus
802 321 1007 370 quispiam
1033 321 1078 359 in
1104 321 1291 371 populari
1317 321 1510 360 concione
1533 321 1696 370 magnis

108 386 150 423 et
174 385 379 424 atrocibus
407 385 603 424 conuiciis
629 385 869 424 debacchari
892 386 1022 435 coepit
1040 387 1084 425 in
1109 386 1284 425 Graecas
1308 386 1456 425 literas.
1515 386 1574 424 At
1594 386 1691 434 Rex,

107 451 155 488 vt
186 463 271 489 non
303 450 496 490 indoctus
529 452 628 501 ipse,
663 451 721 489 ita
758 451 879 490 bonis
917 450 1048 489 literis
1085 451 1238 499 fauens,
1272 451 1342 501 qui
1380 453 1471 490 tum
1509 450 1615 489 forte
1651 451 1696 489 in

107 515 337 566 propinquo
374 517 471 564 erat,
504 529 546 554 re
574 529 648 565 per
680 515 843 554 Morum
874 518 914 554 et
943 515 1122 554 Paceum
1151 516 1324 565 cognita,
1358 515 1624 554 denunciauit
1650 518 1697 554 vt

111 580 298 620 volentes
328 594 373 619 ac
400 580 591 619 lubentes
616 580 906 620 Graecanicam
931 581 1190 620 literaturam
1214 581 1571 630 amplecterentur.
1630 580 1698 619 Ita

111 645 266 684 rabulis
302 645 387 684 illis
424 645 668 695 impositum
702 647 764 684 est
793 646 1019 684 silentium.
1078 647 1218 695 Atque
1250 646 1411 684 vtinam
1444 646 1565 684 nobis
1601 646 1697 684 talis

112 710 318 760 quispiam
355 710 556 761 Princeps
593 713 700 750 esset
731 713 800 750 aut
838 711 1044 761 Principis
1077 711 1189 750 vice!
1219 711 1382 761 longius
1413 710 1526 749 enim
1559 712 1698 749 noster

111 788 135 814 a
154 775 273 814 nobis
295 778 370 815 est.
426 776 509 815 Vos
536 776 773 825 foeliciores,
797 777 832 815 si
851 777 973 815 modo
993 789 1089 815 vera
1113 778 1212 815 sunt
1231 789 1332 826 quae
1351 779 1446 815 ante
1466 776 1697 825 complures

108 853 240 880 annos
258 840 364 879 mihi
383 842 482 879 sunt
501 840 550 879 de
570 841 683 880 Duce
705 842 879 892 Georgio
898 842 1136 891 praedicata.

164 906 316 956 Accipe
335 908 375 944 et
394 906 567 944 alteram
587 906 683 944 huic
703 906 885 945 similem
901 907 1106 946 fabellam.
1153 906 1385 957 Theologus
1405 906 1585 957 quidam,
1602 918 1695 944 cum

111 970 156 1010 in
175 971 269 1009 aula
288 971 594 1010 concionaretur
616 972 724 1022 apud
752 972 929 1011 eundem
955 972 1123 1021 Regem,
1148 972 1281 1022 coepit
1300 973 1345 1010 in
1366 972 1536 1010 Graecas
1558 971 1696 1009 literas

110 1037 153 1074 et
172 1049 301 1075 nouos
327 1036 572 1086 interpretes
597 1050 680 1075 non
707 1037 846 1076 minus
872 1037 1132 1087 impudenter
1155 1051 1278 1087 quam
1300 1037 1448 1076 stolide
1467 1035 1693 1075 debachari.

112 1101 268 1140 Paceus
292 1101 338 1139 111
365 1101 522 1151 Regem
551 1101 726 1140 coniecit
749 1103 897 1150 oculos,
920 1102 1143 1141 obseruans
1162 1116 1242 1152 quo
1264 1103 1384 1141 vultu
1411 1101 1488 1139 1100
1513 1101 1694 1139 audiret:

111 1166 147 1204 is
177 1179 275 1205 mox
305 1165 438 1204 Paceo
468 1167 653 1205 suauiter
680 1167 829 1206 arrisit.
888 1167 1059 1206 Peracta
1084 1167 1277 1206 concione
1303 1167 1440 1206 iussus
1468 1168 1529 1205 est
1557 1166 1699 1204 adesse

111 1230 351 1281 theologus3
393 1231 535 1270 datum
567 1234 630 1270 est
665 1231 779 1270 Moro
810 1232 1027 1282 negotium
1061 1233 1108 1270 vt
1139 1232 1337 1271 aduersus
1370 1232 1481 1270 hunc
1514 1232 1700 1269 tueretur

113 1297 288 1336 Graecas
306 1296 459 1335 literas.
510 1296 598 1334 Rex
619 1297 657 1335 ei
676 1297 945 1347 disputationi
958 1296 1093 1335 voluit
1112 1297 1331 1336 interesse:
1360 1296 1429 1336 vbi
1445 1309 1538 1334 cum
1558 1296 1699 1334 Morus

113 1361 247 1400 multa
264 1361 556 1400 facundissime
577 1361 759 1409 dixisset,
782 1361 948 1412 iamque
967 1361 1149 1411 theologi
1168 1361 1380 1411 responsio
1408 1362 1696 1412 expectaretur,

113 1427 149 1465 is
167 1426 283 1465 flexis
301 1426 529 1476 poplitibus
546 1427 652 1465 nihil
671 1427 784 1466 aliud
805 1440 928 1477 quam
942 1427 1107 1466 veniam
1124 1426 1359 1477 deprecatus
1377 1429 1438 1465 est
1455 1440 1464 1474 3
1487 1426 1545 1465 sic
1560 1427 1699 1464 tamen

113 1493 342 1530 extenuans
355 1491 584 1530 admissum
599 1494 646 1530 vt
662 1492 813 1530 diceret
828 1505 870 1530 se
886 1492 996 1530 inter
1011 1491 1341 1530 concionandum
1356 1491 1503 1542 spiritu
1519 1490 1700 1540 quodam

113 1556 297 1595 afflatum
311 1556 387 1594 1100
407 1556 451 1594 111
471 1556 659 1606 linguam
676 1557 872 1596 Graecam
887 1556 1091 1595 effudisse.
1136 1558 1244 1595 Tum
1260 1557 1346 1595 Rex
1369 1555 1523 1606 ‘Atqui
1537 1555 1545 1570 ’
1564 1554 1700 1605 inquit

116 1625 124 1641 ‘
137 1621 308 1671 spiritus
328 1622 405 1659 iste
421 1634 504 1659 non
523 1623 611 1659 erat
627 1621 781 1660 Christi
800 1621 869 1660 sed
890 1621 1092 1660 stultitiae
1105 1622 1127 1660 ’.
1171 1611 1328 1660 Deinde
1343 1623 1458 1672 rogat
1479 1633 1580 1659 num
1602 1619 1700 1670 quid

113 1687 280 1737 legisset
308 1685 568 1725 Erasmicum
587 1700 596 1724 :
626 1699 758 1737 neque
785 1686 897 1725 enim
921 1686 1047 1725 latuit
1074 1686 1227 1737 Regem
1247 1687 1353 1737 quod
1372 1686 1418 1724 in
1438 1699 1505 1724 me
1527 1686 1701 1724 torserat

112 1752 322 1802 quaedam.
382 1750 515 1802 Negat
542 1751 701 1801 legisse.
764 1752 847 1790 ‘At
874 1751 976 1790 isto'
1004 1751 1140 1802 inquit
1165 1753 1429 1802 ‘argumento
1454 1750 1634 1789 declaras
1660 1752 1700 1788 te

112 1817 250 1868 palam
265 1829 353 1856 esse
367 1816 542 1864 fatuum,
559 1816 631 1866 qui
644 1816 816 1855 damnes
831 1816 939 1867 quod
954 1830 1037 1855 non
1050 1817 1222 1867 legeris.’
1262 1816 1347 1855 Sub
1361 1816 1460 1854 haec
1475 1815 1698 1865 theologus,

117 1882 261 1932 ‘Legi'
289 1882 429 1932 inquit
460 1883 571 1920 ‘rem
610 1882 828 1932 quandam,
869 1895 969 1931 quae
1007 1884 1177 1920 vocatur
1212 1881 1369 1920 Moria.'
1425 1880 1508 1919 Hic
1546 1880 1702 1918 Paeeus

114 1947 396 1998 interloquens
419 1947 555 1985 ‘Hoc'
574 1947 632 1986 ait
654 1948 982 1997 ‘argumentum,
1005 1946 1263 1986 serenissime
1282 1947 1379 1994 Rex,
1402 1945 1498 1984 huic
1521 1945 1701 1983 maxime

115 2012 304 2063 congruit
318 2013 338 2052 ⁹.
396 2013 584 2062 Denique
610 2013 870 2051 commentus
889 2014 952 2050 est
972 2011 1206 2061 Theologus
1229 2013 1269 2049 et
1296 2011 1406 2049 aliud
1434 2009 1702 2060 enthymema

116 2091 196 2128 quo
233 2077 382 2116 leniret
418 2077 586 2116 factum.
652 2076 842 2116 ‘Graecis
857 2077 866 2092 ⁹
903 2076 1041 2126 inquit
1082 2075 1237 2114 ‘literis
1279 2088 1363 2114 non
1404 2074 1570 2124 perinde
1608 2087 1701 2112 sum

115 2143 313 2190 infensus,
329 2141 437 2192 quod
452 2141 656 2191 originem
670 2141 850 2181 habeant
868 2154 919 2180 ex
937 2141 1080 2190 lingua
1100 2140 1331 2180 Hebraica.'
1374 2140 1461 2178 Rex
1476 2138 1702 2178 admiratus

116 2207 325 2257 insignem
348 2206 532 2246 hominis
558 2206 784 2245 stulticiam
810 2207 930 2246 iussit
956 2206 1088 2245 abire:
1119 2206 1190 2244 sed
1219 2205 1291 2244 hac
1315 2205 1414 2255 lege,
1438 2218 1489 2243 ne
1516 2217 1701 2254 vnquam

116 2272 269 2312 rediret
288 2271 334 2310 in
353 2271 447 2310 aula
466 2271 796 2311 concionaturus.

171 2337 264 2376 Non
301 2336 408 2375 mihi
443 2338 628 2386 tempero
668 2336 768 2386 quin
804 2338 843 2374 et
876 2335 980 2374 illud
1018 2335 1240 2374 admodum
1278 2334 1503 2373 ridiculum
1539 2333 1700 2373 addam.

118 2403 345 2453 Episcopus
382 2400 553 2451 quidam
591 2400 748 2439 ordinis
780 2400 1126 2448 Praedicatorum,
1161 2400 1229 2450 qui
1263 2400 1441 2451 Reginae
1469 2400 1531 2438 est
1559 2412 1583 2437 a
1610 2410 1703 2436 con-

164 2533 235 2563 194.
258 2524 312 2553 cst
334 2524 407 2553 add.
433 2524 471 2552 Ε.
610 2522 728 2561 Atque
751 2521 891 2552 vtinam
914 2544 922 2552 .
951 2546 958 2552 .
983 2545 989 2552 .
1021 2531 1092 2560 197.
1117 2520 1319 2560 praedicata
1338 2524 1407 2557 post
1429 2519 1702 2550 concionaturus

120 2567 164 2608 (1.
187 2566 264 2607 219)
285 2568 373 2603 ponit
394 2568 423 2596 E
446 2566 534 2606 (195.
562 2565 702 2605 longius
725 2588 733 2596 .
762 2590 768 2595 .
795 2589 801 2596 .
827 2566 898 2604 196.
925 2567 978 2596 est
1001 2575 1058 2596 cm.
1075 2564 1130 2604 E).
1285 2573 1358 2595 201.
1391 2564 1456 2594 hoc
1479 2573 1522 2593 a:
1553 2562 1638 2593 haec
1661 2564 1701 2592 Ε.

121 2621 194 2648 204.
219 2619 299 2640 cum
316 2619 373 2640 om.
392 2612 429 2640 E.

165 2731 235 2761 195.
260 2720 416 2761 longius]
449 2719 535 2750 This
571 2719 723 2759 remark,
756 2718 877 2749 which

119 2765 184 2796 has
208 2774 228 2795 a
255 2765 339 2794 note
362 2763 400 2794 of
428 2761 663 2803 disap'proval,
693 2771 765 2793 was
797 2772 877 2801 sup-

119 2807 260 2849 pressed
272 2808 320 2846 by
329 2807 498 2837 Erasmus
511 2818 518 2845 ;
535 2807 598 2837 but
609 2805 653 2836 cf.
667 2806 730 2845 Ep.
741 2814 874 2845 970.13.

166 2861 237 2890 ¹97-
261 2849 426 2890 Georgiol
439 2849 490 2881 Of.
507 2851 569 2889 Ep.
587 2849 663 2888 586.
673 2850 792 2888 264-6‚
805 2847 878 2880 and

118 2895 228 2927 Lond.
248 2894 323 2925 xiii.
340 2903 392 2932 20,
413 2893 483 2924 LB.
501 2903 574 2932 514.

163 2947 235 2968 221.
262 2936 466 2977 Episcopus]
519 2936 650 2976 Georgo
689 2935 727 2966 of
767 2935 878 2966 Ateca

120 2982 159 3021 (†
179 2982 286 3021 1545),
305 2981 346 3010 in
362 2980 425 3011 the
440 2980 607 3019 province
624 2979 662 3010 of
678 2979 874 3018 Saragossa,

119 3026 200 3056 who
217 3034 314 3056 came
329 3025 366 3055 to
382 3022 545 3064 England
557 3025 594 3054 to
607 3022 753 3054 succeed
769 3022 878 3061 Diego

120 3068 325 3100 Feruandez
374 3076 412 3098 as
459 3066 638 3098 confessor
686 3067 722 3097 to
759 3065 878 3106 Queen

945 2717 1157 2748 Katharine.
1202 2716 1256 2747 On
1273 2716 1293 2745 8
1317 2715 1438 2747 March
1466 2725 1545 2754 1517
1569 2715 1613 2745 he
1629 2725 1703 2747 was

944 2761 1049 2801 given
1073 2760 1135 2791 the
1160 2759 1267 2799 bpric.
1295 2759 1333 2790 of
1353 2758 1527 2799 Llandaff,
1556 2759 1620 2789 but
1649 2769 1702 2790 re—

946 2803 1089 2834 mained
1126 2805 1164 2833 in
1201 2803 1292 2833 close
1322 2802 1534 2833 attendance
1565 2812 1610 2833 on
1641 2802 1702 2833 the

946 2848 1084 2886 Queen:
1109 2846 1265 2886 through
1288 2847 1407 2876 whom
1427 2846 1473 2876 he
1488 2855 1560 2877 was
1575 2845 1704 2877 doubt-

945 2892 1015 2921 less
1044 2890 1233 2930 presented
1263 2891 1299 2920 to
1329 2890 1390 2919 the
1422 2889 1637 2928 mastership
1668 2890 1707 2920 of

945 2935 994 2965 St.
1029 2933 1268 2974 Katharine's,
1299 2942 1345 2963 an
1372 2932 1518 2963 ancient
1545 2932 1702 2972 hospital

945 2987 1032 3008 near
1048 2977 1110 3007 the
1125 2977 1248 3007 Tower
1265 2975 1303 3006 of
1316 2975 1473 3015 London,
1492 2975 1613 3006 which
1630 2986 1702 3007 was

945 3021 1060 3051 under
1087 3020 1147 3050 the
1177 3019 1307 3059 special
1342 3021 1531 3058 patronage
1565 3019 1602 3049 of
1641 3020 1702 3050 the

946 3064 1084 3104 Queens
1099 3062 1137 3094 of
1158 3063 1321 3102 England
1342 3061 1545 3103 (Maitland,
1568 3065 1652 3094 Hist.
1674 3065 1710 3101 of

848 3131 967 3158 nn2

1720 401 1777 433 190

1719 724 1776 756 195

1720 1051 1779 1072 200

1718 1375 1777 1405 205

1722 1701 1781 1722 210

1721 2026 1780 2058 215

1723 2351 1783 2373 220
