2034 3433
101 143 199 199 608]
563 147 634 186 TO
672 147 743 186 PE
750 148 859 186 TER
896 147 1216 188 BARBIRIUS
1631 152 1681 189 21

99 249 204 288 mihi
242 251 409 288 centum
449 250 610 288 francos
646 250 719 300 qui
757 250 965 289 restabant
1005 252 1266 298 numeraret;
1308 263 1430 301 porro
1467 252 1682 301 pecuniam

98 314 311 364 pensionis
329 315 610 354 Curtracensis
632 315 717 353 iam
738 329 826 354 esse
846 317 1104 354 numeratam
1131 315 1404 365 significabas.
1463 317 1530 354 Ab
1550 331 1597 355 eo
1618 318 1682 356 die

96 380 196 430 quid
217 380 273 418 sit
291 382 430 418 actum
449 380 590 418 audiui
610 380 730 419 nihil.

152 445 384 483 Louanium
411 457 490 483 vna
513 458 607 483 cum
636 446 829 483 omnibus
857 444 1025 483 sarcinis
1050 445 1427 495 commigrauimus.
1485 446 1682 497 Theologi

96 522 261 548 summa
280 523 374 548 cum
388 510 649 548 humanitate
670 524 737 548 me
751 513 996 560 exceperunt
1014 525 1022 557 ;
1052 510 1237 548 nondum
1252 512 1392 549 tamen
1407 511 1678 551 consedimus.

95 574 234 612 Audio
266 574 315 612 D.
347 574 585 613 Adrianum
618 575 869 613 cardinalem
906 587 993 613 esse
1027 574 1299 624 designatum.
1359 577 1518 625 Opinor
1555 577 1683 626 sydus

94 639 260 689 aliquod
286 639 565 689 theologicum
595 654 705 678 nunc
734 640 778 678 in
802 639 912 678 coelo
932 641 1181 689 τυραννεύεινε
1210 641 1309 679 adeo
1334 643 1506 691 regnant
1530 642 1680 692 vbique

94 704 282 754 magistri
306 705 437 742 nostri
455 719 463 752 ;
495 705 730 743 Standicius
749 705 794 743 in
814 705 979 754 Anglia,
1003 705 1112 754 apud
1133 705 1369 756 Principem
1396 707 1557 756 praeter
1577 707 1680 745 alios

95 769 387 820 Suffraganeus
411 771 619 819 quondam
646 769 962 817 Cameracensis,
985 769 1029 807 in
1054 769 1258 820 Hispania
1281 771 1502 810 Adrianus.
1561 771 1682 810 Nunc

93 835 201 884 sapit
221 834 428 883 Pontifex,
450 848 544 873 cum
571 849 656 873 non
681 835 762 873 nisi
784 836 947 872 sanctos
972 848 1016 872 ac
1045 835 1238 873 coelestes
1261 836 1370 874 viros
1397 839 1438 874 et
1460 837 1682 886 magistros

93 901 260 938 nostros
291 900 461 950 adoptat
492 901 537 938 in
567 913 690 938 suum
723 899 954 948 collegium.
1016 899 1064 937 D.
1103 899 1376 938 Cancellarius
1409 901 1514 939 mihi
1545 915 1680 940 sacrae

92 978 262 1003 ancorae
281 965 369 1003 vice
387 966 469 1003 est:
499 978 602 1014 quae
623 964 657 1003 si
676 977 742 1002 me
763 963 973 1011 destituat,
999 963 1107 1013 quod
1133 967 1323 1003 auertant
1343 966 1489 1015 superi,
1511 980 1680 1016 prorsus

93 1031 231 1068 actum
254 1030 377 1068 fuerit
400 1030 450 1067 de
475 1030 659 1067 Erasmo.
720 1028 798 1067 Sed
827 1027 1002 1066 exitium
1031 1029 1287 1067 commodius
1314 1030 1459 1078 tulero,
1482 1031 1563 1069 nisi
1588 1046 1678 1070 con-

94 1094 284 1133 iunctum
304 1096 410 1133 esset
436 1107 531 1133 cum
556 1093 748 1131 ludibrio.

93 1159 308 1197 hominem
327 1159 420 1197 mei.
480 1159 593 1197 Bene
613 1159 713 1206 vale,
736 1157 978 1196 charissime
998 1157 1174 1196 Barbiri.

149 1224 279 1262 Faber
311 1223 569 1274 Stapulensis
602 1224 646 1261 in
676 1236 760 1273 cap.
796 1237 827 1262 2.
858 1222 1069 1272 Epistolae
1107 1222 1158 1260 ad
1192 1222 1379 1262 Hebreos
1416 1225 1678 1265 conflictatur

91 1301 266 1336 mecum,
288 1289 358 1327 sed
385 1302 465 1326 non
495 1289 582 1327 sine
612 1290 710 1327 nota
729 1288 955 1335 stomachi;
986 1287 1093 1337 quod
1114 1301 1188 1337 ego
1207 1301 1304 1326 sane
1329 1289 1467 1337 miror,
1490 1303 1583 1329 cum
1604 1305 1678 1341 ego

89 1355 288 1403 perpetuo
308 1354 565 1392 stomachum
580 1354 703 1392 illum
723 1352 1010 1401 continuerim,
1029 1353 1155 1391 etiam
1175 1353 1212 1390 si
1230 1367 1315 1391 non
1331 1353 1489 1393 deesset
1509 1357 1671 1394 occasio.

89 1418 186 1457 Non
215 1419 391 1457 referam
413 1432 486 1469 par
513 1419 611 1469 pari,
635 1419 704 1457 sed
734 1420 874 1456 tamen
903 1417 1113 1456 declarabo
1141 1431 1208 1455 me
1236 1431 1322 1457 non
1351 1420 1438 1457 tam
1464 1420 1675 1470 stupidum

88 1496 176 1522 esse
204 1497 329 1534 quam
357 1484 429 1522 ille
454 1484 562 1522 facit.
618 1485 733 1522 Bene
753 1483 845 1523 vale
866 1495 1045 1531 rursum,
1068 1496 1218 1533 magna
1236 1496 1330 1533 pars
1358 1484 1519 1522 animae
1548 1499 1670 1524 meae.

142 1549 318 1587 Louanii
338 1551 384 1586 16
404 1549 490 1588 Cal.
509 1548 702 1600 Augusti.

806 1093 890 1131 Vbi
915 1092 1081 1130 dabitur
1108 1094 1388 1143 commoditas,
1413 1095 1678 1136 submonebis
1699 1112 1713 1133 2

133 1689 163 1717 7.
187 1680 331 1708 centum
369 1675 525 1718 francos]
566 1676 619 1708 Cf.
666 1676 727 1716 Ep.
768 1683 843 1714 597.

87 1722 131 1751 26
142 1731 178 1753 n.
194 1733 202 1761 3
226 1721 342 1752 stated
357 1721 549 1752 elsewhere
566 1720 605 1750 in
621 1720 757 1752 fiorins.

131 1765 163 1796 8.
189 1763 430 1804 numeratam]
447 1765 492 1804 by
511 1763 555 1794 de
571 1764 696 1794 Hondt
713 1766 749 1795 to
762 1765 847 1796 Bar-

86 1808 211 1849 birius,
230 1808 284 1839 for
299 1809 466 1839 Erasmus
482 1819 489 1846 ;
514 1809 557 1839 cf.
574 1807 636 1847 Ep.
653 1809 727 1846 436.
746 1818 766 1847 5
783 1819 818 1840 11.

133 1861 184 1882 12.
209 1851 445 1892 cardinalem]
465 1861 478 1882 1
496 1851 583 1890 July
602 1859 694 1890 1517.

134 1905 184 1934 14.
211 1895 433 1935 Standicius]
490 1895 616 1933 Henry
674 1894 847 1926 Standish

87 1938 150 1978 (†9
162 1939 250 1979 July
268 1940 375 1978 1535),
393 1948 413 1969 a
431 1938 653 1976 Franciscan,
668 1938 739 1969 and
757 1939 844 1970 D.D.

87 1981 144 2012 He
167 1992 239 2013 was
262 1992 283 2013 a
305 1983 479 2012 favourIte
501 1982 592 2012 with
616 1981 754 2021 Hem-y,
773 1982 847 2013 and

86 2025 177 2056 from
198 2034 278 2065 1511
303 2026 469 2056 onwards
492 2025 590 2056 often
612 2025 788 2065 preached.
810 2027 848 2056 at

86 2068 207 2100 Court.
254 2069 310 2108 By
339 2077 421 2108 1515
451 2069 496 2100 he
528 2078 602 2098 was
626 2068 784 2099 Warden
812 2069 851 2100 of

86 2111 151 2141 the
177 2112 408 2143 Franciscans
431 2112 471 2142 in
494 2112 652 2151 London,
672 2112 743 2142 and
766 2113 847 2143 sub-

85 2156 277 2195 sequently
292 2155 492 2186 Provincial
510 2156 546 2185 of
559 2156 621 2186 the
637 2156 759 2186 Order.
799 2157 846 2187 In

86 2198 170 2228 Dec.
181 2208 262 2238 1515
273 2199 318 2229 he
330 2199 481 2238 opposed
490 2198 728 2229 Convocation
740 2199 846 2230 about

86 2241 149 2271 the
165 2242 401 2281 punishment
417 2241 455 2272 of
468 2242 590 2272 clerics
607 2242 651 2280 by
662 2242 722 2281 lay
734 2243 846 2272 tribu-

85 2284 176 2324 nals,
195 2285 404 2325 supporting
419 2285 481 2315 the
499 2284 626 2323 King's
640 2285 731 2315 view
745 2296 753 2324 ;
773 2285 845 2315 and

84 2337 124 2358 as
140 2337 160 2358 a
175 2329 311 2359 reward
327 2329 454 2367 Henry
463 2328 672 2367 designated.
683 2329 760 2358 him
777 2329 843 2368 Bp.

85 2371 125 2402 of
140 2372 191 2404 St.
208 2372 339 2413 Asaph,
368 2372 406 2402 18
426 2371 531 2411 April
555 2372 648 2410 1518.
696 2371 751 2402 He
775 2381 845 2402 was

85 2415 344 2455 subsequently
359 2414 586 2446 ambassador
604 2417 640 2446 to
659 2415 846 2454 Hamburg

87 2467 181 2498 1524,
201 2460 385 2489 examiner
400 2459 439 2489 of
457 2459 610 2489 heretice
631 2467 736 2497 1525;
761 2458 844 2498 and,

83 2501 269 2542 following
297 2503 435 2542 Henry,
468 2502 514 2532 he
548 2501 750 2532 renounced
781 2502 844 2532 the

83 2544 208 2585 Pope’s
227 2545 468 2585 jurisdiction‚
490 2556 503 2576 1
521 2545 618 2576 June
642 2554 734 2584 1535.
781 2546 844 2576 See

84 2588 128 2619 A.
152 2589 193 2620 G.
212 2589 333 2628 Little,
352 2592 409 2620 The
431 2592 508 2627 Grey
527 2591 638 2619 Friars
659 2592 694 2619 in
718 2590 841 2629 Oxford,

84 2631 188 2662 OHS.
217 2642 274 2672 xx,
303 2634 395 2673 1891,
427 2642 485 2672 pp.
518 2642 648 2672 271-43
680 2632 820 2673 Knight
835 2643 843 2671 3

83 2675 156 2705 and
181 2675 289 2707 DNB.
498 2715 500 2717 ‚

130 2718 298 2750 Erasmus
327 2719 502 2751 abhorred
532 2718 610 2750 him
648 2718 742 2750 from
780 2719 843 2750 the

913 1677 1001 1717 first,
1017 1677 1089 1708 and
1105 1678 1187 1709 took
1203 1688 1308 1718 every
1322 1681 1556 1720 opportunity
1572 1681 1610 1711 of
1623 1691 1674 1711 re-

914 1721 1030 1761 viling
1042 1721 1119 1752 him
1138 1722 1193 1762 (cf.
1206 1722 1268 1762 Ep.
1282 1733 1353 1761 777.
1367 1726 1470 1763 14‚5):
1483 1734 1520 1755 as
1532 1725 1674 1764 preach—

915 1765 977 1804 ing
993 1765 1131 1804 against
1150 1766 1249 1796 Colet
1270 1766 1325 1796 for
1345 1776 1365 1796 a
1387 1769 1394 1783 ‘
1409 1770 1490 1807 poet
1503 1767 1520 1807 ’,
1548 1778 1674 1807 1512—3

916 1808 1040 1848 (Lond.
1055 1818 1110 1840 xv.
1126 1818 1175 1848 14,
1190 1809 1258 1840 LB.
1268 1818 1342 1848 435,
1359 1811 1478 1851 460F);
1496 1821 1534 1842 as
1547 1811 1674 1849 object—

915 1852 978 1891 ing
988 1854 1025 1882 to
1035 1852 1096 1882 the
1106 1853 1328 1883 newedition
1338 1854 1375 1884 of
1383 1854 1536 1894 Jerome,
1547 1864 1577 1886 a.
1592 1865 1628 1893 15
1637 1864 1675 1895 14

917 1896 974 1936 (cf.
990 1896 1137 1935 Ep.337.
1151 1897 1215 1935 678
1231 1897 1284 1936 n.)
1302 1907 1309 1934 3
1334 1906 1372 1927 as
1388 1897 1572 1938 disputing
1588 1899 1673 1928 with

914 1939 1068 1969 another
1085 1940 1180 1978 friar‚
1199 1939 1303 1979 April
1328 1949 1408 1979 1517
1428 1942 1547 1981 (Adccq.
1569 1942 1649 1980 1498
1666 1953 1673 1980 ;

914 1981 1096 2022 amplified
1110 1982 1149 2013 in
1163 1992 1254 2022 1517,
1268 1984 1310 2014 cf.
1323 1984 1385 2022 Ep.
1398 1985 1471 2024 629.
1482 1994 1502 2022 3
1514 1985 1566 2025 n.)
1580 1996 1587 2022 ;
1601 1986 1671 2016 and

912 2036 950 2056 as
973 2027 1172 2066 protesting
1194 2027 1426 2066 vehemently
1448 2029 1588 2067 against
1611 2029 1673 2059 the

912 2069 1040 2099 second
1065 2069 1202 2100 edition
1227 2071 1286 2111 (cf.
1314 2070 1376 2110 Ep.
1403 2072 1477 2109 384.
1499 2073 1542 2109 46
1564 2071 1618 2112 n.)
1638 2074 1675 2102 of

913 2112 974 2143 the
992 2113 1077 2142 New
1093 2113 1308 2153 Testamenta,
1326 2122 1475 2154 1519-20
1489 2115 1546 2154 (cf.
1560 2115 1671 2146 Lond.

911 2156 974 2186 xii.
999 2165 1059 2194 153
1082 2156 1153 2188 xvi.
1179 2166 1206 2198 1,
1229 2157 1300 2188 xix.
1322 2168 1375 2196 91,
1401 2159 1489 2188 xxii.
1514 2168 1578 2197 31;
1602 2159 1670 2188 LB.

911 2200 985 2238 516,
1011 2208 1085 2238 554,
1113 2201 1186 2239 746,
1214 2210 1279 2240 979
1296 2211 1303 2230 :
1336 2211 1390 2231 see
1420 2202 1494 2231 also
1518 2204 1607 2238 Apol.
1636 2205 1672 2232 dc

915 2244 924 2259 ⁴
936 2245 979 2272 Ινι
990 2245 1146 2279 principio
1161 2247 1227 2273 erat
1240 2254 1338 2273 sermo
1352 2243 1370 2282 ',
1390 2244 1458 2274 LB.
1477 2245 1524 2274 ix.
1547 2255 1559 2274 1
1569 2254 1581 2273 1
1591 2254 1617 2283 1,
1638 2255 1669 2284 2,

912 2288 1002 2322 Apol.
1026 2288 1060 2315 de
1081 2288 1140 2316 loco
1159 2287 1167 2303 ‘
1182 2288 1290 2316 Omnes
1304 2289 1427 2323 quidem
1443 2297 1635 2325 resumemus
1650 2287 1667 2326 ',

911 2328 980 2360 LB.
1000 2328 1046 2358 ix.
1066 2338 1174 2368 433‚4,
1194 2329 1265 2359 and
1282 2332 1398 2361 Annot.
1416 2340 1461 2360 on
1484 2340 1497 2359 1
1523 2331 1601 2362 Cor.
1619 2340 1668 2369 15.

910 2381 962 2410 51,
990 2371 1105 2401 added
1122 2373 1160 2402 in
1180 2373 1289 2412 1522).
1335 2372 1388 2404 Cf.
1407 2373 1512 2414 More,
1535 2376 1603 2414 too,
1630 2375 1669 2405 in

910 2415 973 2454 Ep.
991 2415 1068 2453 481.
1083 2424 1201 2453 41-54.

956 2467 1005 2497 15.
1029 2457 1308 2499 Cameracensis]
1326 2459 1481 2491 Briselot
1497 2470 1505 2499 3
1529 2470 1585 2491 see
1602 2460 1666 2500 Ep.

909 2510 984 2541 597·
996 2511 1015 2540 4
1029 2511 1064 2532 n.

957 2554 1006 2583 17.
1034 2543 1291 2585 Cancellarius]
1309 2544 1357 2576 Le
1374 2545 1543 2586 Sauvage.

954 2598 1070 2618 sacrae
1097 2598 1246 2619 ancorae
1267 2588 1359 2629 vice]
1390 2589 1458 2620 For
1484 2589 1662 2620 Erasmus'

909 2631 1155 2671 expectations
1181 2632 1225 2665 ef.
1253 2632 1315 2672 Ep.
1341 2634 1416 2672 694.
1451 2634 1557 2672 14-6;
1591 2633 1666 2664 also

910 2675 973 2716 Ep.
993 2675 1068 2705 666.
1087 2685 1184 2714 9-10.

952 2728 1004 2749 22.
1030 2718 1159 2760 Faber]
1175 2717 1227 2750 cf.
1245 2717 1310 2760 Ep.
1328 2728 1403 2759 597.
1419 2728 1460 2758 32
1478 2729 1513 2752 n.

1706 460 1743 480 10

1703 785 1740 815 Ι5
