2034 3433
339 160 419 199 468
802 158 1052 197 LETTERS
1091 157 1160 196 OF
1199 157 1466 195 ERASMUs
1808 156 1847 210 [1
1857 168 1877 204 5
1888 169 1900 193 1
1910 172 1933 205 9

282 277 318 309 ¹5
339 261 611 313 διεξοδικώτερα
627 277 636 310 ;
668 262 739 301 sed
767 260 894 300 altius
923 259 1197 310 perpendenti
1226 259 1347 298 aliter
1373 260 1548 298 videtur.
1611 259 1724 297 Hinc
1754 259 1838 306 ille,
1867 262 1931 298 sat

337 327 432 376 scio,
456 327 684 377 tragoediae
705 327 995 376 argumentum
1023 326 1155 366 duxit.
1214 326 1372 365 Verum
1398 324 1550 363 iudicia
1576 324 1858 363 studiosorum
1883 327 1929 363 vt

337 394 455 440 recta,
480 392 539 431 ita
558 392 688 430 libera
707 404 793 430 esse
813 391 940 429 decet.
992 391 1210 429 Caeterum
1228 391 1386 429 nullius
1406 389 1509 428 mihi
1530 389 1588 428 rei
1608 389 1795 427 conscius
1811 402 1928 427 sum:

336 457 501 506 ignosce
520 457 555 495 si
579 456 678 507 quid
698 456 774 495 hac
794 458 910 506 parte
930 455 1094 505 peccaui
1114 469 1186 506 per
1206 456 1363 494 Ihesuh
1384 455 1561 505 Χριστόν.
1608 454 1690 492 Nec
1710 454 1824 492 enim
1843 456 1930 493 tam

337 523 517 562 oscitans
541 522 707 561 Erasmi
733 523 862 561 lector
887 535 982 561 sum
1008 523 1055 562 vt
1079 535 1130 560 ex
1156 521 1229 559 illo
1253 521 1342 570 ipso
1369 521 1557 559 nondum
1584 519 1799 558 didicerim
1828 518 1926 569 quid

278 602 318 624 20
335 588 600 639 praeceptori,
625 587 723 638 quid
744 587 863 626 fratri
883 587 927 625 in
948 588 1101 638 Χριστῷ
1119 587 1303 625 debeam.

389 653 502 691 Haec
532 653 698 703 paucis;
742 666 839 691 nam
871 655 913 690 et
947 665 1098 702 magno
1126 651 1259 690 animi
1287 652 1372 690 mei
1403 651 1543 690 dolore
1575 653 1625 697 et,
1657 651 1765 701 quod
1796 650 1925 697 aiunt,

334 718 720 770 αὐτοσχεδιαζόμενος,
752 718 895 769 iniquo
925 719 1053 756 etiam
1083 720 1267 767 tempore
1301 717 1455 767 scripsi.
1515 715 1722 755 Martinus
1754 716 1922 764 Luther,

333 783 665 823 studiosissimus
685 784 870 822 nominis
898 785 972 831 tui,
995 797 1068 833 per
1093 783 1233 822 omnia
1258 783 1336 821 tibi
1359 783 1522 832 probari
1541 782 1666 832 cupit.
1726 782 1840 828 Vale,
1865 782 1929 820 vir

334 848 488 889 clariss
546 850 610 888 Ex
630 849 792 899 Lypsia.
817 849 940 888 nonis
960 849 1158 888 Ianuarii.
1216 849 1345 887 Anno
1366 862 1408 888 M.
1425 862 1463 888 D.
1488 861 1574 886 mx.

697 979 831 1033 911948
894 978 1023 1019 FROM
1055 978 1206 1018 PETER
1238 978 1557 1018 MosELLANUS.

380 1057 543 1103 Farrago
561 1070 599 1104 p.
623 1060 699 1093 128.
1637 1057 1801 1103 Leipzig.

380 1115 418 1151 F.
436 1128 473 1161 p.
492 1117 582 1152 280:
607 1116 697 1152 HN:
725 1116 840 1151 Lond.
862 1115 908 1150 vi.
933 1127 944 1150 1
964 1131 970 1151 :
998 1115 1072 1151 LB.
1090 1125 1169 1160 379.
1551 1117 1573 1151 6
1590 1117 1759 1161 January
1780 1124 1880 1161 1519.

331 1196 466 1272 d·[Thte
478 1196 621 1281 tdates-⁶²,
644 1197 840 1228 confirmed
865 1197 912 1236 by
929 1197 992 1227 the
1017 1197 1181 1228 mention
1206 1197 1243 1227 of
1265 1198 1326 1228 the
1351 1198 1596 1237 preparations
1620 1197 1674 1227 for
1698 1198 1760 1227 the
1786 1196 1928 1236 Leipzig

358 1250 436 1280 ispu
456 1250 475 1271 a
494 1250 563 1272 ion.

332 1328 428 1359 DES.
449 1329 629 1359 ERASMO
658 1329 965 1359 ROTERODAMO
994 1328 1232 1358 THEOLOGO
1261 1329 1428 1357 PETRVs
1453 1328 1747 1358 MOSELLANVS
1769 1330 1802 1358 S.
1824 1328 1861 1359 P.
1885 1328 1928 1357 D.

383 1406 464 1445 ITA
484 1406 621 1445 studia
641 1419 732 1444 mea
748 1405 941 1445 Christus
962 1408 1214 1455 promoueat,
1236 1406 1405 1444 Erasme
1422 1407 1662 1445 mortalium
1679 1406 1783 1445 mihi
1803 1405 1926 1456 longe

330 1471 583 1521 charissime,
601 1474 648 1512 vt
667 1474 707 1510 et
726 1474 822 1511 ante
843 1485 962 1522 saepe
982 1485 1125 1511 eorum
1144 1472 1216 1510 risi
1235 1471 1538 1521 impudentiam
1560 1472 1631 1522 qui
1653 1472 1815 1510 labores
1834 1473 1928 1510 tuos

329 1537 409 1576 toti
439 1537 528 1576 orbi
557 1536 770 1576 salutareis
800 1537 953 1587 ineptis
983 1537 1070 1576 suis
1098 1537 1229 1576 literis
1258 1537 1550 1586 interpellant:
1587 1539 1630 1575 et
1659 1551 1769 1575 nunc
1798 1537 1921 1581 idem,

328 1601 506 1641 aliorum
526 1602 843 1652 importunitate
864 1604 1037 1650 coactus,
1060 1603 1177 1641 facio.
1238 1603 1315 1641 Est
1342 1603 1409 1641 hic
1436 1603 1718 1652 sophistarum
1738 1605 1790 1650 et,
1814 1605 1859 1641 vt
1878 1604 1926 1641 tu

291 1678 309 1709 5
330 1669 437 1705 recte
465 1667 619 1716 pariter
643 1680 689 1705 ac
715 1667 844 1705 facete
870 1680 1003 1715 vocas,
1031 1668 1292 1719 ματαιολόγων
1318 1667 1466 1717 ingens
1495 1668 1627 1715 turba,
1650 1681 1745 1706 cum
1774 1667 1925 1717 quibus
1951 1693 1953 1695 ·

331 1732 436 1770 mihi
453 1745 500 1771 ac
518 1733 661 1782 paucis
681 1732 928 1783 quibusdam
954 1733 1049 1771 aliis
1075 1747 1147 1783 pro
1172 1734 1387 1772 literarum
1413 1733 1581 1783 publico
1608 1734 1762 1772 honore
1781 1733 1923 1772 stanti-

330 1797 407 1836 bus
432 1797 596 1837 assidua
621 1800 684 1836 est
707 1811 857 1847 pugna.
918 1798 997 1836 Sed
1026 1799 1071 1836 in
1097 1799 1174 1837 hoc
1200 1799 1438 1846 certamine,
1459 1799 1531 1848 qui
1555 1798 1751 1837 maiorem
1779 1799 1924 1836 iuuen-

327 1862 431 1901 tutis
473 1865 633 1912 partem
676 1863 721 1901 in
768 1876 885 1901 suam
933 1865 1209 1913 pertraxerint
1251 1864 1483 1909 factionem,
1531 1865 1684 1902 abeunt
1727 1864 1914 1903 victores.

328 1928 555 1967 Laboratur
599 1929 791 1979 vtrinque
834 1929 1110 1976 vehementer,
1153 1930 1250 1968 hinc
1295 1930 1465 1975 viribus,
1510 1930 1625 1968 illinc
1670 1929 1834 1968 insidiis
1877 1943 1921 1967 ac

273 2005 309 2026 10
328 1993 500 2032 technis.

625 2047 756 2086 Dolus
785 2061 838 2087 an
868 2049 1003 2086 virtus
1034 2049 1126 2099 quis
1156 2050 1199 2087 in
1230 2049 1348 2087 hoste
1378 2050 1591 2099 requirat?

326 2135 393 2174 Ad
423 2149 499 2175 nos
524 2138 663 2175 tamen
689 2135 799 2174 Mars
826 2136 870 2174 in
894 2137 971 2175 hoc
999 2136 1202 2176 bellorum
1231 2151 1378 2187 genere
1407 2151 1490 2176 non
1521 2140 1675 2176 temere
1705 2138 1922 2187 ἀλλοπρόσ-

327 2205 444 2242 αλλος
476 2201 609 2250 magis
638 2201 825 2240 inclinat.
884 2202 977 2241 Non
1006 2202 1149 2241 dubito
1185 2203 1287 2252 quin
1316 2204 1350 2241 si
1386 2205 1431 2241 tu
1466 2204 1507 2241 in
1543 2206 1728 2242 nostram
1762 2205 1922 2253 partem

325 2267 443 2307 velut
466 2267 673 2318 quoddam
699 2267 912 2305 Mineruae
939 2281 1095 2306 numen
1120 2268 1316 2307 annueris
1343 2269 1495 2317 dexter,
1520 2269 1635 2307 breui
1657 2269 1757 2307 adeo
1780 2270 1822 2307 τὸ
1847 2273 1923 2307 ἐπι-

271 2346 307 2377 15
327 2333 439 2371 νίκιον
459 2332 590 2371 simus
609 2332 825 2370 cantaturi.

381 2399 547 2437 Iactant
575 2398 803 2437 nebulones
834 2398 905 2436 isti
933 2412 1027 2437 cum
1058 2400 1247 2437 omnium
1278 2400 1544 2439 honestarum
1573 2400 1796 2449 literarum,
1828 2401 1920 2439 tum

326 2477 423 2502 vero
451 2463 665 2514 praecipue
685 2464 932 2502 Graecarum
956 2464 1038 2513 (eas
1066 2478 1142 2503 nos
1169 2464 1236 2503 hic
1261 2479 1310 2503 ex
1337 2465 1502 2515 Georgii
1529 2465 1686 2515 Mysiae
1714 2465 1921 2516 Principis

327 2529 613 2568 munificentia
649 2529 825 2579 publice,
864 2530 899 2567 si
937 2542 1021 2568 non
1059 2544 1132 2579 pro
1171 2531 1384 2580 dignitate,
1421 2533 1530 2569 certe
1568 2545 1642 2581 pro
1681 2531 1842 2571 viribus
1879 2534 1920 2570 et

327 2595 500 2633 candide
531 2594 740 2642 docemus)
776 2595 916 2633 hostes
953 2595 1061 2644 apud
1094 2596 1195 2634 rude
1229 2596 1430 2634 iuuenum
1462 2596 1623 2647 vulgus,
1659 2599 1704 2636 vt
1742 2598 1920 2637 maxime

274 2673 309 2694 20
327 2660 413 2699 sint
440 2660 634 2699 discenda
661 2660 912 2698 Graeca—id
941 2661 1048 2710 quod
1077 2662 1138 2699 tot
1165 2661 1426 2700 conflictibus
1452 2662 1523 2700 vix
1547 2662 1715 2701 tandem
1741 2663 1918 2702 obtinui-

371 2758 447 2789 910.
478 2758 527 2789 18.
552 2758 672 2788 Iesum
689 2760 725 2788 F.
847 2767 901 2788 22.
926 2758 1102 2789 Lutherus
1117 2770 1147 2788 a.
1271 2769 1322 2798 24.
1350 2762 1457 2790 nonis
1475 2763 1525 2790 E:
1549 2770 1583 2790 1x
1601 2773 1630 2792 α.
1755 2762 1830 2793 911.
1854 2771 1917 2793 TIT.
1957 2753 1960 2755 ⁵

326 2810 505 2832 Timomeo
521 2811 580 2833 om.
597 2804 638 2831 H.

372 2890 446 2920 911.
477 2899 523 2920 11.
553 2889 679 2930 Dolus]
699 2890 799 2926 Vei-g.
820 2891 898 2921 Aen.
917 2901 947 2921 2.
965 2900 1038 2929 390.
1158 2892 1283 2931 nlonly
1301 2892 1418 2922 Misna
1436 2902 1475 2923 or
1493 2892 1630 2932 Mysna.

376 2942 424 2963 12.
451 2932 734 2975 ἀλλοπρόσαλλος]
767 2934 818 2965 Cf.
854 2934 961 2965 Hom.
989 2937 1028 2965 ΙΙ.
1057 2944 1086 2973 5.
1204 2944 1253 2973 19.
1283 2935 1462 2975 docemus]
1481 2936 1585 2966 Since
1605 2937 1750 2976 writing
1767 2936 1827 2976 Ep.
1853 2937 1918 2974 560

328 2976 403 3015 831,
421 2976 497 3015 889.
1158 2978 1373 3009 Mosellanus
1390 2979 1461 3009 had
1475 2979 1664 3011 succeeded
1679 2980 1791 3010 Croko
1808 2979 1911 3019 (Epp.

376 3028 423 3058 17.
450 3019 598 3060 Mysiae]
644 3020 820 3059 Meisse11;
860 3030 959 3051 more
994 3031 1088 3051 com-
1158 3032 1229 3060 227.
1251 3030 1292 3060 25
1310 3032 1356 3062 n.,
1381 3032 1453 3061 712.
1471 3033 1513 3062 29
1527 3023 1589 3062 n.).
