2034 3433
254 145 333 186 130
719 149 970 188 LETTERS
1009 148 1079 187 OF
1117 147 1383 187 ERASMUS
1722 143 1817 198 [151
1829 154 1848 192 7

251 257 375 295 cere?
430 256 539 304 Quid
569 257 684 295 enim
720 254 912 294 inutilius
941 252 992 290 ad
1020 250 1220 289 tuendam
1249 250 1478 290 rhetorices
1506 249 1696 299 politiem
1723 262 1848 299 quam

194 327 233 348 10
250 322 526 360 tumultuaria.
551 322 728 360 lectione
752 331 919 358 sursum
945 330 991 355 ac
1019 316 1213 354 deorsum
1239 328 1311 365 per
1337 328 1484 354 omnes
1508 316 1674 353 autores
1699 327 1849 365 eosque

191 655 228 686 15

182 1637 222 1668 30

179 1964 219 1995 35

176 2293 220 2324 40

175 2620 216 2651 45

249 387 419 425 interim
447 387 680 425 inconditos
714 383 903 435 raptari?
960 380 1076 429 Quod
1106 393 1237 429 vsque
1267 380 1388 419 nobis
1421 379 1663 418 faciundum
1693 378 1773 417 fuit
1804 379 1849 417 in

249 451 367 489 Nouo
388 452 663 498 Testamento,
686 450 729 487 in
757 447 957 487 cudendis
984 459 1030 484 ac
1059 444 1302 483 recudendis
1327 444 1597 490 Chiliadibus,
1626 444 1672 482 in
1698 444 1850 483 instau-

248 517 389 555 randis
408 516 657 566 Hieronymi
676 515 807 552 libris.

302 581 484 619 Proinde
504 594 584 631 quo
610 581 862 619 contractam
889 577 1004 615 hisce
1032 574 1181 614 studiis
1209 575 1409 613 orationis
1429 575 1496 612 vel
1523 573 1761 612 scabriciem
1779 575 1848 614 vel

248 645 431 695 inopiam
450 646 589 696 aliqua
608 658 658 683 ex
679 646 796 694 parte
811 642 1122 693 corrigeremus,
1143 640 1244 678 dum
1263 639 1451 689 proximo
1467 653 1565 678 vere
1579 638 1848 679 Britanniam

246 711 412 759 adirem,
439 711 515 759 Qu.
538 710 731 750 Curtium
757 708 920 747 itineris
946 719 991 746 ac
1017 705 1295 756 nauigationis
1322 704 1518 742 comitem
1547 704 1744 753 adiunxi;
1775 705 1847 756 qui

246 776 352 814 mihi
380 776 481 814 olim
506 789 634 826 puero
661 775 794 814 lectus
819 774 923 812 mire
949 772 1150 811 candidus
1175 784 1221 809 ac
1246 772 1384 809 tersus
1409 772 1472 809 est
1491 771 1618 817 visus,
1641 784 1716 809 nec
1740 770 1847 809 alius

246 854 343 880 sane
366 841 482 880 visus
508 843 570 879 est
595 855 644 880 ex
669 842 788 879 tanto
815 840 1052 889 regustatus
1080 835 1313 875 interuallo.
1372 835 1498 875 Dolet
1524 835 1632 874 mihi
1658 838 1847 875 autorem

245 907 352 945 lectu
373 906 671 957 dignissimum
691 906 884 954 ἀκέφαλον
902 903 1024 942 nobis
1049 915 1272 952 superesse,
1296 901 1497 939 nimirum
1516 901 1678 939 duobus
1697 901 1847 950 primo-

185 984 199 1004 2
246 971 359 1010 ribus
391 972 508 1011 libris
541 971 776 1022 amputatis,
810 970 961 1010 vltimo
989 967 1182 1019 pluribus
1210 967 1254 1005 in
1283 967 1385 1005 locis
1417 968 1564 1005 trunco
1597 966 1841 1017 inutileque.

245 1037 430 1076 Risimus
459 1038 614 1076 interea
634 1036 882 1077 Graeculam
912 1036 957 1073 in
985 1033 1159 1072 historia
1177 1031 1418 1079 vanitatem,
1442 1045 1570 1081 quam
1598 1034 1742 1070 tamen
1766 1032 1841 1081 Qu.

244 1103 412 1142 Curtius
449 1103 626 1142 subinde
662 1105 912 1153 temperasse
945 1099 1135 1146 videtur3
1177 1099 1219 1136 et
1256 1100 1397 1135 tamen
1437 1110 1532 1136 cum
1570 1097 1652 1135 huc
1686 1098 1846 1136 omneis

243 1168 399 1218 ingenii
420 1169 485 1207 sui
505 1181 657 1207 neruos
682 1166 942 1206 intenderint
961 1167 1008 1203 vt
1028 1164 1229 1202 eximium
1250 1162 1457 1212 quendam
1484 1164 1525 1200 et
1549 1163 1845 1202 inimitabilem

243 1234 473 1284 principem
503 1234 785 1284 depingerent,
816 1232 913 1282 quid
942 1230 1054 1269 aliud
1085 1229 1206 1267 nobis
1233 1241 1359 1277 quam
1389 1228 1512 1266 toties
1540 1228 1746 1268 furiosum
1775 1230 1845 1268 sed

185 1309 199 1330 2
243 1299 395 1348 vbique
422 1299 587 1337 felicem
619 1298 730 1337 orbis
765 1297 1014 1348 praedonem
1048 1294 1391 1344 descripserunt?
1447 1293 1590 1343 Neque
1626 1294 1739 1333 enim
1774 1295 1845 1333 ille

242 1364 509 1413 periculosior
527 1367 616 1402 erat
635 1365 733 1403 vino
753 1363 1012 1402 temulentus
1032 1374 1158 1411 quam
1176 1361 1237 1398 ira
1256 1361 1379 1409 atque
1399 1358 1638 1398 ambitione.
1690 1360 1745 1398 Et
1764 1374 1845 1411 quo

242 1429 402 1467 felicior
422 1431 508 1468 erat
526 1430 770 1479 impotentis
794 1428 924 1467 animi
944 1426 1164 1473 temeritas,
1187 1425 1263 1463 hoc
1289 1426 1376 1463 erat
1396 1424 1519 1463 rebus
1538 1425 1735 1465 humanis
1755 1440 1843 1476 per-

243 1494 442 1533 nitiosior.
501 1495 605 1533 Mihi
645 1497 751 1533 certe
790 1507 874 1532 non
918 1492 1052 1542 magis
1090 1492 1224 1540 placet
1263 1491 1511 1529 Graecorum
1548 1491 1843 1531 historicorum

243 1559 482 1598 Alexander
501 1574 625 1609 quam
646 1560 834 1598 Achilles
855 1558 1102 1597 Homericus
1119 1571 1128 1604 ;
1161 1556 1391 1606 pessimum
1410 1557 1580 1606 vterque
1606 1557 1706 1595 boni
1732 1558 1842 1606 prin-

241 1625 341 1674 cipis
356 1625 577 1674 exemplar,
595 1625 760 1664 etiamsi
774 1637 877 1674 quae
892 1624 1068 1661 virtutes
1083 1624 1145 1660 tot
1160 1621 1277 1659 vitiis
1292 1621 1500 1659 admixtae
1516 1621 1647 1660 videri
1667 1622 1839 1671 possint.

240 1690 443 1728 Videlicet
476 1690 808 1740 operaeprecium
835 1692 921 1728 erat
951 1688 1150 1731 Africam,
1172 1686 1393 1735 Europam,
1416 1687 1564 1724 Asiam
1589 1689 1651 1725 tot
1677 1688 1842 1727 misceri

240 1755 437 1801 cladibus,
470 1758 518 1794 vt
546 1756 671 1794 vnius
699 1756 848 1794 furiosi
876 1755 1041 1792 iuuenis
1069 1752 1210 1791 animo
1240 1764 1332 1790 mos
1359 1754 1578 1801 gereretur,
1611 1753 1728 1791 cuius
1757 1767 1840 1792 am-

241 1820 389 1858 bitioni
418 1834 492 1858 nec
521 1820 631 1859 orbis
659 1821 728 1858 hic
757 1820 914 1859 solidus
948 1821 1033 1856 erat
1063 1818 1164 1857 satis
1192 1817 1373 1855 futurus.
1433 1817 1548 1855 Bene
1577 1817 1702 1856 habet
1731 1820 1839 1869 quod

240 1885 302 1922 illi
329 1886 435 1935 pesti
460 1886 636 1933 fortuna,
661 1886 830 1924 caeteris
858 1885 903 1923 in
931 1883 1053 1922 rebus
1078 1883 1259 1921 nimium
1281 1882 1519 1932 indulgens,
1540 1883 1839 1933 longeuitatem

242 1951 414 2000 negarit.
473 1951 602 1989 Locos
629 1951 787 2000 aliquot
811 1950 942 1988 obiter
968 1950 1188 1987 annotatos
1214 1948 1477 1996 correximus,
1500 1948 1641 1987 addito
1667 1949 1840 1989 elencho

242 2016 312 2065 qui
331 2016 597 2066 potissimum
620 2016 821 2054 indicaret
842 2016 876 2054 si
897 2014 998 2064 quid
1020 2027 1127 2052 noue
1147 2014 1308 2052 dictum
1332 2013 1442 2062 apud
1462 2013 1573 2052 hunc
1593 2014 1839 2064 scriptorem

241 2082 398 2119 extaret
415 2096 423 2128 3
455 2094 508 2119 ne
523 2081 629 2120 desit
645 2095 726 2131 quo
745 2081 954 2131 placemus
970 2081 1253 2132 λογομάστιγας
1268 2078 1479 2129 quosdam,
1500 2079 1571 2128 qui
1586 2080 1636 2117 ad
1654 2079 1840 2130 singulas

240 2159 343 2194 pene
362 2159 482 2185 voces
509 2147 631 2185 nobis
657 2147 792 2185 solent
813 2146 1056 2195 obstrepere,
1080 2144 1342 2183 clamitantes
1365 2144 1474 2193 apud
1501 2145 1652 2194 probos
1675 2147 1840 2186 autores

239 2224 446 2260 nusquam
466 2211 657 2250 inueniri.

294 2275 386 2314 Hoc
407 2277 603 2327 quicquid
629 2280 692 2316 est
712 2277 778 2316 vel
804 2277 964 2315 fructus
985 2276 1051 2315 vel
1077 2276 1207 2314 studii
1232 2276 1311 2314 tibi
1330 2275 1468 2314 visum
1494 2277 1557 2314 est
1584 2276 1731 2325 dicare,
1757 2291 1838 2328 quo

239 2343 486 2380 testaremur
515 2356 590 2380 nos
619 2343 687 2381 vel
715 2354 919 2381 memores
947 2353 1033 2380 esse
1062 2341 1274 2391 principis,
1303 2341 1371 2379 cui
1399 2343 1492 2379 tum
1520 2340 1608 2390 ipse
1637 2341 1836 2390 priuatim

236 2405 469 2455 plurimum
489 2407 670 2456 debeam,
690 2410 737 2446 vt
751 2421 775 2446 a
791 2420 871 2457 quo
890 2406 1041 2445 fuerim
1061 2406 1225 2456 pridem
1244 2405 1514 2456 amplissimis
1530 2406 1838 2446 conditionibus

237 2473 492 2520 prouocatus,
517 2475 608 2511 tum
634 2473 798 2523 publice
818 2472 995 2511 debeant
1014 2484 1158 2510 omnes
1177 2471 1381 2510 bonarum
1406 2471 1623 2509 literarum
1649 2474 1837 2521 mystae;

236 2549 338 2585 quas
357 2538 403 2574 tu
423 2537 481 2576 sic
502 2551 622 2577 ornas
643 2538 881 2577 clarissimis
907 2538 1114 2575 maiorum
1135 2538 1305 2574 tuorum
1325 2536 1571 2583 stemmatis,
1594 2535 1652 2574 sic
1670 2549 1835 2576 morum

238 2601 478 2650 integritate
509 2605 785 2652 commendas,
818 2603 877 2642 sic
905 2602 1162 2652 benignitate
1195 2601 1321 2645 foues,
1354 2600 1411 2639 sic
1444 2601 1663 2639 autoritate
1693 2602 1832 2650 tueris,

282 2725 331 2755 16.
356 2723 419 2763 Qu.
438 2735 479 2754 a:
504 2723 611 2762 Quin.
627 2725 670 2757 B:
695 2722 871 2762 Quintum
887 2720 986 2752 DN32
1010 2720 1046 2759 Q.
1064 2719 1120 2751 N⁴².
1244 2719 1293 2750 18.
1321 2719 1414 2749 mihi
1432 2722 1504 2750 add.
1525 2722 1562 2750 D.
1686 2731 1738 2753 21.
1765 2722 1828 2761 Qu.

234 2776 275 2796 a:
306 2767 459 2805 Quintus
482 2766 566 2798 N13:
596 2766 634 2806 Q.
661 2765 716 2797 N2.
871 2774 923 2803 23.
956 2766 1036 2794 aD:
1067 2762 1303 2793 intenderent
1325 2763 1358 2796 β.
1494 2766 1576 2794 aD:
1606 2765 1776 2796 eximiam
1795 2766 1829 2800 β.

234 2812 281 2843 β;
305 2810 527 2840 imitabilem
543 2822 573 2841 α.
717 2811 768 2840 26.
794 2811 870 2839 aD:
896 2806 1131 2848 periculosius
1149 2807 1182 2840 β.
1329 2815 1381 2844 27.
1409 2805 1539 2840 BDlF:
1562 2808 1776 2847 pernicisius
1791 2820 1830 2840 a:

235 2853 446 2892 pernicisior
469 2852 522 2884 D2.
677 2863 732 2891 40.
764 2852 819 2883 vel
843 2851 982 2883 fructus
1006 2852 1087 2881 aD:
1121 2859 1179 2880 om.
1206 2849 1237 2883 β.
1423 2860 1475 2888 41.
1509 2851 1554 2884 B:
1583 2853 1776 2892 testarem9
1798 2863 1828 2883 α.

236 2906 287 2933 42.
314 2896 424 2927 debeo
442 2900 483 2928 H.
620 2906 671 2935 43.
699 2897 830 2927 debent
845 2897 888 2927 H.

282 2994 331 3025 18.
358 2996 578 3037 regustatus]
594 2996 646 3028 Cf.
662 2996 732 3027 Cic.
752 2998 814 3026 Ass.
835 3007 865 3033 4.
886 3005 934 3035 19.
953 3004 979 3025 1.
1061 3002 1112 3032 43.
1137 2993 1365 3034 prouocatus]
1385 2993 1435 3024 Cf.
1457 2993 1546 3033 Epp.
1563 2994 1637 3033 386,
1657 3004 1732 3035 392,
1753 3005 1829 3035 394,
