2034 3433
173 250 230 282 115

174 578 234 600 120

175 905 230 935 125

174 1234 233 1264 130

175 1890 234 1920 140

176 2217 232 2250 145

176 2547 233 2578 ¹50

255 131 335 169 272
722 126 974 166 LETTERS
1013 125 1081 163 OF
1119 123 1383 162 ERASMUS
1724 119 1762 173 [1
1771 131 1793 169 5
1802 134 1816 159 1
1825 122 1851 157 8-

252 234 384 274 veluti
403 246 559 271 neuum
579 245 651 282 pro
667 230 857 279 exemplo
878 228 1081 280 praebeas.
1143 226 1208 264 Sic
1229 227 1274 263 in
1289 225 1478 264 Minerua
1493 225 1666 264 Phidiae
1686 227 1850 276 crepida

251 298 570 349 reprehensione
603 310 687 334 non
722 295 862 334 caruit.
938 292 1022 331 Nec
1050 292 1164 330 enim
1194 290 1481 340 Hieronymus
1508 292 1626 328 extra
1653 291 1851 340 peccandi

252 364 383 404 aleam
404 363 482 401 fuit
499 376 508 410 3
539 375 612 399 nec
632 374 674 399 se
697 373 781 398 non
802 357 1070 409 Augustinus
1089 368 1307 406 perperam
1327 355 1463 393 multa
1482 355 1697 404 scripsisse
1715 355 1850 394 fassus

252 431 325 476 est,
348 428 466 466 libris
487 427 612 465 etiam
632 424 832 475 priuatim
851 424 902 462 ad
923 423 964 461 id
985 421 1144 460 dicatis.

306 493 438 532 Video
457 494 497 530 te
517 491 664 540 pedem
691 502 787 540 prae
815 486 1104 538 indignatione
1123 485 1382 536 supplodere.
1439 485 1519 524 Sed
1539 497 1703 523 necesse
1721 486 1786 523 est
1804 487 1850 523 vt

251 559 303 598 ad
327 560 560 596 extremum
588 556 779 605 perferas,
804 566 1004 603 auresque
1032 551 1138 590 mihi
1162 552 1357 590 vacantes
1379 550 1629 589 deuorandis
1651 549 1718 587 his
1740 562 1854 599 prae-

252 625 345 662 beas
362 637 370 670 3
402 621 565 672 quando
581 623 628 659 tu
647 634 713 659 me
727 620 850 669 longa
868 621 941 657 tua
956 616 1130 667 epistola
1143 629 1195 654 ex
1209 616 1342 654 animi
1361 615 1424 654 tui
1439 615 1646 654 sententia
1659 615 1847 662 versasti,

251 689 368 739 quasi
393 688 444 726 ab
473 685 708 724 aduersario
741 687 814 723 tuo
844 683 1034 722 steterim
1062 681 1225 731 prodita
1262 680 1455 728 amicitia,
1490 682 1563 719 aut
1601 680 1849 730 scriptorum

250 757 418 793 tuorum
440 752 714 790 indicaturam
738 750 1006 800 epistolarum
1027 747 1195 786 licentia
1214 746 1477 784 eleuauerim.
1538 746 1672 794 Quare
1691 746 1852 796 reliqua

250 819 504 858 auscultato:
543 816 700 855 scilicet
730 815 1016 865 Augustinum
1045 814 1088 851 et
1117 812 1439 862 Hieronymum,
1474 813 1515 850 et
1543 813 1736 850 senatum
1765 812 1850 849 fere

250 884 573 922 orthodoxorum
610 881 654 919 in
692 879 905 919 communi
942 880 1058 916 reatu
1096 877 1334 916 destituisse
1372 877 1488 915 visus
1526 889 1647 925 esses,
1684 877 1767 914 nisi
1802 879 1850 915 tu

250 948 437 989 veritatis
470 947 750 998 patrocinium
789 944 1037 994 suscepisses
1070 945 1111 981 et
1144 942 1276 981 Fabro
1318 942 1610 992 rescripsisses.
1673 942 1782 991 Quid
1815 942 1850 980 si

251 1015 326 1054 hoc
354 1014 463 1053 idem
494 1013 539 1051 in
571 1014 610 1050 te
644 1014 847 1050 retortum
877 1009 1022 1048 valet?
1078 1008 1233 1046 Vtrum
1263 1008 1392 1057 igitur
1424 1010 1471 1046 tu
1499 1008 1688 1056 timebas,
1721 1020 1773 1045 ne
1803 1009 1849 1046 tu

250 1080 484 1130 ignominia
507 1091 601 1117 cum
628 1079 691 1116 tot
717 1077 928 1125 tantisque
951 1073 1164 1113 autoribus
1189 1075 1377 1112 notarere
1392 1074 1413 1112 ἱ)
1441 1085 1495 1111 an
1518 1073 1691 1111 illorum
1715 1073 1852 1123 magis

252 1159 376 1197 quam
406 1147 502 1183 tuae
529 1144 792 1194 prospectum
821 1139 1120 1179 existimationi
1149 1138 1356 1177 voluisti?
1412 1138 1538 1186 Quasi
1578 1152 1675 1177 vero
1706 1139 1772 1177 illi
1804 1139 1849 1177 in

252 1225 371 1251 suam
411 1213 609 1259 tuamque
647 1208 898 1247 sententiam
936 1208 1098 1245 nostrae
1135 1205 1281 1243 aetatis
1323 1204 1516 1242 homines
1554 1206 1626 1242 aut
1663 1207 1852 1254 posteros

251 1279 395 1327 suapte
424 1275 505 1325 ipsi
535 1273 756 1313 autoritate
787 1273 988 1310 adducere
1023 1283 1107 1309 non
1136 1269 1392 1319 potuissent:
1421 1271 1494 1307 aut
1523 1269 1601 1307 tibi
1629 1270 1850 1319 ignomini-

253 1356 370 1382 osum
391 1343 432 1380 et
452 1339 624 1390 capitale
652 1340 759 1377 esset
787 1338 990 1384 futurum,
1013 1337 1049 1374 si
1069 1339 1110 1374 te
1133 1335 1321 1374 eiusdem
1345 1347 1440 1372 cum
1461 1334 1548 1374 illis
1569 1334 1712 1384 culpae
1732 1348 1849 1374 reum

251 1423 274 1448 a
293 1406 476 1458 periculo
496 1418 581 1443 non
602 1404 864 1443 vindicasses.

306 1474 446 1522 Atque
472 1471 571 1509 haec
597 1470 656 1508 ita
680 1470 845 1519 disputo
872 1468 991 1518 quasi
1017 1467 1148 1506 Faber
1171 1466 1257 1516 ipse
1279 1466 1459 1504 fateatur
1477 1468 1550 1504 aut
1569 1466 1745 1505 inficiari
1765 1481 1850 1506 non

219 1561 230 1568 -
252 1539 392 1590 possit,
417 1538 462 1575 in
481 1536 560 1575 hoc
579 1548 622 1573 se
641 1535 775 1585 magis
795 1534 1010 1573 stomacho
1033 1532 1256 1571 ser-uiuisse
1282 1544 1407 1581 quam
1431 1531 1531 1569 haec
1558 1544 1660 1581 quae
1685 1533 1851 1583 scripsit

252 1601 506 1644 contentioni
530 1601 700 1647 dedisse,
730 1602 778 1638 vt
802 1597 1069 1648 pertinaciori
1092 1597 1274 1643 fortasse,
1304 1596 1362 1634 sic
1390 1597 1633 1635 asserendae
1661 1598 1851 1637 veritatis

253 1669 363 1709 haud
378 1668 502 1706 dubie
518 1666 734 1705 studiosae.
786 1665 875 1712 Qua
896 1663 945 1702 de
965 1677 1007 1701 re
1027 1664 1167 1700 autem
1187 1663 1296 1700 inter
1310 1674 1386 1700 vos
1405 1661 1551 1711 agitur,
1571 1675 1656 1700 non
1675 1663 1849 1713 attingo,

253 1734 451 1786 quoniam
483 1735 529 1770 tu
561 1731 761 1769 maiorem
793 1742 885 1768 eam
916 1728 1197 1778 cognitionem
1227 1728 1316 1765 foro
1346 1740 1440 1765 meo
1471 1739 1559 1765 esse
1590 1740 1742 1776 censes,
1778 1732 1849 1768 aut

252 1801 377 1840 etiam
393 1798 641 1837 sanctiorem
658 1808 782 1845 quam
798 1807 901 1844 quae
916 1792 1141 1843 prophanis
1156 1792 1364 1841 suffragiis
1376 1792 1654 1841 permittatur.
1706 1793 1853 1844 Neque

252 1866 293 1904 id
312 1865 438 1903 etiam
464 1863 508 1901 in
537 1861 872 1911 disquisitionem
893 1859 1007 1898 venit
1027 1859 1072 1897 in
1091 1859 1167 1896 hac
1189 1857 1491 1896 controuersiae
1511 1857 1723 1908 instantia,
1748 1873 1851 1909 quae

252 1943 363 1969 nunc
392 1929 438 1967 in
469 1927 667 1966 iudicium
699 1925 874 1964 deducta
908 1927 981 1962 est.
1043 1923 1123 1962 Sed
1153 1923 1263 1972 quod
1292 1922 1382 1961 vim
1410 1922 1453 1961 vi
1482 1923 1722 1973 propulsare
1747 1924 1852 1964 iuris

251 1995 407 2047 publici
434 2006 523 2032 esse
549 1992 660 2039 dicis,
684 1994 822 2030 tecum
851 1990 998 2037 sentio,
1022 1989 1059 2027 si
1084 1989 1208 2027 ciuile
1236 1987 1301 2025 ius
1329 1987 1406 2026 hac
1434 1988 1479 2025 in
1499 2001 1621 2026 causa
1640 2002 1715 2038 pro
1733 1992 1850 2030 scuto

252 2059 525 2111 amplecteris,
583 2058 743 2096 Verum
777 2059 899 2107 caput
931 2055 1036 2094 illud
1065 2054 1170 2104 legis
1198 2055 1268 2092 aut
1296 2053 1509 2092 interdicti
1538 2054 1587 2092 de
1617 2054 1661 2093 vi
1689 2057 1853 2105 praetor

252 2127 322 2166 ille
342 2129 534 2164 aeternus
548 2136 819 2172 summusque
839 2121 964 2160 iudex
983 2121 1027 2159 in
1047 2133 1143 2159 suas
1163 2119 1324 2158 tabulas
1338 2118 1602 2169 edictumque
1621 2133 1745 2160 suum
1764 2134 1850 2160 non

253 2191 493 2232 transtulit:
523 2201 762 2239 quanquam
786 2189 827 2226 et
854 2187 959 2225 illud
986 2187 1051 2224 ius
1077 2185 1201 2223 ciuile
1226 2185 1400 2223 modum
1423 2184 1579 2222 tutelae
1607 2184 1787 2224 insontis
1808 2188 1852 2224 et

252 2257 483 2306 inculpatae
513 2268 536 2292 a
563 2253 832 2304 propulsante
861 2251 999 2301 exigit.
1061 2251 1125 2288 Ex
1154 2263 1233 2300 qua
1262 2249 1442 2288 formula
1470 2251 1506 2288 si
1535 2249 1612 2288 tibi
1640 2251 1706 2289 ius
1734 2244 1858 2295 reddiv

252 2322 430 2375 petieris,
453 2333 598 2359 vereor
622 2322 670 2357 vt
699 2318 857 2357 absolui
875 2331 900 2357 a
918 2331 985 2356 me
1014 2317 1159 2367 possiS,
1181 2316 1252 2366 qui
1275 2317 1437 2354 tantam
1456 2316 1707 2366 Apologiam
1726 2317 1851 2366 atque

252 2390 377 2428 etiam
411 2386 539 2425 talem
575 2384 788 2432 aedideris,
826 2396 878 2422 ne
915 2381 1103 2432 pauculis
1140 2380 1536 2419 commentariorum
1569 2373 1659 2419 eius
1697 2380 1853 2421 chartis

254 2454 366 2504 paria
385 2451 529 2491 fecisse
553 2463 638 2489 non
661 2449 856 2487 viderere.
915 2447 1032 2496 Quod
1058 2446 1241 2496 profecto
1267 2458 1485 2495 nunquam
1512 2445 1693 2493 fecisses,
1715 2446 1751 2484 si
1777 2448 1851 2486 tuo

253 2519 390 2570 potius
420 2515 632 2555 stomacho
659 2527 785 2563 quam
813 2513 1044 2552 amicorum
1073 2510 1243 2561 obsequi
1271 2511 1486 2558 voluisses,
1514 2511 1586 2560 qui
1614 2512 1852 2551 inconsulto

253 2583 389 2622 studio
410 2580 573 2620 nomini
592 2582 664 2618 tuo
685 2579 839 2626 fauent,
857 2580 902 2617 vt
923 2580 985 2616 est
1005 2577 1236 2615 multorum
1258 2576 1409 2625 opinio,
1429 2589 1505 2614 nec
1525 2589 1687 2626 semper
1706 2577 1852 2616 vident

254 2649 351 2700 quid
372 2650 413 2686 te
432 2647 583 2684 deceat.

307 2715 528 2761 Vtcunque
561 2710 625 2757 sit,
657 2709 734 2747 hoc
764 2708 871 2746 mihi
901 2707 1072 2746 omnino
1100 2706 1296 2756 persuasi,
1332 2707 1367 2744 si
1401 2706 1478 2744 tibi
1512 2720 1622 2745 nunc
1657 2707 1849 2746 diuorum

254 2778 401 2829 aliquis
420 2790 509 2816 rem
530 2776 738 2826 integram
759 2775 894 2813 denuo
914 2774 973 2811 ita
998 2773 1203 2823 praestare
1226 2774 1363 2821 posset
1388 2774 1429 2810 et
1455 2772 1593 2822 vellet,
1615 2774 1662 2812 vt
1682 2786 1730 2811 ea
1749 2786 1851 2824 quae

288 2871 359 2899 115.
385 2870 518 2902 neuum
536 2862 584 2890 F:
612 2857 749 2889 nemini
768 2860 804 2888 E.
942 2856 1012 2887 118.
1039 2858 1094 2886 N:
1117 2855 1272 2895 priuatis
1288 2857 1326 2886 E.
1466 2865 1539 2888 122.
1564 2858 1627 2887 aut
1644 2858 1694 2887 E:
1717 2857 1756 2887 vt
1772 2858 1813 2887 H.

254 2916 661 2976 Wum]
674 2934 725 2966 Cf.
736 2933 802 2973 Ep.
816 2934 887 2972 778.
903 2933 1016 2972 181-3.
1133 2940 1204 2969 142.
1231 2931 1338 2973 dicis]
1357 2931 1407 2964 Cf.
1428 2932 1491 2973 Ep.
1513 2932 1585 2970 778.
1608 2942 1723 2972 177-9.

788 2978 858 3016 138.
886 2975 1020 3016 censes]
1039 2975 1102 3014 Ep.
1123 2976 1195 3014 778.
1214 2984 1288 3014 313.
