2034 3433
149 143 247 199 762]
517 146 589 184 ΤΟ
628 145 862 184 ΑΝΤΟΝῩ
901 145 970 184 OF
1007 145 1370 185 LUXEMBURG
1656 147 1731 186 201

144 248 276 287 officio
295 248 394 287 boni
414 248 567 298 fidique
586 247 720 295 amici,
744 248 813 297 qui
845 247 945 287 dum
974 247 1237 287 collationem
1257 262 1381 298 quam
1408 249 1737 289 nominationem
1757 261 1795 282 20

142 313 279 352 valere
313 313 458 362 mauis,
494 312 673 351 Abbatis
709 313 858 351 honori
891 313 1097 362 consulis;
1126 313 1198 352 sed
1236 327 1328 352 meo
1358 314 1509 353 iudicio
1542 312 1735 353 nonnihil

144 378 298 417 fauoris
316 381 500 417 meretur
518 378 594 416 hec
614 377 849 425 Academia,
872 392 952 428 qua
978 392 1062 416 non
1088 379 1167 417 alia
1195 379 1329 429 magis
1356 379 1432 417 hoc
1458 379 1594 418 seculo
1617 379 1735 418 floret

145 443 318 493 egregiis
346 443 506 491 studiis,
535 442 777 492 praesertim
807 455 901 481 cum
929 443 1055 481 huius
1093 443 1289 482 alumnus
1318 443 1373 482 sit
1403 443 1598 483 dominus
1631 444 1731 494 ipse.

146 507 230 546 Nec
259 508 498 558 grauabitur
530 507 754 546 admodum
787 507 900 545 hisce
934 508 1316 556 nominationibus3
1345 522 1428 548 vna
1456 510 1578 559 atque
1606 509 1736 547 altera

145 572 363 611 defunctus
383 573 517 620 fuerit,
542 574 749 622 postremo
768 572 1047 611 Theodericus
1073 573 1160 623 ipse
1187 573 1237 612 ad
1268 573 1342 611 hoc
1370 574 1555 612 muneris
1575 573 1736 625 egregie
1757 587 1794 618 25

142 635 325 685 idoneus,
340 639 482 687 vtpote
498 636 556 676 sic
571 637 756 675 eruditus
776 637 820 675 in
841 650 883 675 re
902 637 1129 688 theologica
1149 639 1195 676 vt
1215 641 1334 688 equet
1353 638 1506 689 aliquot
1516 638 1738 688 magistros

144 703 315 751 nostros,
354 702 502 741 deinde
537 703 720 741 moribus
757 703 930 753 integris
965 716 1010 741 ac
1049 704 1246 753 synceris,
1277 706 1484 753 postremo
1520 705 1654 743 facilis
1690 717 1735 743 ac

144 765 319 805 festinus
337 769 379 806 et
398 767 447 806 ad
467 767 598 806 vitam
625 780 889 806 communem
916 768 1378 807 accommodatissimus.
1438 769 1628 808 Possidet
1651 769 1734 808 iam

143 845 308 871 menses
326 833 496 882 aliquot,
521 834 590 871 sed
611 833 779 871 interim
795 832 1015 871 sacerdocii
1029 833 1188 871 fructus
1203 833 1252 871 ab
1268 833 1468 883 Episcopo
1484 834 1734 873 Traiectensi

143 896 478 948 intercipiuntur.
538 898 747 936 Abhorret
777 911 801 936 a
832 897 987 936 litibus.
1057 897 1334 937 Aduersarius
1365 898 1482 937 cedit.
1553 899 1734 938 Tantum
1755 910 1795 939 30

142 965 329 1012 superest
348 966 394 1002 vt
415 964 608 1002 dominus
628 977 702 1002 suo
720 964 861 1001 fauore
879 963 1118 1013 comprobet
1131 963 1237 1013 quod
1254 976 1327 1013 per
1339 977 1380 1002 se
1396 966 1535 1002 tamen
1555 978 1734 1014 aequum

141 1028 216 1065 est.
274 1028 378 1067 Vult
409 1028 685 1067 Theodericus
717 1028 762 1066 in
792 1027 974 1067 solidum
1004 1027 1082 1066 hoc
1112 1027 1358 1066 beneficium
1389 1028 1535 1067 debere
1564 1029 1731 1075 Abbati,

143 1092 306 1132 debitor
323 1093 430 1132 mihi
449 1094 566 1132 crede
592 1107 676 1132 non
697 1094 897 1144 pessimae
917 1092 1013 1131 fidei
1030 1093 1207 1132 futurus.
1267 1093 1448 1132 Proinde
1468 1094 1670 1133 maiorem
1688 1094 1734 1133 in

144 1158 317 1196 modum
336 1160 377 1197 te
397 1171 507 1209 rogo,
529 1159 692 1209 quando
712 1158 837 1197 verbo
857 1158 899 1196 id
918 1160 1050 1208 potes,
1070 1158 1182 1196 effice
1202 1160 1249 1197 vt
1278 1158 1347 1197 hic
1374 1159 1483 1209 quod
1504 1160 1608 1209 petit
1627 1172 1734 1199 asse-

143 1224 293 1272 quatur
308 1238 317 1271 ;
346 1225 416 1262 aut
442 1223 479 1261 si
507 1223 549 1262 id
577 1223 667 1262 fieri
696 1237 781 1262 non
807 1224 955 1273 potest,
979 1223 1094 1272 cupit
1120 1235 1207 1261 rem
1226 1222 1380 1273 absque
1399 1224 1523 1274 longa
1541 1224 1735 1275 litigandi
1754 1236 1793 1267 35

142 1287 333 1326 molestia
351 1288 577 1338 iurisperiti
597 1288 827 1338 cuiuspiam
844 1288 1016 1326 arbitrio
1042 1287 1226 1338 transigi,
1249 1288 1376 1327 etiam
1396 1302 1477 1338 qua
1494 1289 1736 1339 pensatione

142 1351 368 1401 placandus
388 1352 443 1391 sit
461 1353 732 1392 aduersarius.
773 1353 854 1391 Sed
868 1352 993 1391 fuerit
1005 1352 1082 1391 hoc
1098 1352 1374 1391 humanitatis
1387 1353 1544 1392 domini
1555 1354 1735 1393 solidum

142 1416 220 1454 1100
239 1417 479 1456 benificium
505 1418 657 1456 donare
677 1418 744 1456 vel
769 1417 866 1456 huic
885 1418 1131 1456 Academiae
1150 1418 1217 1456 vel
1241 1417 1366 1457 huius
1393 1418 1572 1458 dotibus.
1628 1419 1735 1458 Nam

142 1480 191 1519 de
210 1494 278 1519 me
297 1482 406 1521 nihil
425 1482 559 1521 dicam
574 1498 583 1531 ;
612 1483 683 1533 qui
702 1484 842 1521 tamen
861 1483 897 1521 si
916 1483 1016 1532 quid
1035 1483 1196 1521 valeam
1215 1483 1323 1532 apud
1343 1496 1428 1532 vos,
1445 1496 1531 1522 non
1550 1497 1736 1523 recusem

140 1548 183 1584 et
211 1546 297 1596 ipse
325 1560 399 1596 pro
427 1561 474 1587 eo
503 1549 613 1598 quod
641 1548 687 1586 in
716 1548 828 1586 hunc
858 1548 1056 1587 collatum
1085 1548 1177 1596 erit,
1197 1561 1264 1586 me
1285 1548 1512 1588 debitorem
1532 1550 1736 1601 colligare.
1754 1563 1796 1593 40

144 1610 251 1659 Quid
269 1614 410 1651 autem
423 1626 491 1651 me
511 1613 689 1664 obligem
710 1613 782 1663 qui
803 1613 886 1652 iam
906 1613 1007 1652 olim
1027 1613 1072 1651 in
1091 1627 1158 1652 ere
1177 1615 1314 1653 vestro
1334 1627 1439 1663 sum,
1459 1628 1563 1653 nexo
1582 1616 1736 1655 manci—

140 1675 288 1726 pioque
306 1679 444 1716 vester
457 1679 478 1716 ἶ)

197 1741 319 1781 Mitto
356 1743 434 1781 tibi
471 1743 652 1783 Paulum
693 1744 879 1783 Romane
925 1743 1173 1794 loquentem.
1252 1744 1347 1783 Non
1385 1745 1586 1784 audebam
1624 1746 1735 1784 hunc

141 1805 330 1855 pluribus
362 1807 516 1847 libellis
547 1822 728 1858 onerare,
763 1810 802 1847 et
834 1808 1013 1847 sciebam
1044 1808 1124 1848 tibi
1157 1808 1294 1847 omnia
1325 1822 1420 1848 cum
1454 1810 1611 1849 medico
1649 1823 1737 1849 esse

141 1872 389 1911 communia.
448 1873 580 1913 Moria
607 1874 811 1924 theologis
841 1873 1091 1924 quibusdam
1121 1873 1390 1924 displicebat3
1419 1876 1461 1913 at
1480 1875 1548 1913 hic
1567 1875 1737 1915 libellus
1754 1886 1794 1918 45

142 1937 299 1975 nemini
318 1951 403 1976 non
422 1938 566 1988 placet.
625 1939 767 1978 Saluta
787 1939 891 1977 meis
909 1939 1048 1977 verbis
1077 1937 1317 1991 opt<im)um
1343 1939 1614 1979 Ghisbertum
1640 1952 1737 1979 cum

142 2003 323 2052 coniuge,
360 2004 466 2042 mihi
498 2018 610 2043 nunc
642 2005 788 2055 opinor
817 2004 1010 2055 propicia,
1044 2017 1139 2042 cum
1171 2004 1306 2043 absim
1339 2006 1427 2043 tam
1457 2005 1609 2056 procul,
1642 2007 1736 2045 tuni

142 2066 340 2105 Carolum
368 2081 635 2107 oeconomum
657 2083 751 2108 cum
772 2083 846 2108 sua
865 2068 1063 2119 nympha.
1122 2069 1177 2107 Et
1197 2069 1234 2107 si
1252 2068 1447 2108 incideris
1475 2070 1519 2107 in
1549 2070 1735 2109 Priorem

142 2132 482 2181 Cartusiensium‚
529 2133 633 2172 bene
680 2134 908 2173 salutatum
954 2131 1212 2185 (admoneas)
1253 2134 1363 2183 quod
1410 2133 1736 2186 Reuch<l>inicae

143 2195 314 2245 epistole
354 2197 564 2247 exemplar
608 2198 713 2236 mihi
758 2199 947 2237 nondum
991 2198 1208 2236 remiserit.
1265 2199 1378 2237 Bene
1422 2199 1523 2247 vale,
1573 2200 1735 2238 Antoni
1754 2212 1794 2243 50

139 2261 367 2300 amicorum
395 2262 560 2312 optime.

184 2388 237 2418 25.
261 2379 403 2419 egredie
418 2383 487 2410 MS.
505 2391 512 2412 ε
539 2391 614 2411 corr.
632 2383 698 2412 LB.
831 2382 883 2411 26.
908 2382 1014 2420 equat
1029 2383 1099 2412 MS.
1116 2391 1123 2411 ε
1147 2390 1221 2411 corr.
1238 2382 1302 2411 LB.
1448 2390 1500 2420 30.
1527 2381 1620 2412 sedit
1637 2382 1734 2414 cedit

142 2425 222 2463 MS,
234 2426 338 2460 priore
355 2427 459 2454 tamen
475 2426 577 2455 deleto.
625 2426 668 2461 Of,
687 2427 746 2462 Ep.
765 2425 841 2463 673.
858 2426 880 2455 6
894 2434 926 2455 n.
1094 2434 1146 2462 41.
1167 2433 1259 2454 nexo
1278 2427 1347 2455 MS.
1365 2434 1372 2454 ε
1395 2432 1489 2454 nexu
1505 2427 1568 2455 LB.
1618 2427 1680 2456 Sed
1696 2428 1734 2463 cs.

143 2468 200 2497 Gic.
218 2469 308 2498 Fam.
327 2476 356 2505 7.
373 2476 425 2506 30.
446 2477 476 2499 2.
610 2478 663 2507 44.
686 2470 762 2498 LB:
786 2469 926 2499 onerari
941 2470 1009 2498 MS.
1144 2476 1195 2506 45.
1222 2467 1383 2498 comenia
1399 2470 1467 2498 MS.
1482 2469 1498 2498 ⁶?
1516 2479 1523 2498 :
1549 2470 1735 2500 oblitterauit

141 2511 205 2541 LB.
381 2512 433 2548 48.
460 2510 629 2542 insideris
645 2513 715 2542 MS.
730 2521 739 2541 z
762 2522 835 2542 corr.
854 2513 918 2542 LB.
1088 2521 1141 2549 49.
1168 2510 1364 2542 salutatum
1380 2514 1461 2551 MS.‚
1481 2513 1516 2542 in
1525 2514 1591 2547 fine
1606 2522 1710 2544 versus
1726 2524 1734 2543 :

141 2553 267 2593 saluta,
285 2555 363 2584 tum
379 2556 443 2585 LB.
578 2565 630 2594 50.
655 2557 731 2585 LB:
754 2554 905 2594 Antonij
923 2557 993 2587 MS.
1040 2557 1082 2592 Cf.
1102 2557 1159 2591 Ep.
1177 2555 1250 2593 760.
1265 2566 1296 2593 4.

184 2682 236 2709 44.
261 2671 415 2714 medico]
430 2673 620 2712 Ghisbert;
644 2673 682 2706 ll.
700 2674 787 2713 3‚46.
1010 2674 1062 2711 48.
1080 2673 1256 2715 Priorem]
1275 2674 1326 2705 Cf.
1349 2674 1413 2714 Ep.
1432 2674 1508 2713 673.
1526 2675 1556 2706 6.
