2034 3433
162 162 257 216 700]
653 166 724 204 ΤΟ
761 165 943 205 JAMES
982 165 1258 205 BANISIUS
1678 169 1753 206 125

157 269 237 299 Jan.
275 278 359 308 1530
388 268 561 308 Antwerp
588 277 662 299 was
691 271 820 300 vacant
851 270 898 309 by
919 270 978 300 his
1009 270 1229 310 resignation
1261 270 1417 312 (Brewer
1446 270 1492 301 iv.
1525 272 1636 311 6152).
1681 271 1755 302 The

160 312 351 343 Bannisius
366 313 448 343 who
466 322 536 343 was
552 312 590 342 in
608 312 672 342 the
690 312 933 344 Netherlands
950 313 988 344 in
1013 323 1096 352 1534
1114 313 1220 354 (ΟΕ.)
1235 323 1308 344 was
1331 313 1484 353 perhaps
1500 314 1562 344 the
1578 314 1731 354 nephew
1747 325 1754 352 ;

158 355 240 386 who
257 356 304 395 by
319 367 338 394 4
355 356 436 387 Dec.
457 365 540 394 1534
557 355 629 386 had
646 356 838 387 succeeded
856 356 933 387 him
951 359 987 387 at
1008 357 1127 388 Trent.
1175 358 1225 388 As
1242 357 1342 388 Dean
1363 357 1402 387 of
1424 357 1599 397 Antwerp
1620 358 1666 388 he
1683 367 1754 388 saw

158 399 221 430 the
249 401 361 430 tower
386 399 425 430 of
448 399 511 430 the
538 399 721 430 cathedral
747 400 944 439 completed
973 400 1011 431 in
1042 401 1136 440 1518,
1161 401 1233 431 and
1258 401 1321 431 the
1348 400 1450 431 choir
1474 401 1514 431 in
1542 410 1636 440 1521.
1683 401 1754 432 His

159 443 338 482 colleague
355 442 493 482 Spiegel
510 442 698 473 dedicated
716 444 753 474 to
774 444 853 474 him
877 453 897 474 a
913 444 1130 475 translation
1146 445 1238 475 from
1254 445 1428 475 Isocrates
1446 444 1527 484 (Ep.
1545 454 1618 484 323.
1641 454 1679 475 12
1693 454 1728 476 n.
1745 456 1754 484 ;

158 485 201 518 cf.
214 486 288 518 VE.
303 496 356 526 29,
372 486 443 517 and
459 486 577 526 Knod,
590 489 622 516 J.
635 489 763 526 Spieqel,
777 497 810 527 p.
827 497 866 517 21
885 497 933 525 n.‚
944 487 1064 518 where
1081 487 1186 518 other
1201 488 1424 519 dedications
1437 497 1497 518 are
1513 487 1751 528 mentioned).

203 529 267 561 See
299 529 458 561 Mertens
488 529 560 560 and
590 529 702 569 Torfs,
727 533 878 561 Geschiecl.
905 541 965 561 ταη
996 534 1190 570 Antwemen,
1221 532 1248 563 i.
1278 533 1356 571 560,
1372 531 1418 562 iv.
1446 531 1550 566 8-11:
1578 533 1693 562 Lettres
1718 534 1754 562 de

157 575 250 604 Louis
279 576 365 612 ΧΠ,
394 573 448 604 ed.
479 573 513 604 J.
547 573 733 613 Godefmy,
763 584 857 613 1712,
882 575 966 605 vols.
995 575 1031 604 ii.
1059 575 1130 605 and
1162 576 1219 613 iv;
1260 575 1296 606 B.
1330 574 1479 614 Bonelli,
1505 577 1644 606 Manum.
1673 577 1753 606 Eccl.

158 619 356 648 Tridentinae
386 617 429 647 iii
461 616 588 656 (1765),
614 627 672 657 pp.
696 627 828 657 293-4;
864 617 936 648 and
962 618 1071 649 Trent
1101 618 1196 650 MSS.
1221 628 1344 659 capsae
1367 627 1420 658 45.
1447 629 1488 657 47
1521 619 1593 650 and
1620 619 1672 658 38.
1697 629 1752 658 34,

158 659 446 691 communieated
472 662 510 690 to
526 670 583 690 me
605 661 651 699 by
667 671 728 701 my
744 662 882 692 friends
902 661 938 692 T.
956 661 1010 693 W.
1032 662 1169 692 Arnold
1195 662 1265 693 and
1288 662 1334 693 M.
1350 663 1394 694 A.
1419 662 1531 694 Stein.
1579 662 1754 693 Bonelli’s

158 704 275 735 notice
298 704 336 734 of
363 704 439 734 him
472 704 687 734 concludes:
728 705 824 735 ‘vidi
852 705 972 744 plures
998 706 1139 736 Erasmi
1165 705 1336 746 epistolas
1359 705 1402 736 ad
1430 715 1512 736 eum
1541 705 1642 736 datas
1673 715 1754 736 cum

158 747 394 787 inscriptione
412 746 672 778 “Benefactori
694 757 757 778 suo
781 748 1167 779 adseruandissimo'’.'
1211 749 1324 780 There
1346 750 1376 780 is
1399 759 1417 779 a
1441 749 1550 780 letter
1564 751 1601 780 to
1618 749 1696 780 him
1713 750 1754 780 in

157 790 219 821 the
246 793 402 828 Epi-stolae
428 791 501 827 (bk.
528 791 551 830 i,
571 791 594 822 f.
627 791 658 832 7)
686 792 871 832 appended
900 794 935 822 to
962 793 1082 824 Hiero.
1113 793 1308 823 Perbonus’
1336 795 1463 832 Οιιίῑῖαε,
1494 793 1617 832 Milan,
1647 793 1679 824 J.
1708 793 1751 824 A.

156 834 355 875 Legnanus,
375 835 416 864 28
433 834 506 865 Oct.
525 834 637 875 1533.]

212 911 251 949 S.
278 911 340 959 P„
365 912 431 950 vir
469 912 725 950 ornamentis
764 912 959 951 omnibus
991 912 1156 963 inclyte.
1216 913 1400 952 Subinde
1436 926 1599 952 mecum
1633 914 1754 964 litigo

159 976 266 1025 quod
300 977 568 1026 Antwerpiae
604 990 690 1015 non
727 977 892 1016 auidius
931 977 1012 1015 sim
1050 977 1266 1027 amplexus
1303 980 1392 1017 tam
1431 978 1598 1017 obuiam
1636 980 1753 1017 tuam

156 1042 490 1081 humanitatem:
534 1043 605 1081 sed
643 1042 685 1080 id
724 1042 926 1092 temporis
963 1056 1014 1081 ex
1051 1044 1143 1082 aula
1182 1044 1448 1083 Bruxellensi
1479 1044 1751 1094 profugeram,

156 1108 443 1158 Hispanorum
464 1108 667 1158 improbis
687 1108 1086 1147 consalutationibus
1105 1123 1208 1159 pene
1228 1110 1447 1148 extinctus,
1505 1110 1574 1149 Ita
1598 1110 1754 1148 factum

156 1176 218 1212 est
239 1176 286 1214 vt
314 1174 365 1213 ab
394 1175 582 1212 omnium
602 1187 708 1223 pene
727 1187 949 1224 congressu
976 1177 1069 1213 tum
1098 1174 1374 1213 abhorrerem.
1431 1174 1511 1213 Sed
1530 1175 1748 1225 BanysiuS‚
1772 1184 1788 1215 5

157 1253 202 1278 ea
232 1240 433 1288 doctrina,
464 1253 512 1278 ea
540 1240 743 1288 facundia,
776 1254 822 1279 ea
849 1253 1016 1279 morum
1044 1241 1315 1288 humanitate,
1340 1241 1483 1290 procul
1512 1241 1638 1280 etiam
1668 1243 1754 1280 erat

155 1305 411 1354 ambiendus,
435 1319 519 1344 non
540 1305 647 1344 mihi
673 1306 809 1344 solum
837 1306 907 1344 sed
934 1306 1091 1356 optimo
1118 1307 1276 1357 cuique.
1337 1307 1453 1355 Quod
1479 1307 1516 1346 si
1541 1307 1629 1346 dies
1651 1320 1755 1346 com-

155 1371 367 1421 plusculos
385 1371 653 1421 Antwerpiae
674 1375 1004 1411 commoraturus
1033 1385 1087 1421 es,
1110 1372 1324 1421 aduolabo,
1346 1374 1418 1410 tuo
1439 1371 1644 1423 colloquio
1664 1387 1754 1412 con-

155 1440 378 1488 spectuque
410 1438 479 1478 vel
512 1438 636 1476 horas
673 1438 830 1488 aliquot
859 1438 1073 1485 fruiturus,
1102 1438 1186 1476 nisi
1217 1451 1348 1488 vsque
1382 1437 1480 1476 adeo
1514 1440 1657 1477 nostra
1693 1439 1753 1477 in-

154 1502 418 1542 humanitate
448 1516 490 1541 es
520 1502 734 1543 alienatus.
769 1505 815 1542 vt
845 1517 956 1541 nunc
989 1503 1191 1542 ambienti
1223 1516 1422 1553 perneges
1453 1503 1561 1553 quod
1592 1504 1753 1552 pridem
1777 1515 1814 1537 10

154 1567 265 1606 vltro
285 1568 487 1607 obtulisti.

210 1633 313 1683 Legi
332 1632 523 1671 libellum
536 1647 559 1671 a
573 1632 743 1671 Neaetio
764 1633 957 1672 Coloniae
976 1633 1137 1673 editum
1153 1648 1162 1681 3
1192 1633 1310 1672 misit
1325 1635 1365 1671 et
1381 1633 1616 1672 Bilibaldus
1631 1647 1754 1672 suum

155 1698 358 1736 libellum.
417 1698 549 1736 Video
579 1698 861 1737 recrudescere
891 1697 1052 1736 bellum
1091 1698 1201 1748 quod
1234 1697 1430 1747 inprimis
1463 1699 1654 1737 volebam
1691 1712 1756 1737 ex-

156 1763 334 1801 tinctum
360 1765 431 1802 aut
458 1765 568 1802 certe
595 1763 787 1813 sopitum.
845 1763 984 1802 Audio
1010 1763 1401 1813 pestilentissimum
1431 1763 1536 1802 illud
1565 1777 1752 1813 granum,

156 1828 264 1878 quod
286 1828 460 1867 Satanas
488 1828 640 1879 aliquis
668 1828 908 1878 ingeniosus
938 1829 1056 1876 seuit,
1081 1829 1259 1867 edidisse
1279 1829 1470 1867 libellum
1499 1829 1543 1867 in
1573 1842 1654 1879 quo
1682 1829 1755 1868 im·
1776 1842 1811 1873 15

156 1907 266 1943 pune
285 1893 536 1932 debachatur
556 1894 603 1932 in
622 1894 762 1932 doctos
782 1894 950 1932 omneis.
1010 1893 1101 1932 Hoc
1128 1907 1280 1944 organo
1304 1894 1537 1933 abutuntur
1557 1894 1755 1944 praeclari

154 1958 219 1997 illi
238 1958 451 2008 religionis
469 1959 722 2008 professores
743 1959 793 1997 ad
814 1959 1140 1997 subuertendum
1162 1957 1544 2011 tranquil<l)itatem
1563 1958 1756 1998 Christia-

157 2035 234 2061 nae
265 2023 516 2063 concordiae.
586 2022 795 2075 Vtina<m>
822 2024 895 2062 ille
923 2026 1036 2062 totus
1065 2027 1171 2063 esset
1200 2024 1366 2072 Iudeus,
1391 2025 1472 2072 aut,
1497 2024 1603 2062 sicut
1632 2024 1755 2062 habet

155 2088 420 2138 praepucium
455 2090 728 2139 amputatum,
760 2089 817 2127 ita
846 2089 1015 2127 haberet
1048 2091 1090 2128 et
1117 2089 1306 2139 linguam
1339 2091 1379 2127 et
1410 2102 1559 2128 manus
1587 2088 1755 2127 ambas!

157 2152 277 2191 Nunc
292 2152 466 2202 angelus
479 2153 654 2191 Satanae
668 2152 1023 2205 tra<n)sfiguratus
1037 2154 1082 2192 in
1097 2154 1290 2203 angelum
1305 2154 1408 2192 lucis
1421 2154 1575 2193 nostris
1589 2154 1756 2193 vexillis
1776 2168 1815 2189 20

158 2230 234 2256 nos
263 2220 485 2267 oppugnat,
508 2220 548 2256 et
576 2218 654 2256 hoc
683 2218 769 2257 suis
798 2221 954 2268 prestat
973 2220 1109 2269 vei-pis
1138 2219 1246 2268 quod
1277 2219 1376 2256 olim
1406 2219 1594 2269 Zopyrus
1614 2218 1750 2265 Dario,

157 2282 302 2321 Xersis
321 2283 439 2332 patri.
499 2283 742 2333 Dispeream
763 2283 808 2321 ni
827 2284 872 2321 in
891 2283 980 2322 eius
999 2286 1161 2333 pectore
1180 2297 1266 2321 non
1287 2297 1417 2321 vnum
1442 2283 1620 2322 Iudeum
1650 2297 1754 2322 com-

156 2347 300 2398 perias.
359 2347 465 2395 Quid
486 2347 597 2386 aliud
618 2350 760 2398 optent
784 2348 1090 2387 sceleratissimi
1118 2348 1294 2395 recutiti,
1320 2348 1419 2398 quid
1447 2348 1560 2387 aliud
1584 2348 1754 2387 illorum

155 2412 348 2463 princeps
367 2413 550 2460 Satanas,
574 2426 699 2462 quam
729 2413 821 2452 istis
849 2413 983 2451 modis
1012 2412 1146 2452 scindi
1176 2413 1410 2451 Christiane
1433 2412 1567 2463 plebis
1596 2426 1755 2452 concor-

158 2477 306 2516 diam?
362 2477 495 2525 Quam
533 2491 630 2516 vero
667 2478 892 2527 indignum
931 2477 1115 2516 eruditos
1151 2478 1271 2526 viros,
1312 2491 1490 2527 quorum
1529 2478 1677 2528 opinor
1712 2480 1754 2517 et
1775 2494 1811 2525 25

160 2542 404 2581 memoriam
438 2543 674 2593 posteritati
714 2543 798 2582 fore
840 2544 1153 2590 sacrosanctam,
1195 2556 1288 2581 cum
1328 2543 1532 2582 eiusmodi
1565 2545 1755 2593 portento

199 2644 231 2673 9.
257 2634 529 2666 inhumanitate
540 2637 667 2672 scripsi:
686 2635 916 2665 humanitate
928 2637 995 2665 MS.
1092 2644 1140 2673 19.
1166 2635 1387 2674 amputatam
1398 2637 1468 2666 MS.
1559 2644 1610 2665 21.
1636 2638 1754 2675 vei-pis

158 2679 226 2708 MS.
360 2687 411 2708 22.
441 2677 643 2718 Disperiam
660 2681 730 2709 MS.

201 2763 232 2785 2.
257 2754 506 2796 Antwerpiae]
545 2754 720 2794 Probably
768 2756 807 2785 in
856 2755 918 2785 the
1031 2765 1061 2792 4.
1088 2753 1450 2795 consalutationibus]
1483 2754 1535 2785 Cf.
1577 2754 1640 2794 Ep.
1674 2762 1749 2793 545.

157 2798 302 2837 spring;
351 2797 458 2828 when
510 2798 681 2828 Erasmus
734 2808 831 2829 came
883 2800 920 2828 to
991 2799 1038 2828 16.

158 2842 331 2881 Antwerp
367 2840 460 2871 from
498 2841 672 2872 Brussels.
718 2842 806 2881 Epp.
843 2851 916 2880 709,
1035 2851 1081 2871 12.
1110 2839 1272 2880 Neaetio]
1291 2841 1341 2872 Cf.
1358 2841 1420 2880 Ep.
1440 2840 1516 2871 680.
1534 2849 1630 2879 25—7.

157 2885 222 2923 716
251 2883 367 2923 imply
397 2884 480 2914 that
516 2884 686 2915 Banisius
726 2884 797 2915 had
832 2885 920 2915 been
1077 2883 1292 2924 ssilibaldus]
1311 2884 1365 2914 Cf.
1382 2884 1445 2923 Ep.
1463 2884 1538 2923 685.
1554 2893 1604 2923 13.

157 2927 246 2958 with
263 2927 410 2958 Charles
434 2929 471 2958 at
495 2927 722 2968 Middelburg
744 2928 816 2959 and
839 2928 919 2958 that
1035 2937 1084 2965 14.
1109 2926 1280 2967 granum]
1320 2927 1563 2966 Pfefferkorn3
1602 2927 1647 2958 cf.
1689 2928 1751 2968 Ep.

158 2971 329 3002 Erasmus
344 2969 417 3000 had
432 2971 495 3001 not
512 2979 595 3001 seen
616 2971 693 3002 him
711 2971 819 3003 since.
866 2971 918 3002 Cf.
987 2972 1062 3010 694.
1083 2980 1134 3010 73.

158 3014 230 3045 also
247 3014 269 3045 l.
290 3025 309 3053 4
326 3023 363 3047 n.
1035 3024 1084 3053 15.
1109 3013 1289 3054 libellum]
1307 3014 1371 3046 See
1387 3014 1451 3054 Ep.
1473 3014 1547 3053 697.
1565 3024 1602 3045 12
1618 3025 1653 3046 n.
