2034 3433
232 260 268 292 35

230 585 272 615 40

233 1876 275 1908 60

288 138 313 175 6
746 135 992 175 LETTERS
1031 135 1101 174 or
1136 134 1399 175 ERASMUS
1743 133 1864 189 [1517

287 240 474 280 animum
502 241 650 292 tetigit,
676 241 816 280 Homo
842 242 926 280 est:
956 240 1022 279 cui
1050 253 1146 278 mox
1174 239 1285 278 edita
1311 239 1483 291 epistola
1510 239 1776 290 respondebo,
1796 241 1867 280 sed

287 307 497 345 stomacho
516 309 760 356 temperans,
783 320 834 345 ne
853 305 1070 352 contentio,
1093 316 1177 343 non
1198 305 1433 354 disputatio,
1457 305 1657 344 videatur.
1717 306 1761 344 Si
1779 319 1869 344 rem

287 372 399 411 voles
425 385 676 421 cognoscere,
698 371 786 421 lege
813 369 1100 409 annotationes
1128 372 1291 409 nostras
1313 370 1358 409 in
1381 371 1609 409 secundum
1636 373 1755 420 caput
1775 371 1869 421 Epi-

287 438 418 476 stolae
449 437 498 475 ad
530 435 717 474 Hebreos
745 438 786 475 et
818 436 933 474 illius
965 435 1009 473 in
1037 435 1214 472 eundem
1247 435 1384 473 locum
1417 436 1766 485 examinationes;
1800 437 1869 474 sed

287 502 510 541 secundam
533 501 755 540 editionem
777 500 890 539 illius
915 513 1109 549 agnosces
1135 513 1185 538 ex
1210 500 1510 550 subscriptione
1530 501 1653 540 Fabri
1671 501 1716 539 in
1735 501 1871 551 prima

287 568 430 606 statim
449 567 606 617 pagina.

342 632 518 670 Louanii
553 631 737 670 diuersor
773 631 881 680 apud
920 628 1119 669 Ioannem
1154 629 1428 677 Paludanum,
1464 631 1590 671 huius
1618 632 1871 670 Achademie

289 698 538 743 Rethorem;
578 697 620 735 et
647 698 785 734 tamen
813 695 1010 746 quicquid
1038 695 1089 733 ad
1118 695 1289 733 Petrum
1317 695 1542 745 Aegidium
1575 697 1749 745 miseris,
1781 698 1871 736 tuto

288 762 461 801 miseris.
520 761 627 800 Tuas
656 760 979 799 Lucubrationes
1011 760 1094 798 iam
1121 759 1330 798 Basileam
1360 760 1507 799 missas
1534 761 1690 811 scripsi,
1722 776 1872 812 nempe

289 827 492 876 Vtopiam‚
520 826 832 875 Epigrammata
858 827 899 864 et
922 825 1166 864 Lucianum.
1224 825 1439 864 Admonui
1463 828 1508 864 vt
1536 828 1609 865 aut
1635 840 1719 866 non
1749 828 1872 866 susci-

255 912 270 941 5
289 893 435 943 perent
466 891 679 942 negot-ium
711 892 783 929 aut
817 904 905 929 rem
942 903 1015 929 sua
1051 904 1147 929 cura
1180 892 1385 929 ornarent.
1445 890 1540 929 Misi
1575 894 1713 930 autem
1745 893 1872 932 huius

290 958 347 995 rei
383 956 513 1007 gratia
543 955 674 994 fidum
711 956 962 1004 ministrum,
992 956 1132 994 virum
1170 955 1268 994 satis
1304 955 1515 994 eruditum
1544 958 1586 995 et
1617 957 1872 1007 diligentem.

290 1022 487 1060 Nondum
515 1020 642 1060 statui
665 1034 789 1071 quam
817 1021 954 1060 sedem
981 1021 1085 1059 mihi
1114 1020 1306 1071 deligam.
1363 1021 1457 1060 Non
1483 1021 1616 1070 placet
1645 1022 1873 1073 Hispania3

289 1100 387 1125 nam
412 1087 493 1125 huc
519 1099 661 1125 rursus
680 1087 799 1125 vocat
819 1085 1049 1125 Cardinalis
1068 1086 1303 1125 Toletanus.
1362 1086 1604 1126 Alemanica
1626 1087 1874 1138 hypocausta

289 1154 330 1191 et
345 1152 413 1191 vie
432 1151 659 1190 latrociniis
675 1151 848 1190 obnoxie
867 1165 952 1190 non
972 1151 1147 1202 placent.
1193 1150 1276 1190 Hic
1294 1151 1477 1190 multum
1492 1153 1555 1190 est
1572 1152 1871 1201 oblat-rationis,

231 1237 247 1267 5
289 1216 463 1267 praemii
490 1217 620 1262 nihi13
661 1218 712 1265 et,
733 1217 768 1255 si
798 1216 978 1256 maxime
1004 1216 1183 1266 cupiam,
1206 1230 1258 1255 ne
1281 1217 1436 1267 possim
1456 1217 1622 1267 quidem
1643 1218 1709 1256 hic
1729 1219 1873 1257 durare

290 1282 373 1320 diu.
421 1282 476 1320 Et
490 1281 643 1331 Anglie
661 1284 800 1321 motus
819 1282 945 1320 timeo
960 1283 1001 1320 et
1015 1281 1260 1320 seruitutem
1279 1282 1434 1320 horreo.
1485 1283 1546 1321 Tu
1567 1283 1601 1321 si
1616 1284 1726 1333 quod
1746 1284 1874 1323 habes

289 1360 480 1397 praesens
499 1347 730 1395 consilium,
748 1346 914 1396 imperti
930 1362 939 1395 ;
969 1360 1066 1385 nam
1085 1347 1206 1397 plane
1227 1347 1394 1397 despero
1414 1361 1479 1386 me
1499 1361 1544 1386 eo
1563 1361 1682 1398 posse
1701 1349 1872 1388 euadere

289 1412 397 1462 apud
418 1425 543 1460 meos,
567 1414 612 1451 vt
631 1411 926 1451 monachorum
951 1426 997 1451 ac
1023 1412 1307 1462 theologorum
1333 1412 1535 1451 inuidiam
1561 1427 1761 1463 superem.
1820 1415 1874 1454 Et

289 1477 420 1515 indies
457 1490 544 1516 sese
588 1477 868 1527 agglomerant
906 1477 1085 1516 furciferi
1124 1491 1170 1516 ac
1209 1477 1352 1516 ducem
1395 1477 1576 1527 aliquem
1613 1479 1869 1529 desyderant.

254 1561 270 1591 5
293 1542 404 1581 Illud
442 1542 557 1591 bene,
600 1542 708 1592 quod
747 1542 1038 1592 Suffraganeus
1078 1542 1150 1581 ille
1189 1542 1425 1593 Hyspanias
1466 1543 1562 1592 adit,
1602 1543 1711 1582 haud
1750 1545 1873 1583 dubie

289 1606 375 1645 illic
412 1607 665 1655 moriturus;
704 1609 766 1646 est
794 1607 907 1646 enim
940 1608 1286 1658 septuagenarius.
1346 1607 1538 1646 Ceterum
1566 1609 1873 1649 Praedicatores

290 1674 332 1710 et
365 1672 586 1711 Carmelite
619 1672 785 1723 quidam
822 1672 1029 1722 incipiunt
1062 1675 1103 1711 et
1137 1673 1337 1723 populum
1374 1673 1424 1712 ad
1458 1673 1613 1724 lapides
1644 1687 1795 1723 vocare,
1832 1677 1874 1714 et

291 1750 495 1787 nusquam
515 1737 641 1786 pestis
656 1737 728 1776 illa
744 1738 877 1788 magis
892 1738 1001 1776 valet
1018 1751 1143 1788 quam
1159 1738 1267 1788 apud
1282 1740 1509 1777 nostrates:
1535 1741 1734 1778 ettamen
1750 1753 1873 1779 nemo

291 1802 463 1840 verbum
482 1802 527 1840 in
547 1815 591 1841 os
614 1815 687 1840 nec
712 1803 820 1852 apud
841 1802 994 1842 aulicos
1019 1817 1093 1842 nec
1119 1803 1227 1853 apud
1246 1803 1408 1853 vulgus.
1466 1803 1631 1843 Timent
1657 1805 1873 1844 dentatum

291 1867 464 1915 leonem,
485 1867 641 1917 opinor,
665 1870 705 1906 et
730 1881 897 1917 prorsus
921 1869 1183 1918 experientur
1200 1867 1362 1908 aculeos
1385 1881 1428 1907 se
1449 1868 1605 1919 dignos,
1628 1870 1710 1908 nisi
1728 1884 1872 1921 parum

291 1932 368 1970 hoc
393 1932 552 1970 deceret
571 1933 848 1971 Christianam
868 1933 1205 1972 moderationem.
1261 1933 1356 1973 Huc
1383 1935 1499 1972 certe-
1513 1935 1712 1985 pertinaci
1734 1936 1873 1976 animo

291 2010 456 2047 pergam
475 1997 650 2047 tendere,
672 1999 719 2037 vt
738 1998 902 2047 prosim,
926 2011 1004 2048 qua
1023 1997 1130 2046 licet,
1151 1998 1272 2037 bonis
1290 1998 1451 2037 studiis.

335 2107 387 2136 37.
413 2101 616 2137 cognoscere
629 2101 699 2130 MS.
789 2109 842 2138 47.
860 2109 964 2138 quem
982 2102 1050 2130 MS.
1126 2101 1178 2138 48.
1207 2100 1414 2131 Cardinaris
1428 2103 1497 2132 MS.
1578 2110 1629 2140 51.
1654 2104 1873 2134 semitutum

291 2144 362 2173 MS.
451 2151 504 2180 54.
529 2142 646 2173 indies
655 2145 731 2174 LB:
751 2143 887 2174 indices
902 2145 969 2174 MS.
1057 2153 1109 2183 55.
1135 2144 1370 2184 suffragan-ius
1391 2146 1457 2175 MS.
1547 2145 1600 2176 60.
1627 2146 1875 2186 experirentur

292 2187 354 2224 LB,
373 2187 533 2216 oblitterato
544 2188 613 2217 MS.
660 2187 826 2217 auculeos
839 2189 908 2218 MS.

336 2315 389 2344 35.
416 2306 533 2337 Homo
556 2306 625 2348 est]
673 2307 724 2338 Cf.
751 2307 813 2347 Ep.
838 2308 912 2346 607.
938 2307 1048 2346 8-103
1117 2307 1265 2338 London
1286 2308 1503 2339 beforehand
1522 2307 1593 2349 (see
1610 2310 1816 2343 Giustinian
1836 2312 1872 2344 ii.

293 2350 411 2380 where
427 2351 529 2381 there
545 2350 576 2380 is
595 2350 744 2381 evident
762 2351 917 2382 allusion
934 2353 970 2382 to
986 2351 1048 2382 the
1116 2353 1253 2391 69—75),
1272 2352 1349 2383 and
1371 2353 1441 2383 had
1465 2352 1645 2383 doubtless
1669 2354 1726 2384 led
1750 2357 1785 2385 to
1809 2356 1871 2386 the

293 2392 429 2423 central
462 2394 584 2424 theme
615 2394 652 2424 of
685 2394 746 2425 the
781 2394 922 2434 dispute
959 2395 1049 2425 with
1117 2395 1267 2426 hurried
1290 2395 1479 2435 departure
1500 2396 1595 2426 from
1625 2396 1790 2436 England
1819 2399 1874 2429 in·

294 2435 414 2475 Faber,
433 2436 495 2466 the
511 2437 704 2476 humanity
721 2437 759 2467 of
772 2437 901 2468 Christ.
1118 2438 1256 2469 dicated
1273 2439 1312 2469 in
1327 2439 1390 2478 Ep.
1409 2448 1483 2478 577.

337 2489 387 2518 39.
413 2479 622 2521 secundam]
647 2480 701 2511 On
717 2481 779 2511 the
803 2482 986 2521 title-page
1014 2480 1052 2511 of
1202 2483 1434 2523 seruitutem]
1452 2482 1520 2513 For
1536 2482 1691 2522 Henry's
1711 2485 1869 2525 tenacity

294 2522 356 2553 the
380 2522 458 2553 first
481 2522 620 2554 edition
644 2524 782 2555 Faber’s
804 2534 909 2555 name
933 2524 963 2555 is
985 2526 1049 2554 not
1118 2525 1156 2555 of
1185 2524 1244 2555 his
1282 2524 1425 2556 officials
1455 2535 1510 2555 see
1547 2526 1609 2565 Ep.
1640 2527 1714 2564 388.
1747 2528 1868 2568 86-90‚

295 2566 411 2605 given.
1117 2567 1155 2598 of
1187 2567 1358 2598 Warham
1375 2579 1383 2606 3
1420 2568 1483 2608 Ep.
1508 2570 1582 2607 388.
1622 2571 1760 2610 94—136‚
1802 2572 1873 2603 and

338 2619 391 2648 43.
418 2608 560 2650 scripsi]
577 2610 640 2649 Ep.
659 2610 733 2648 584.
753 2619 801 2649 15.
1118 2611 1229 2643 Lond.
1248 2621 1282 2642 x.
1297 2621 1350 2650 30,
1370 2611 1441 2643 LB.
1459 2622 1520 2650 447
1539 2613 1618 2652 (476
1630 2614 1696 2654 Bc),
1712 2614 1750 2644 of
1763 2614 1869 2646 More.

339 2662 391 2691 45.
417 2662 480 2683 sua
492 2651 591 2692 cura]
616 2653 667 2684 Cf.
686 2654 751 2693 Ep.
769 2663 843 2692 594.
864 2664 878 2685 1
898 2664 933 2685 n.
1160 2663 1210 2693 57.
1240 2654 1448 2695 Carmelite]
1484 2655 1639 2696 Perhaps
1676 2666 1696 2687 a
1726 2661 1811 2688 note
1837 2659 1876 2690 of

340 2697 393 2734 46.
417 2695 641 2736 ministrum]
659 2696 797 2736 Nepos;
819 2708 876 2728 see
892 2698 955 2738 Ep.
974 2706 1048 2737 595.
1117 2697 1295 2728 Erasmus’
1321 2700 1476 2729 contests
1499 2700 1587 2730 with
1612 2700 1779 2732 Nicholas
1806 2701 1872 2741 Eg-

301 2749 335 2769 11
356 2749 390 2769 n.
1117 2740 1317 2772 mondanus
1349 2742 1427 2781 (Ep.
1460 2743 1564 2781 878);
1596 2752 1652 2773 see
1683 2744 1757 2774 also
1780 2744 1868 2786 Epp.

338 2783 390 2819 48.
415 2782 620 2824 Toletanus]
646 2783 697 2814 Cf.
717 2783 777 2823 Ep.
795 2784 870 2822 582.
889 2795 909 2824 9
924 2795 960 2816 n.
1118 2785 1228 2823 627,8.
1275 2785 1328 2816 On
1345 2794 1383 2823 31
1405 2785 1485 2825 May
1509 2796 1590 2825 1517
1614 2787 1783 2818 Erasmus
1800 2789 1872 2820 had

339 2835 392 2864 5¹·
417 2827 550 2867 motus]
571 2826 663 2857 Such
682 2836 720 2857 as
736 2827 798 2857 the
817 2828 886 2858 riot
910 2828 1048 2868 against
1117 2827 1228 2858 heard
1244 2837 1264 2858 a
1280 2827 1469 2859 Carmelite
1488 2829 1656 2869 preacher
1675 2831 1794 2862 attaek
1811 2834 1871 2863 the

298 2870 489 2909 soreigners
515 2879 560 2900 on
589 2869 691 2900 ‘Evil
719 2870 800 2909 May
830 2870 926 2910 Day'
954 2880 1045 2910 1517.
1115 2873 1239 2902 Nouum
1260 2873 1508 2903 Instmmentum
1539 2873 1578 2904 in
1611 2883 1631 2904 a
1662 2884 1803 2906 sermon
1834 2878 1871 2907 at

296 2913 444 2944 Threats
467 2912 504 2944 of
517 2913 591 2944 this
606 2922 698 2944 were
721 2914 860 2945 uttered
880 2915 993 2955 freely
1010 2915 1049 2945 in
1115 2915 1289 2955 Antwerp
1306 2925 1314 2953 ;
1337 2924 1393 2946 see
1410 2915 1471 2955 Ep.
1492 2917 1566 2956 948.
