2034 3433
277 110 356 148 280
736 108 985 146 LETTERS
1024 107 1091 145 OF
1131 105 1395 144 ERASMUS
1735 102 1773 156 [1
1784 115 1804 151 5
1814 115 1828 140 1
1838 106 1859 139 8

272 217 438 264 gentem
453 214 654 253 traducas.
714 212 831 261 Quod
859 212 895 250 si
918 211 1107 261 princeps
1129 224 1154 248 a
1178 212 1218 247 te
1239 209 1479 247 consulente
1505 209 1672 256 rogatus
1699 209 1860 246 senten-

271 281 373 319 tiam
406 281 530 327 fuero,
556 292 639 316 non
677 276 874 315 dubitabo
908 288 1071 314 censere
1100 289 1121 312 e
1150 288 1192 312 re
1221 276 1345 323 atque
1373 286 1425 311 ex
1454 272 1762 310 existimatione
1791 274 1860 310 tua

189 353 250 385 415
273 346 472 392 futurum,
495 345 530 382 si
555 346 595 381 te
624 355 719 381 cum
747 342 1029 380 instrumento
1059 339 1295 378 studiorum
1318 340 1486 376 tuorum
1515 336 1597 374 huc
1621 337 1858 385 contuleris,

272 412 317 448 vt
350 409 613 460 gymnasium
645 419 816 445 exornes
846 406 954 455 quod
984 406 1029 444 in
1057 405 1133 443 hac
1156 404 1258 443 vrbe
1287 404 1488 452 Princeps
1515 401 1735 440 instituere
1754 401 1860 440 velle

273 476 430 523 dicitur,
461 477 501 513 et
536 486 678 512 eorum
713 472 926 521 desyderio
960 470 1187 509 satisfacias
1228 469 1300 519 qui
1341 471 1382 507 te
1409 467 1522 506 votis
1560 466 1861 517 propemodum

272 540 474 588 conceptis
502 538 679 577 transire
707 537 757 575 ad
787 549 862 575 nos
889 537 1094 585 exoptant.
1158 535 1249 573 Hac
1274 535 1324 573 de
1351 547 1394 571 re
1414 533 1524 583 quod
1543 533 1786 581 firmana-is,
1810 533 1860 571 ad

271 605 547 644 Parisiensem
567 603 733 651 scribes,
754 602 996 652 taxabisque
1015 601 1215 651 stipendii
1234 600 1408 638 modum
1428 601 1471 636 et
1483 598 1635 645 viatici,
1655 598 1691 637 si
1705 598 1765 636 ita
1783 597 1862 636 tibi

187 686 250 718 420
269 670 407 708 visum
434 670 568 708 fuerit.
630 668 768 707 Satius
792 668 905 706 enim
932 666 975 705 id
1000 680 1089 705 esse
1116 678 1261 704 censeo
1285 678 1410 715 quam
1430 667 1478 703 vt
1498 677 1565 702 me
1585 664 1701 702 velut
1727 665 1863 702 actore

269 735 320 773 ad
364 747 455 773 eam
499 733 812 784 concipiendam
859 731 1175 782 stipulationem
1223 732 1337 769 vtare
1358 744 1367 768 :
1415 730 1452 769 is
1496 729 1610 768 enim
1657 728 1863 779 gymnasii

269 800 515 838 instituendi
548 800 796 837 architectus
829 800 906 845 est,
925 799 971 836 vt
996 796 1196 847 intelligo.
1260 795 1340 844 Qui
1366 808 1461 834 cum
1492 795 1572 833 tibi
1605 794 1726 833 valde
1756 795 1861 833 bene

269 866 415 915 cupiat,
433 865 572 903 omnia
583 865 724 915 vtique
745 866 817 902 tua
838 876 960 902 causa
979 862 1088 912 apud
1104 861 1344 912 Principem
1364 861 1563 908 conficiet,
1581 863 1622 900 et
1642 861 1861 910 magnifice

268 931 345 969 tibi
364 931 534 979 cauebit,
556 932 603 970 vt
621 944 686 969 res
712 943 796 969 non
816 930 940 968 modo
966 929 1057 967 sine
1084 927 1271 978 captione
1290 930 1363 966 tua
1388 927 1459 966 sed
1481 928 1606 966 etiam
1626 940 1677 965 ex
1696 940 1773 966 vsu
1790 929 1862 964 tuo

187 1013 248 1046 425
267 1010 313 1035 ac
348 996 561 1036 commodo
600 996 812 1035 luculento
851 995 1115 1044 transigatur.
1173 994 1357 1032 Tantum
1395 1007 1484 1031 rem
1518 996 1636 1032 tuam
1672 992 1865 1043 gnauiter

268 1063 400 1101 literis
418 1065 617 1110 accurato,
638 1064 678 1100 et
698 1062 755 1100 ita
774 1074 863 1099 rem
878 1062 1011 1099 tot-am
1030 1059 1226 1109 exponito
1246 1061 1291 1097 vt
1311 1060 1398 1108 ipse
1418 1059 1624 1109 intelligat
1643 1058 1862 1097 certiorem

268 1131 308 1167 te
341 1129 497 1168 factum
524 1142 548 1167 a
576 1143 653 1167 me.
714 1128 802 1179 Ego
831 1128 969 1166 autem
997 1129 1042 1164 vt
1071 1126 1271 1164 euentum
1299 1125 1360 1163 rei
1388 1138 1472 1163 non
1502 1126 1665 1174 praesto
1699 1137 1774 1163 nec
1807 1124 1864 1162 rei

267 1195 498 1244 periculum
519 1195 663 1244 cupide
678 1191 1061 1243 recipio,—quando
1081 1204 1155 1229 nec
1173 1190 1350 1241 gratiam
1370 1193 1600 1229 transactae
1615 1189 1677 1228 rei
1696 1203 1863 1240 magno-

268 1273 363 1309 pere
384 1261 676 1299 vendicaturus
705 1259 813 1298 mihi
839 1272 944 1307 sum,
968 1257 1131 1296 etiamsi
1157 1270 1325 1307 operam
1345 1257 1451 1294 mihi
1470 1256 1594 1295 istam
1613 1256 1865 1295 admonendi

185 1341 248 1374 430
269 1326 331 1363 tui
352 1326 683 1376 depoposci—ita
705 1339 789 1364 non
809 1324 931 1363 video
959 1323 1058 1373 quid
1086 1324 1132 1361 in
1158 1323 1234 1361 hac
1265 1335 1307 1360 re
1328 1322 1459 1361 vereri
1479 1321 1680 1372 captionis
1699 1322 1858 1361 debeas.

269 1391 361 1430 Nisi
397 1392 511 1430 enim
549 1393 665 1430 tanto
703 1391 761 1429 rei
791 1389 1066 1440 perficiundae
1098 1402 1295 1438 sponsore
1328 1388 1565 1438 acquiescis,
1604 1401 1658 1425 ne
1691 1387 1863 1427 Crassus

268 1457 436 1507 quidem
457 1457 534 1496 tibi
559 1457 741 1506 locuples
766 1457 865 1495 satis
890 1455 979 1503 erit,
1003 1455 1038 1494 si
1065 1454 1296 1493 reuiuiscat.
1358 1453 1535 1492 Iamiam
1557 1453 1861 1503 expostulator:

268 1524 309 1560 et
327 1522 435 1561 mihi
454 1523 623 1572 posthac
642 1523 815 1561 irascere
834 1520 906 1571 qui
926 1520 1003 1559 tibi
1023 1520 1160 1558 libens
1181 1532 1343 1569 semper
1362 1519 1507 1557 nuncii
1527 1518 1743 1568 quippiam
1764 1519 1862 1557 boni

268 1590 396 1637 porto,
416 1601 491 1626 nec
510 1588 595 1626 nisi
614 1588 775 1625 inuitus
794 1589 864 1625 aut
886 1585 1126 1636 imprudens
1148 1584 1366 1624 obnuncio.

186 1671 247 1702 435
322 1652 440 1692 Certe
461 1667 571 1691 nunc
590 1653 625 1691 si
645 1654 710 1691 vir
727 1653 861 1691 bonus
881 1664 934 1700 es,
957 1653 1003 1689 tu
1024 1663 1109 1689 non
1124 1650 1249 1689 modo
1269 1649 1370 1687 boni
1395 1650 1584 1688 consules
1604 1650 1798 1700 quicquid
1819 1651 1861 1689 in

268 1719 343 1757 hac
370 1718 543 1768 epistola
560 1718 715 1768 scripsi,
738 1718 808 1755 sed
827 1716 953 1755 etiam
975 1715 1180 1754 destinata
1199 1716 1249 1754 ad
1269 1714 1310 1753 id
1331 1714 1505 1765 epistola
1524 1715 1738 1765 euangelia
1758 1717 1864 1754 mihi

269 1783 415 1822 debere
449 1785 490 1822 te
523 1784 711 1829 fatebere,
734 1783 822 1821 siue
849 1781 1133 1820 conditionem
1163 1782 1408 1830 accepturus
1443 1780 1512 1830 sis,
1546 1780 1634 1819 siue
1669 1781 1862 1832 ambiguo

268 1862 461 1899 responso
480 1849 692 1887 fastidiose
711 1848 986 1886 frustraturus
1003 1861 1011 1894 ;
1042 1848 1087 1885 vt
1106 1859 1217 1884 anno
1237 1846 1446 1895 superiore
1465 1845 1611 1894 fecisti,
1633 1846 1684 1884 ad
1705 1847 1861 1897 Regem

268 1914 393 1953 etiam
412 1914 605 1953 scribens.
663 1914 714 1952 Id
734 1913 843 1963 quod
869 1913 956 1962 ipse
977 1911 1216 1959 mirabatur,
1241 1924 1336 1949 cum
1356 1911 1395 1949 ei
1414 1910 1557 1950 literas
1581 1913 1675 1950 tuas
1703 1913 1864 1951 reddidi

184 1999 249 2031 440
267 1979 310 2017 in
332 1980 588 2018 Sammaurio
604 1979 694 2018 vico
713 1981 805 2017 tum
825 1978 975 2029 agenti,
998 1977 1068 2016 vbi
1088 1976 1234 2016 villam
1254 1976 1456 2015 habemus
1476 1975 1838 2016 Sammaurianam
1856 1994 1864 2026 ;

268 2046 563 2096 fastidiumque
592 2047 713 2083 tuum
742 2043 917 2094 purgaui
945 2045 992 2082 vt
1021 2042 1149 2093 potui,
1177 2043 1370 2080 excusata
1399 2041 1586 2080 absentia
1620 2042 1865 2082 Cancellarii

268 2111 431 2160 patroni
444 2111 517 2158 tui,
540 2111 656 2161 quasi
674 2109 831 2148 scilicet
851 2108 975 2147 alieni
994 2108 1098 2147 iuris
1117 2120 1237 2146 esseS.
1299 2107 1526 2146 Glareanus
1545 2110 1643 2146 tuus
1662 2108 1707 2146 in
1726 2108 1865 2147 locum

269 2177 410 2215 Fausti
443 2176 649 2215 demortui
682 2175 879 2214 suffectus
912 2176 986 2222 est,
1021 2176 1060 2212 et
1095 2173 1353 2222 stipendium
1382 2173 1565 2212 habebit.
1620 2174 1864 2224 Vsqueadeo

268 2241 434 2280 fortuna
455 2241 531 2279 tibi
556 2241 691 2279 fauere
717 2239 997 2290 prolixissime
1023 2239 1172 2289 coepit,
1191 2241 1237 2276 vt
1263 2239 1390 2277 etiam
1416 2239 1560 2277 amicis
1585 2239 1671 2278 tuis
1696 2241 1866 2290 negocia

185 2316 248 2348 445
269 2320 342 2345 sua
360 2307 555 2345 fortunet.
615 2306 734 2344 Idem
756 2305 982 2343 Parisiensi
1002 2304 1087 2343 iam
1107 2305 1231 2342 notus
1251 2306 1314 2342 est
1333 2306 1372 2342 et
1393 2307 1543 2354 gratus.

323 2372 523 2411 Deloinus
550 2374 690 2410 noster
708 2370 845 2410 verbis
872 2370 976 2408 meis
1001 2369 1176 2408 salutari
1202 2371 1244 2408 te
1264 2369 1410 2417 iussit;
1443 2369 1514 2419 qui
1532 2383 1582 2408 ex
1601 2370 1695 2408 aula
1722 2383 1866 2410 recens

313 2480 384 2508 421.
410 2469 678 2510 stipulationem
694 2472 723 2499 E
734 2471 788 2498 LB
802 2480 808 2500 :
834 2468 1119 2500 stimulationem
1135 2470 1230 2499 Lond.
1501 2477 1574 2506 431.
1601 2469 1762 2508 sponsori
1778 2471 1819 2499 N.

784 2522 857 2551 432.
882 2515 928 2542 F:
953 2512 1144 2543 reuiuiscat
1161 2511 1307 2542 iamiam
1323 2513 1361 2541 E.

313 2612 387 2641 424.
412 2601 568 2641 cauebit]
585 2600 638 2631 Cf.
657 2600 720 2640 Ep.
739 2601 813 2639 568.
831 2611 882 2638 44.
1106 2600 1197 2629 from
1214 2598 1349 2630 Franco
1367 2599 1470 2640 (Epp.
1489 2609 1563 2639 522,
1581 2599 1667 2641 ἀφ).

313 2646 386 2685 436.
414 2644 616 2685 euangelia]
635 2644 686 2675 Cf.
706 2647 810 2682 Αιίαρ.
831 2645 926 2674 2016.
1141 2652 1215 2681 443.
1240 2642 1408 2673 suffectus
1445 2643 1515 2684 est]
1554 2644 1612 2674 He
1657 2644 1729 2675 had
1776 2645 1865 2675 been

315 2690 389 2727 438.
418 2688 463 2719 ad
482 2688 625 2728 Regem]
643 2688 705 2727 Ep.
726 2696 799 2726 533.
1100 2685 1309 2717 nominated
1326 2688 1362 2717 to
1382 2686 1458 2717 this
1475 2689 1577 2726 post;
1600 2688 1664 2718 but
1680 2697 1718 2718 as
1739 2687 1769 2718 it
1791 2698 1864 2719 was

313 2742 385 2771 439.
412 2731 568 2772 reddidi]
588 2732 651 2762 See
668 2731 729 2771 Ep.
749 2731 823 2770 568.
1099 2731 1162 2760 not
1178 2738 1224 2759 an
1244 2732 1410 2760 ordinaria
1431 2733 1522 2768 lectio,
1539 2731 1686 2762 Francis
1703 2731 1817 2762 found
1834 2732 1863 2762 it

307 2785 379 2814 441.
399 2776 560 2806 absentia
570 2773 802 2815 Cancellarii]
814 2774 861 2804 Le
872 2774 1029 2813 Sauvage
1099 2773 1316 2804 convenient
1328 2775 1392 2804 not
1404 2776 1440 2804 to
1452 2774 1505 2804 fill
1516 2775 1545 2804 it
1559 2784 1618 2814 up.
1666 2775 1864 2806 Glareanus

272 2828 341 2848 was
372 2821 407 2849 at
439 2819 613 2857 Cambray
646 2818 686 2848 18
710 2818 879 2856 Feb.—17
909 2817 1029 2848 March
1099 2827 1144 2847 on
1167 2816 1226 2847 his
1249 2817 1323 2847 side
1347 2817 1451 2848 made
1473 2817 1685 2858 difficulties,
1704 2818 1865 2858 refusing

276 2871 354 2900 1517
370 2862 528 2902 (Brewer
544 2863 581 2892 ii.
596 2871 692 2901 2940,
707 2870 803 2901 2943,
816 2862 918 2899 3032)
932 2873 940 2900 3
955 2861 1030 2900 just
1099 2862 1135 2890 to
1150 2866 1269 2899 accept
1284 2860 1347 2890 the
1368 2871 1438 2901 pay
1448 2861 1568 2891 which
1583 2861 1653 2892 had
1670 2862 1862 2893 contented

271 2905 376 2935 about
408 2906 470 2936 the
499 2906 587 2936 time
616 2905 723 2936 when
761 2905 930 2935 Erasmus
963 2913 1032 2935 was
1100 2903 1263 2934 Faustus.
1304 2904 1368 2935 See
1383 2905 1594 2936 Fritzsche’s
1606 2907 1748 2944 Glarean,
1760 2914 1793 2945 p.
1804 2915 1865 2944 23;

271 2948 473 2988 composing
485 2949 541 2979 his
558 2948 684 2988 replies
697 2950 731 2980 to
744 2949 805 2979 the
820 2948 1032 2978 invitat-icus
1099 2947 1170 2978 and
1187 2946 1230 2978 cf.
1250 2947 1311 2987 Ep.
1329 2948 1404 2986 766.
1427 2957 1446 2987 3
1460 2958 1490 2978 n.
