2034 3433
385 201 466 239 580
844 195 1098 236 LETTERS
1136 196 1206 236 01·
1244 196 1508 236 ERASMUS
1845 194 1975 248 [1519

385 302 627 351 decertatur,
650 303 748 341 hinc
775 315 799 340 a
828 301 964 340 Leone
993 301 1178 339 Romano
1209 300 1423 348 Pontifice,
1447 301 1547 339 hinc
1577 314 1601 338 a
1626 300 1844 339 Francisco
1864 302 1978 351 Rege

385 368 614 416 Gallorum,
637 367 735 406 hinc
760 380 784 405 a
803 366 947 406 Carolo
973 366 1084 416 Rege
1103 365 1325 415 Catholico,
1347 366 1447 404 hinc
1465 379 1488 404 a
1509 365 1560 404 N.
1582 365 1845 405 serenissimo
1865 367 1975 417 Rege

385 433 612 481 Scotorum,
635 434 705 471 tua
724 434 865 470 tamen
884 430 1078 469 maiestas
1103 443 1194 469 mea
1219 431 1428 469 sententia
1446 430 1513 469 vel
1532 430 1609 469 hoc
1635 430 1806 469 nomine
1824 431 1976 481 praeci·

325 517 367 549 30
384 510 510 548 puam
541 497 667 536 huius
699 497 852 547 gloriae
884 498 1045 546 partem
1077 498 1269 544 meretur,
1307 496 1424 534 cuius
1460 496 1728 545 potissimum
1765 496 1970 546 auspiciis,

384 563 565 611 hortatu,
585 562 888 613 prudentiaque
908 561 1125 612 negocium
1145 561 1222 599 hoc
1243 563 1285 599 et
1304 562 1541 611 susceptum
1566 562 1629 600 est
1648 563 1688 599 et
1707 563 1972 611 temperatur.

384 628 490 668 Cum
518 628 632 667 enim
660 628 871 667 Romanus
900 626 1104 675 Pontifex,
1128 626 1241 676 pacis
1267 626 1422 676 alioqui
1452 626 1757 676 cupidissimus,
1781 627 1831 665 de
1859 626 1976 677 quin-

384 693 617 744 quennibus
653 707 798 743 regum
836 693 995 743 aliquot
1035 691 1216 730 induciis
1249 691 1450 731 duntaxat
1484 693 1636 742 ageret,
1669 693 1741 730 tua
1774 692 1979 731 celsitudo

383 772 536 810 pacem,
561 760 605 797 vt
624 772 717 809 spes
736 760 808 806 est,
831 759 1040 797 aeternam
1059 757 1170 796 inter
1194 758 1279 796 tam
1305 758 1461 796 multos
1487 757 1695 807 principes
1712 757 1843 797 totius
1863 757 1977 796 orbis

325 840 363 872 35
382 824 696 875 potentissimos
729 823 974 864 arctissimis
1020 822 1256 861 foederibus
1306 822 1558 861 conciliauit.
1617 823 1651 861 Ο
1692 825 1836 872 pectus
1879 835 1974 861 vere

382 889 553 939 regium,
578 903 601 928 0
634 891 821 928 mentem
858 888 1062 928 excelsam
1100 889 1140 926 et
1172 887 1409 927 Christiano
1439 888 1664 927 monarcha
1697 901 1792 927 cum
1825 887 1974 938 primis

384 955 577 1005 dignam!
636 955 743 993 Cum
763 968 885 993 nemo
906 967 1050 1005 regum
1070 953 1202 1004 magis
1222 953 1416 992 omnibus
1437 953 1654 1004 praesidiis
1674 953 1900 992 instructus
1920 952 1978 992 sit

383 1020 434 1059 ad
462 1021 632 1066 bellum,
654 1023 796 1060 tamen
824 1033 946 1059 omne
975 1019 1161 1058 studium
1191 1031 1416 1069 omnesque
1435 1019 1542 1056 vires
1572 1019 1732 1057 confers
1759 1018 1810 1056 ad
1830 1032 1972 1068 pacem

383 1085 495 1124 orbis
514 1086 767 1125 sarciendam
784 1100 793 1134 ;
821 1086 1046 1136 prudenter
1060 1084 1310 1135 perspiciens
1328 1083 1439 1122 nihil
1457 1097 1545 1122 esse
1561 1083 1830 1133 perniciosius
1849 1097 1975 1134 quam

321 1167 364 1198 40
383 1150 643 1190 Christianos
662 1151 834 1201 populos
854 1150 1015 1189 mutuis
1040 1149 1272 1189 latrociniis
1296 1163 1342 1188 ac
1369 1149 1492 1188 bellis
1518 1149 1628 1188 inter
1647 1162 1735 1188 sese
1753 1150 1971 1198 committi,

382 1229 457 1256 nec
475 1216 561 1255 vlla
588 1231 631 1255 re
659 1219 826 1266 gentem
855 1215 1149 1256 Christicolam
1177 1228 1300 1266 aeque
1330 1214 1638 1254 formidabilem
1667 1215 1783 1254 reddi
1812 1217 1975 1254 nostrae

382 1281 595 1332 religionis
616 1282 808 1321 hostibus
827 1283 951 1332 atque
967 1281 1202 1332 principum
1222 1294 1266 1319 ac
1285 1281 1533 1331 populorum
1553 1281 1781 1320 concordia.

435 1347 567 1386 Istam
580 1361 677 1386 vero
697 1349 882 1386 mentem
896 1347 973 1386 tibi
993 1359 1251 1397 nequaquam
1270 1359 1342 1396 pro
1362 1347 1547 1395 tempore
1565 1348 1777 1396 sumptam
1796 1359 1883 1386 esse
1902 1346 1974 1385 sed

380 1425 549 1463 prorsus
577 1413 749 1452 insitam
778 1415 934 1461 natura,
965 1412 1032 1451 vel
1060 1411 1165 1451 illud
1195 1413 1257 1450 sat
1284 1411 1519 1462 argumenti
1549 1413 1622 1459 est,
1654 1412 1761 1462 quod
1792 1411 1837 1450 in
1865 1411 1973 1450 bello

320 1492 362 1525 45
383 1478 553 1527 GaHico,
578 1479 687 1528 quod
714 1480 761 1517 vt
786 1478 959 1526 inuitus,
981 1477 1040 1517 ita
1063 1490 1137 1527 pro
1164 1477 1315 1528 pietate
1341 1476 1575 1516 Christiana
1601 1489 1844 1527 susceperas,
1872 1477 1974 1516 adeo

381 1542 560 1582 ciuiliter
591 1543 769 1594 adeoque
800 1543 1024 1582 clementer
1053 1544 1094 1581 te
1123 1542 1296 1593 gesseris
1316 1544 1362 1580 vt
1391 1541 1492 1580 satis
1520 1542 1697 1595 liqueret
1727 1542 1802 1581 tibi
1829 1555 1972 1592 pacem

380 1608 514 1658 magis
533 1622 620 1647 esse
641 1609 761 1657 cordi,
786 1608 868 1647 nisi
888 1610 929 1646 te
948 1608 1078 1646 totius
1098 1607 1212 1646 orbis
1232 1606 1520 1657 Ecclesiaeque
1541 1606 1801 1646 Christianae
1820 1608 1974 1656 pericu-

379 1673 469 1712 lum
497 1673 547 1712 ad
576 1686 691 1712 arma
710 1675 896 1712 vocasset
925 1675 1009 1722 aut,
1032 1676 1078 1712 vt
1107 1672 1259 1711 melius
1285 1673 1431 1720 dicam,
1454 1671 1731 1721 compulisset.
1791 1673 1875 1712 Nec
1905 1673 1973 1712 his

379 1740 608 1786 contentus,
625 1752 768 1788 pacem
790 1741 862 1777 tua
882 1738 1106 1789 prudentia
1123 1740 1275 1787 tuaque
1294 1738 1512 1776 autoritate
1527 1739 1686 1787 partam
1707 1738 1793 1776 suis
1812 1738 1972 1777 artibus

321 1819 362 1851 50
380 1817 524 1842 ornare
539 1805 690 1852 studes,
715 1817 766 1842 ne
786 1804 853 1843 vel
875 1804 986 1842 iners
1005 1806 1076 1842 aut
1098 1803 1232 1842 ociosa
1250 1803 1443 1842 videatur
1461 1802 1528 1841 vel
1551 1802 1675 1840 luxus
1695 1815 1740 1840 ac
1765 1803 1971 1842 malarum

378 1868 643 1918 voluptatum
668 1869 879 1918 magistra.
938 1867 1187 1916 Latrocinia,
1217 1880 1240 1906 a
1268 1867 1418 1918 quibus
1443 1867 1550 1906 nihil
1576 1868 1776 1906 hactenus
1797 1881 1970 1918 vsquam

378 1936 519 1973 tutum
539 1936 625 1973 erat
650 1934 696 1973 in
723 1933 890 1984 Angha,
915 1933 1020 1972 mira
1050 1934 1270 1972 seueritate
1291 1933 1524 1983 compescis,
1550 1934 1745 1971 nocentes
1763 1934 1968 1984 profligas,

377 1999 523 2038 ociosis
542 1999 758 2038 erronibus
779 1999 982 2038 ditionem
998 2001 1115 2038 tuam
1134 1999 1297 2047 liberas,
1319 1998 1442 2037 bonis
1460 1998 1620 2049 legibus
1639 1998 1825 2049 vigorem
1846 2013 1970 2039 suum

378 2077 554 2113 reuocas,
576 2065 750 2104 inutiles
768 2065 893 2112 tollis,
909 2065 1106 2104 salutares
1121 2063 1284 2104 sufficis.
1318 2064 1581 2114 Optimarum
1600 2063 1814 2103 literarum
1834 2065 1972 2105 studia

318 2145 358 2178 55
375 2130 568 2180 prouehis
584 2145 594 2178 3
622 2130 792 2180 pietatis
812 2130 1078 2180 disciplinam
1097 2143 1192 2169 cum
1212 2130 1321 2180 apud
1348 2142 1493 2168 omnes
1518 2131 1610 2168 tum
1630 2142 1729 2168 vero
1754 2129 1969 2180 praecipue

377 2195 486 2245 apud
506 2195 730 2234 monachos
748 2208 794 2234 ac
813 2196 982 2234 clericos
1000 2196 1217 2244 instauras,
1231 2194 1341 2233 haud
1362 2194 1530 2244 ignarus
1548 2194 1599 2232 ab
1619 2194 1685 2233 his
1703 2195 1969 2245 potissimum

376 2272 544 2299 manare
562 2260 609 2298 in
627 2260 793 2310 plebem
811 2274 977 2299 morum
991 2261 1057 2300 vel
1072 2260 1356 2310 integritatem
1368 2260 1436 2299 vel
1450 2260 1724 2310 corruptelam
1739 2274 1749 2298 ε
1775 2260 1968 2299 videlicet

376 2324 512 2363 modis
537 2325 730 2364 omnibus
755 2325 832 2364 hoc
859 2338 995 2375 agens,
1016 2327 1062 2364 vt
1090 2325 1157 2364 his
1185 2325 1427 2375 praecipuus
1455 2325 1510 2363 sit
1537 2325 1670 2363 honos
1689 2325 1760 2375 qui
1786 2325 1968 2364 maxime

377 2389 642 2439 praecellunt,
666 2390 732 2429 vel
761 2390 1001 2442 integritate
1028 2404 1195 2430 morum
1214 2390 1280 2429 vel
1308 2390 1460 2429 eximia
1488 2390 1675 2429 doctrina
1693 2390 1772 2439 vel,
1794 2391 1902 2441 quod
1922 2392 1968 2430 vt

1461 2498 1515 2528 52.
1540 2489 1580 2519 in
1596 2488 1728 2528 Anglia
1743 2491 1817 2520 add.
1835 2491 1875 2520 H.

460 2489 512 2526 36.
537 2489 574 2518 et
589 2490 639 2518 F:
663 2498 682 2518 o
698 2490 736 2520 E.
883 2498 936 2527 42.
958 2489 1066 2528 atque
1081 2491 1131 2519 F:
1155 2497 1263 2528 quam
1281 2490 1318 2520 E.

418 2576 470 2607 28.
498 2575 557 2617 N.]
574 2576 667 2607 That
682 2576 851 2607 Erasmus
868 2586 941 2608 was
955 2577 1084 2608 unable
1101 2579 1137 2608 to

374 2619 453 2658 give
469 2628 489 2650 a
505 2629 610 2650 name
632 2621 668 2650 to
687 2620 806 2651 James
823 2630 855 2658 v,
877 2623 1035 2661 suggests
1056 2621 1137 2652 that

372 2663 469 2693 since
490 2663 553 2694 the
577 2663 684 2694 death
705 2663 744 2694 of
761 2664 966 2695 Alexander
985 2664 1138 2695 Stewart

374 2707 410 2736 at
431 2706 591 2737 Flodden
615 2707 691 2746 (Ep.
712 2707 784 2746 604.
808 2707 890 2747 2n.)
907 2708 952 2738 he
975 2708 1046 2738 had
1069 2707 1138 2739 lost

372 2750 479 2780 touch
496 2750 587 2780 with
603 2750 759 2781 Scottish
775 2750 906 2782 affairs.

415 2801 467 2831 34.
493 2793 629 2834 pacem]
644 2793 698 2833 By
711 2793 772 2825 the
785 2794 912 2834 Treaty
925 2794 964 2825 of
973 2794 1134 2834 London,

373 2835 447 2867 Oct.
471 2837 563 2874 1518,
583 2837 646 2867 the
663 2839 762 2868 truce
774 2838 946 2878 proposed
958 2838 1005 2877 by
1016 2837 1084 2868 Leo
1099 2847 1136 2869 as

373 2878 611 2919 preliminary
628 2881 663 2911 to
679 2881 741 2911 the
759 2880 913 2912 Crusade
932 2890 1006 2911 was
1022 2882 1135 2912 trans-

373 2922 509 2953 formed
540 2924 618 2954 into
649 2934 669 2954 a
697 2925 876 2955 universal
914 2934 1019 2964 peace
1034 2935 1042 2963 ;
1077 2933 1134 2956 see

373 2964 565 3005 Creighton
582 2968 628 2998 iv.
640 2975 715 3006 251,
733 2977 807 3007 253.

413 3018 464 3046 44.
489 3009 581 3040 bello
609 3010 762 3051 Gallico]
791 3011 864 3042 The
901 3011 1066 3042 invasion
1099 3011 1138 3042 of

371 3049 506 3082 France
537 3052 576 3083 in
610 3062 701 3093 1513,
742 3055 879 3094 though
917 3055 1032 3085 under
1069 3054 1131 3086 the

1204 2575 1968 2661 {2311EfetsstssiffliyLessisssstffdpsffissssy,

1203 2673 1260 2694 see
1290 2663 1436 2694 Brewer
1459 2664 1481 2695 i.
1506 2673 1565 2703 pp.
1593 2663 1746 2703 xliii—lv,
1774 2664 1968 2704 Creighton

1204 2707 1250 2738 iv.
1286 2707 1358 2745 183.
1417 2707 1488 2738 But
1518 2706 1618 2738 Colet
1647 2706 1719 2738 had
1749 2708 1854 2747 given
1886 2708 1915 2739 it
1945 2718 1966 2739 a

1203 2748 1380 2790 grudging
1402 2750 1569 2790 approval
1593 2750 1721 2791 (Lond.
1741 2760 1799 2784 xv.
1819 2760 1868 2790 14,
1895 2750 1965 2782 LB.

1203 2802 1276 2833 435,
1303 2794 1363 2832 461
1381 2793 1462 2834 A-E)
1481 2804 1489 2832 ;
1525 2793 1597 2824 and
1624 2793 1805 2835 Erasmus,
1829 2794 1964 2835 though

1202 2847 1248 2868 an
1265 2837 1466 2868 enthusiast
1483 2837 1538 2868 for
1552 2846 1668 2877 peace,
1682 2847 1755 2869 was
1769 2837 1913 2878 willing
1927 2839 1965 2869 to

1202 2880 1325 2920 regard
1340 2881 1370 2911 it
1386 2881 1425 2912 in
1440 2880 1505 2912 the
1521 2890 1618 2911 same
1633 2880 1737 2920 light.
1783 2881 1854 2913 His
1870 2890 1963 2912 com-

1201 2924 1409 2955 mendation
1437 2924 1476 2955 of
1497 2923 1655 2963 Henry⁷s
1678 2924 1902 2956 moderation
1923 2925 1963 2956 in

1201 2966 1265 2998 the
1281 2967 1434 2999 conduct
1449 2967 1488 2998 of
1502 2967 1565 2998 the
1581 2977 1654 2998 war
1669 2967 1700 2999 is
1717 2967 1962 3000 corroborated

1199 3011 1247 3050 by
1271 3010 1445 3050 Polydore
1461 3010 1592 3051 Vergil,
1623 3013 1718 3050 Anyl.
1743 3014 1840 3051 Hist„
1866 3020 1960 3052 1555,

1198 3055 1306 3094 xxvii,
1326 3065 1360 3095 p.
1377 3056 1451 3095 639.
1469 3065 1567 3095 3—17.
