2034 3433
137 156 236 211 890]
552 156 704 198 FROM
740 154 1006 195 WILLIAM
1044 153 1314 193 BUDAEUS
1650 155 1729 192 435

135 276 228 301 meo
254 264 471 312 antepono.
533 260 674 311 Neque
707 272 803 298 vero
831 258 938 297 mihi
961 259 1090 297 vllam
1119 271 1207 297 esse
1237 271 1354 309 spem
1381 258 1560 308 positam
1590 257 1634 296 in
1664 257 1728 295 de-

134 327 320 367 fensione
351 326 482 375 video,
520 339 614 365 cum
648 338 723 364 nec
757 324 796 362 ei
828 323 1051 364 inficiando
1085 323 1252 362 crimini
1286 336 1372 362 esse
1409 323 1576 373 possim,
1611 322 1730 361 cuius

134 393 254 432 toties
281 393 365 432 iam
391 392 628 442 suspectum
649 392 696 429 tu
722 389 890 439 quidem
915 402 981 427 me
1002 388 1195 444 habuisti,
1217 388 1341 427 amici
1360 390 1499 427 autem
1518 388 1582 426 tui
1602 388 1727 426 etiam

135 458 435 504 manifestum3
472 470 548 495 nec
580 454 805 495 maleuolae
843 454 996 492 mentis
1034 454 1311 503 suspicionem
1348 453 1565 503 deprecari,
1598 466 1727 503 quum

134 522 261 561 fixam
281 522 325 560 in
345 521 592 572 praecordiis
607 522 678 559 aut
693 519 777 558 tuis
792 521 864 557 aut
879 521 1048 557 tuorum
1063 519 1238 557 euellere
1253 519 1491 568 opinionem
1511 531 1724 568 nequeam.
1749 531 1788 552 20

137 587 187 626 Id
207 588 314 639 quod
340 587 374 626 si
399 587 530 625 facere
553 585 729 625 mediter
752 586 847 634 post
873 583 985 622 istud
1006 584 1316 634 praeiudicium,
1339 584 1384 622 in
1404 584 1581 622 alterum
1601 584 1728 623 etiam

135 652 292 691 crimen
326 652 498 691 fortasse
529 664 596 689 me
625 649 806 696 induam,
845 648 1123 699 impudentiae
1155 649 1325 697 scilicet,
1361 648 1600 699 praesertim
1632 661 1728 687 cum

134 718 242 768 apud
271 717 383 756 istud
413 715 596 755 tribunal
625 727 789 753 causam
824 714 977 752 dicenti
1011 714 1148 753 inanis
1180 714 1416 764 loquacitas,
1449 715 1495 753 vt
1525 715 1570 752 tu
1605 713 1728 763 plane

135 782 354 833 significaS,
376 794 523 831 parum
543 780 610 820 vel
632 779 729 818 fidei
753 778 822 818 vel
841 779 1073 818 autoritatis
1093 778 1147 817 sit
1165 779 1431 817 conciliatura
1447 793 1456 818 ε
1486 778 1638 828 quippe
1656 777 1728 818 vbi

135 847 278 886 solidis
297 848 462 886 tantum
488 844 761 895 argumentis,
780 844 930 894 quibus
952 843 1127 882 minime
1151 844 1355 894 pollemus
1374 845 1446 881 tuo
1467 843 1596 893 ipsius
1616 843 1728 882 testi·
1750 857 1786 888 25

136 912 291 961 monio,
311 925 416 962 aqua
434 910 635 959 funditur,
655 911 702 950 vt
721 909 850 948 aiunt.

190 979 330 1028 Atque
348 977 549 1016 hactenus
571 975 766 1025 epistolae
786 976 881 1013 tuae
904 987 1073 1012 sensum
1094 973 1274 1012 dilucide
1293 975 1504 1012 assecutus
1524 986 1629 1020 sum,
1654 986 1727 1010 nec

136 1055 356 1092 prouocare
383 1042 434 1080 ab
463 1039 818 1091 interpretationis
850 1040 946 1077 tuae
979 1038 1182 1077 sententia
1218 1040 1465 1088 tuorumque
1499 1038 1727 1076 amicorum

135 1107 273 1155 statui,
294 1107 374 1146 etsi
403 1106 510 1145 mihi
536 1105 689 1155 iniqua,
713 1118 787 1142 nec
815 1104 866 1142 ad
893 1117 1134 1142 communes
1165 1117 1239 1142 nec
1273 1104 1323 1142 ad
1347 1117 1462 1142 meos
1490 1103 1653 1150 amieos,
1677 1103 1728 1141 ad

136 1185 240 1222 quos
264 1174 311 1211 tu
337 1185 404 1210 me
429 1170 589 1218 reiicis3
619 1183 855 1220 quanquam
881 1169 947 1207 illi
969 1171 1057 1208 tam
1081 1182 1323 1219 peruersum
1343 1182 1468 1219 quam
1487 1181 1562 1218 ego
1582 1168 1658 1206 hac
1679 1168 1728 1206 de
1753 1182 1791 1213 30
1810 1171 1817 1178 “

137 1251 178 1276 re
210 1237 409 1276 iudicium
439 1236 628 1283 habeant,
663 1234 702 1272 id
737 1237 800 1272 est
831 1248 854 1272 a
884 1236 1051 1272 tuorum
1087 1247 1255 1283 prorsus
1288 1234 1514 1272 diuersum.
1570 1233 1727 1272 Verum

137 1303 245 1352 quod
271 1301 470 1341 conuiciis
498 1303 653 1339 certare
678 1299 899 1349 indignum
926 1302 967 1337 te
993 1312 1081 1338 esse
1105 1299 1218 1347 dicis,
1241 1312 1317 1337 nec
1338 1298 1534 1337 oblectari
1553 1298 1725 1344 canillis,

135 1367 213 1406 hoc
244 1370 451 1418 quatenus
481 1366 529 1405 ad
559 1378 628 1403 me
657 1365 862 1414 pertineat
891 1377 975 1402 non
1005 1363 1212 1414 percipi03
1242 1377 1326 1402 non
1356 1363 1469 1401 enim
1498 1363 1727 1413 vsqueadeo

135 1432 426 1471 exacerbatum
446 1433 487 1470 te
505 1443 592 1469 esse
614 1431 716 1480 puto
743 1431 790 1467 vt
817 1429 916 1468 haec
943 1429 988 1467 in
1017 1442 1085 1467 me
1112 1429 1276 1468 dixeris.
1335 1429 1391 1466 Et
1412 1431 1554 1467 tamen
1577 1441 1629 1465 ne
1652 1427 1728 1466 hoc

136 1497 261 1536 latius
279 1496 400 1535 vlcus
418 1497 562 1545 serpat,
586 1495 748 1545 quando
772 1493 934 1541 discuti,
956 1496 1002 1532 vt
1026 1493 1155 1542 video,
1179 1507 1266 1532 non
1286 1495 1432 1543 potest,
1455 1493 1728 1531 circunciden-
1749 1507 1788 1538 35

136 1562 238 1600 dum
264 1574 350 1600 esse
377 1573 532 1609 censeo,
555 1562 602 1599 vt
630 1559 740 1597 inter
766 1572 842 1597 nos
865 1558 1035 1608 posthac
1058 1558 1225 1597 silentio
1253 1558 1583 1608 acquiescamus:
1612 1559 1653 1596 et
1681 1559 1729 1597 tu

135 1626 353 1677 epistolam
374 1639 511 1664 meam
526 1625 739 1675 prolixam,
759 1626 806 1662 vt
822 1636 953 1671 vocaS,
972 1624 1014 1662 id
1031 1626 1094 1662 est
1108 1637 1408 1673 superuacanea
1423 1625 1464 1661 et
1480 1622 1729 1661 redundanti

135 1692 381 1742 loquacitate
411 1690 607 1738 odiosam,
634 1689 867 1739 supprimas
895 1691 1018 1738 atque
1048 1689 1173 1727 etiam
1204 1701 1435 1738 concerpas,
1458 1688 1495 1726 si
1522 1688 1634 1735 libet,
1658 1689 1729 1726 aut

136 1770 268 1807 pruna
296 1759 337 1795 et
366 1755 573 1795 cineribus
602 1754 779 1801 obruas;
810 1756 850 1792 et
877 1754 928 1793 ad
956 1756 1072 1792 tuam
1097 1768 1170 1805 ego
1189 1754 1275 1792 iam
1293 1754 1520 1803 vulgatam,
1541 1754 1588 1792 vt
1608 1753 1729 1791 hodie

135 1835 210 1872 ego
238 1821 421 1872 primum
454 1820 551 1868 vidi,
585 1819 878 1868 obmutescam,
909 1832 984 1857 nec
1012 1818 1121 1859 vltra
1150 1819 1228 1857 tibi
1261 1819 1478 1869 negocium
1516 1818 1725 1857 facessam.
1748 1835 1790 1865 40

137 1887 216 1926 Sed
246 1901 320 1925 cur
349 1899 417 1925 me
450 1899 497 1924 eo
529 1887 773 1935 argumento
806 1884 1032 1923 lacessebas
1064 1898 1150 1923 non
1185 1884 1384 1933 intelligo,
1423 1883 1628 1934 siquidem
1662 1896 1729 1920 me

137 1952 378 2002 respondere
407 1951 586 1989 nolebas.
642 1950 731 1999 Ego
761 1949 869 1987 mihi
896 1948 1104 1987 indictum
1133 1962 1156 1987 a
1184 1951 1227 1986 te
1256 1948 1473 1987 silentium
1503 1948 1658 1997 accipio
1689 1949 1730 1985 et
1774 1972 1778 1977 -

136 2017 361 2067 amplector
390 2019 442 2063 et,
476 2016 512 2054 si
544 2028 616 2066 per
646 2016 689 2053 te
718 2014 891 2061 licuerit,
927 2014 1114 2052 seruabo.
1171 2015 1328 2052 Mirum
1358 2026 1483 2063 quam
1517 2014 1651 2051 fatuas
1683 2026 1728 2051 ac

137 2081 324 2131 stupidas
351 2093 469 2119 aures
495 2080 681 2127 habeam,
707 2079 777 2129 qui
806 2092 901 2117 cum
928 2079 1144 2128 epistolam
1171 2078 1288 2117 illam
1311 2079 1515 2116 nefastam
1539 2091 1584 2116 ac
1607 2078 1726 2116 scele-

138 2149 269 2185 ratam
288 2148 382 2196 post
400 2147 493 2184 tuas
517 2146 701 2194 acceptas
725 2144 866 2182 literas
892 2157 1009 2193 saepe
1033 2144 1179 2194 legam,
1204 2157 1256 2182 ne
1280 2145 1397 2181 tanto
1418 2143 1586 2192 quidem
1606 2143 1727 2181 inter·
1747 2157 1787 2188 45

139 2211 249 2250 uallo
277 2212 503 2249 retractans
529 2211 571 2247 et
595 2222 664 2247 me
691 2209 899 2258 legentem
925 2208 1108 2256 audiens,
1138 2208 1253 2247 virus
1282 2208 1387 2246 illud
1410 2207 1729 2246 maleuolentiae

137 2277 206 2315 vel
243 2275 439 2326 quicquid
476 2274 596 2313 vobis
632 2287 775 2312 vocare
808 2273 911 2311 libet
950 2273 1219 2322 deprehendo,
1257 2273 1365 2322 quod
1404 2275 1616 2322 tantopere
1653 2286 1730 2312 vos
1778 2297 1781 2302 -

138 2341 340 2381 offendit:
377 2341 423 2378 in
454 2353 548 2395 quo·
567 2339 708 2378 iudicii
741 2339 824 2377 mei
854 2338 1151 2377 absurditatem
1188 2350 1361 2388 agnosco
1398 2339 1439 2376 et
1475 2337 1602 2376 vestri
1635 2338 1730 2376 acri·

138 2407 334 2446 moniam.

193 2471 274 2510 Sed
303 2484 377 2520 per
409 2470 545 2508 Deum
575 2468 868 2516 immortalem,
900 2469 1043 2507 vtrum
1074 2469 1119 2506 in
1149 2468 1286 2517 priore
1319 2466 1517 2517 epistolae
1545 2469 1660 2517 parte
1688 2470 1729 2506 te
1750 2481 1792 2512 50

139 2535 304 2584 offendi,
340 2536 385 2574 in
418 2548 498 2584 qua
535 2534 846 2584 disceptationis
879 2536 974 2572 tuae
1008 2547 1102 2572 cum
1141 2533 1272 2571 Fabro
1305 2533 1464 2571 mentio
1496 2532 1556 2579 fit,
1592 2546 1647 2571 an
1684 2533 1728 2571 in

139 2601 376 2652 posteriore,
413 2600 459 2637 in
493 2613 573 2650 qua
602 2598 880 2638 conditionem
914 2598 994 2637 tibi
1026 2599 1182 2648 regiam
1212 2597 1447 2636 denuncio?
1504 2597 1547 2635 Si
1576 2598 1621 2636 in
1655 2598 1728 2636 illa
1775 2625 1778 2628 -

139 2669 255 2718 parte
277 2665 426 2716 potius,
449 2678 521 2703 cur
545 2665 595 2703 ad
622 2678 688 2703 me
712 2664 841 2714 igitur
869 2666 1031 2703 tantam
1056 2664 1274 2713 epistolam
1297 2662 1510 2712 scripsisti,
1533 2665 1595 2701 tot
1615 2675 1729 2712 argu-

183 2795 234 2823 24.
263 2783 466 2815 autoritatis
481 2785 561 2814 EF:
585 2785 668 2813 azias
682 2782 873 2822 patrocinii
889 2785 918 2812 E
934 2784 968 2811 in
984 2791 1083 2819 marq.
1229 2790 1282 2819 33.
1308 2781 1464 2820 percipio
1480 2783 1527 2811 F:
1553 2781 1733 2820 praecipio

140 2832 182 2860 Ε.
312 2837 366 2865 40.
391 2836 453 2866 ego
469 2829 544 2857 add.
562 2828 601 2857 N.
758 2835 810 2864 42.
835 2824 931 2855 EN⁸t
953 2825 1146 2855 inductum
1162 2823 1215 2854 Nl
1231 2827 1326 2854 Lond.

183 2936 234 2966 37.
259 2925 446 2965 epistolam
462 2924 596 2966 meam]
614 2924 675 2964 Ep.
695 2925 769 2955 810.
1009 2934 1060 2962 40.
1086 2922 1178 2963 vidi]
1196 2923 1234 2953 in
1252 2922 1302 2954 Dl.

226 2971 266 3001 vt
281 2968 400 3010 vocas]
425 2968 487 3009 Ep.
506 2969 580 3008 869.
601 2978 628 3001 1.
1011 2977 1061 3005 44.
1089 2966 1278 3006 epistolam
1294 2965 1412 3006 illam]
1438 2965 1502 3006 Ep.
1520 2966 1594 2996 810.

184 3023 235 3053 39.
261 3012 381 3053 tuam]
406 3012 469 3052 Ep.
488 3012 562 3051 778.
1012 3019 1063 3049 53.
1090 3008 1293 3050 epistolam]
1319 3009 1381 3050 Ep.
1401 3009 1473 3048 778.

888 3066 990 3104 Ff2
