2034 3433
238 311 276 333 10

240 1005 278 1026 20

240 1988 279 2019 35

241 2316 283 2346 40

294 129 372 167 156
756 129 1008 168 LETTERS
1047 128 1115 166 OF
1154 128 1419 167 ERASMUS
1760 129 1883 182 [1517

291 232 446 283 patriae
461 235 787 283 anteposueram,
808 232 1058 270 amoenitate
1073 232 1154 270 huc
1170 231 1381 270 nolentem
1392 231 1657 282 inuitumque
1671 233 1883 272 abstraxit.

293 297 506 347 Siquidem
523 297 752 337 Oardinalis
768 297 1014 335 Sanctorum
1033 298 1220 346 quatuor,
1239 297 1305 334 cui
1324 296 1412 334 illic
1432 297 1676 344 seruiebam,
1694 300 1886 347 nepotem

292 376 342 401 ex
373 363 498 401 fratre
529 376 652 400 suum
683 362 733 400 ad
768 362 954 400 Eluetios
992 362 1193 400 nuncium
1232 361 1520 411 Apostolicum
1557 362 1887 411 proficiscentem

292 427 408 478 sequi
432 441 498 465 me
523 427 667 466 iussit:
697 440 772 465 nec
799 440 872 476 ego
896 427 1063 478 δυσωπίᾳ
1088 426 1280 465 laborans
1305 426 1527 477 quicquam
1554 427 1591 464 ei
1620 440 1769 476 negare
1795 440 1887 466 sum

292 505 427 540 ausus,
453 505 689 542 quanquam
710 492 985 531 Homericum
1005 492 1111 531 illud
1130 505 1297 530 mecum
1316 492 1493 531 subinde
1513 495 1716 542 repetens,

679 577 787 617 Τίπτ’
808 578 864 624 ἂν,
887 579 914 616 ὦ
935 579 1102 629 δύστηνε,
1124 580 1243 617 λιπὼν
1263 580 1359 628 φάος
1378 580 1531 628 ἠελίοιο.

294 665 411 713 Quod
431 665 468 703 si
487 668 702 714 peccatum
722 665 887 715 aliquod
908 679 1051 705 meum
1070 666 1160 715 fuit,
1184 667 1267 705 iam
1287 669 1463 717 quatuor
1486 679 1650 705 menses
1669 665 1890 705 continuos

292 743 445 780 poenas
464 732 664 780 persoluo,
686 731 822 770 multo
847 731 972 770 etiam
994 731 1144 782 plures,
1167 733 1250 771 nisi
1275 733 1427 782 aliquis
1455 733 1556 771 deus
1581 732 1687 770 mihi
1712 730 1889 778 affuerit,

293 808 557 844 expensu1·uS‚
580 810 732 846 magno
752 810 799 835 ac
821 810 925 847 pene
949 797 1183 836 incredibili
1208 797 1354 837 solatio
1374 798 1575 847 priuatus,
1598 797 1729 836 Paceo
1748 799 1891 835 nostro

294 860 508 899 videlicet:
540 862 612 911 qui
631 862 829 911 quamdiu
845 862 1112 901 Constantiae
1131 862 1224 909 fuit,
1247 876 1314 901 me
1333 863 1488 902 crebris
1507 862 1891 911 amantissimisque

295 926 382 964 suis
400 925 533 964 literis
552 927 654 965 adeo
673 927 900 976 permulxit
918 929 964 967 vt
982 927 1049 967 vel
1068 928 1250 966 Athenis
1269 941 1359 967 esse
1378 928 1568 978 mihiipsi
1587 928 1760 966 viderer.

350 991 429 1029 Sed
450 992 549 1041 quid
568 1005 643 1041 ego
663 992 761 1031 haec
780 993 831 1031 ad
852 994 893 1031 te
907 995 927 1032 ⁶?
956 993 1075 1043 quasi
1093 995 1140 1031 tu
1159 993 1339 1032 miseriis
1359 995 1464 1032 meis
1483 993 1701 1032 audiendis
1720 991 1891 1032 omnino

294 1069 423 1094 vaces.
483 1057 550 1095 Me
587 1057 723 1097 adhuc
756 1071 888 1096 vnum
925 1060 1090 1106 recreat,
1128 1058 1295 1108 vigiliae
1333 1059 1491 1097 scilicet
1529 1072 1574 1097 ac
1611 1058 1769 1097 labores
1806 1056 1891 1096 tui:

296 1122 447 1171 quibus
466 1123 628 1161 assidue
648 1123 897 1162 incumbens
921 1124 1102 1174 regionis
1127 1124 1252 1163 huius
1276 1124 1434 1163 tedium
1458 1124 1756 1174 aliquantisper
1778 1122 1888 1162 fallo.

296 1186 415 1226 Inter
438 1190 594 1226 caetera
620 1202 751 1239 nuper
776 1189 859 1240 legi
886 1189 1135 1240 Apologiam
1162 1191 1278 1228 tuam
1300 1190 1344 1228 in
1374 1189 1571 1238 Fabrum,
1592 1203 1718 1239 quam
1738 1189 1893 1227 Beatus

296 1253 525 1292 Rhenanus
553 1268 576 1293 a
602 1256 641 1292 te
670 1255 752 1293 sibi
778 1255 951 1294 missam
981 1256 1031 1294 ad
1057 1269 1124 1294 me
1152 1255 1370 1306 legendam
1398 1255 1643 1294 transmisit.
1703 1254 1821 1293 Nihil
1846 1266 1893 1292 ea

240 1334 254 1355 2
296 1318 501 1357 eruditius
519 1319 626 1358 mihi
645 1320 783 1359 visum
810 1323 884 1360 est.
943 1321 1024 1361 Sed
1051 1321 1243 1367 Fabrum,
1266 1334 1400 1372 quem,
1421 1334 1516 1359 cum
1542 1320 1622 1371 ipsi
1644 1320 1776 1359 famae
1802 1321 1893 1358 tum

297 1384 478 1423 maxime
498 1385 588 1433 tibi,
607 1386 678 1436 qui
698 1386 844 1424 multis
863 1400 909 1425 ac
928 1387 1094 1437 magnis
1108 1386 1301 1425 laudibus
1319 1386 1535 1425 hominem
1551 1386 1657 1424 mihi
1673 1385 1892 1431 extuleras,

299 1449 478 1498 credens,
507 1464 592 1488 non
618 1451 759 1490 minus
781 1452 1032 1502 prudentem
1058 1466 1181 1503 quam
1205 1453 1372 1491 doctum
1398 1465 1559 1501 semper
1587 1450 1753 1499 credidi,
1774 1449 1894 1489 valde

299 1528 393 1553 sum
431 1516 616 1564 miratus,
650 1517 758 1567 quod
796 1519 836 1556 te
874 1518 1108 1568 petulanter
1145 1517 1246 1556 adeo
1283 1517 1483 1556 incessere
1517 1516 1698 1555 voluerit
1730 1517 1776 1554 vt
1810 1527 1895 1553 11011

298 1580 515 1619 literarum
540 1582 663 1620 modo
684 1582 753 1621 sed
774 1583 1009 1622 communis
1032 1583 1158 1622 etiam
1182 1596 1328 1622 sensus
1347 1583 1501 1622 oblitus
1525 1584 1728 1632 appareat.
1779 1580 1895 1630 Quod

242 1661 254 1673 ⁶
298 1646 349 1684 ad
375 1646 543 1685 altiores
573 1646 814 1697 disciplinas
839 1648 1004 1697 attinet,
1025 1662 1077 1687 ne
1103 1649 1202 1698 quid
1226 1662 1350 1698 supra
1370 1648 1553 1687 calceum
1572 1647 1763 1695 iudicem,
1787 1645 1895 1684 nihil

298 1711 490 1760 equidem
516 1712 696 1761 proferre
722 1714 866 1752 ausim.
927 1713 1045 1762 Quod
1070 1727 1169 1752 vero
1197 1714 1246 1753 ad
1273 1713 1466 1752 Latinam
1491 1714 1741 1752 Graecamue
1765 1712 1895 1750 litera·

299 1779 438 1815 turam
466 1778 657 1827 pertinet,
689 1779 739 1817 de
768 1779 934 1829 scriptis
960 1780 1044 1818 tuis
1074 1780 1188 1828 (nam
1221 1779 1335 1818 illius
1369 1778 1487 1829 attigi
1515 1776 1746 1828 nunquam)
1775 1776 1896 1816 valde

298 1842 514 1881 hominem
544 1842 640 1891 risi;
670 1857 744 1882 nec
772 1844 823 1882 ab
850 1844 924 1883 illo
950 1846 1090 1883 nostro
1118 1844 1188 1894 qui
1212 1846 1313 1895 παρὰ
1339 1845 1407 1893 τὴν
1435 1843 1580 1882 εἴσοδον
1612 1843 1674 1881 ‘id
1700 1844 1762 1881 est
1785 1842 1894 1892 apud

298 1907 558 1946 Hesiodum’
587 1909 885 1959 interpretatus
911 1910 1054 1959 fuerat,
1082 1910 1127 1948 in
1157 1909 1405 1960 quibusdam
1434 1909 1619 1947 multum
1647 1908 1895 1946 dissimilem

298 1973 456 2022 putaui.
533 1974 611 2012 Sed
647 1977 694 2012 tu
732 1976 894 2025 egregie
936 1988 1155 2025 personam
1197 1975 1261 2013 illi
1299 1974 1516 2013 detraxisti
1554 1987 1599 2012 ac
1636 1975 1678 2012 te
1717 1972 1897 2023 perbelle

298 2039 539 2077 vendicasti.
610 2039 750 2078 Audio
779 2053 933 2079 nouam
961 2040 1084 2078 illum
1114 2041 1159 2078 in
1187 2042 1227 2078 te
1262 2039 1645 2078 recriminationem
1678 2037 1896 2084 meditari3

300 2104 408 2153 quod
433 2104 607 2143 minime
635 2105 841 2143 facturum
869 2105 1001 2154 credo,
1030 2118 1126 2143 cum
1152 2106 1280 2144 sciam
1303 2105 1462 2154 gallum
1493 2105 1705 2142 deuictum
1733 2104 1896 2142 cantare

300 2182 385 2207 non
404 2170 678 2209 consueuisse.
738 2171 961 2221 Vtcunque
980 2172 1119 2209 autem
1140 2170 1378 2218 decreuerit,
1400 2169 1628 2208 Herculem
1652 2171 1799 2207 nactus
1819 2170 1892 2207 est.

355 2234 472 2282 Quod
501 2235 551 2273 ad
581 2238 764 2274 veterem
792 2248 928 2275 meam
957 2249 1052 2286 erga
1077 2238 1118 2274 te
1148 2235 1479 2274 beneuolentiam
1509 2234 1897 2283 obseruantiamque

301 2300 490 2349 pertinet,
512 2300 618 2338 nihil
637 2314 710 2350 ego
730 2314 842 2339 nunc
862 2303 1055 2351 repetam,
1074 2314 1127 2339 ne
1146 2301 1254 2351 quod
1270 2302 1429 2339 certum
1449 2302 1511 2339 est
1532 2301 1648 2350 quasi
1662 2300 1707 2337 in
1722 2299 1895 2337 dubium

303 2377 492 2403 reuocare
527 2366 694 2404 videar:
723 2379 808 2405 non
840 2367 977 2405 hercle
1010 2366 1143 2416 magis
1177 2379 1302 2416 quam
1335 2367 1383 2404 vt
1414 2365 1493 2404 tibi
1526 2365 1710 2415 gratuler
1743 2363 1897 2413 scripta

302 2430 441 2469 omnia
460 2433 531 2469 tua
550 2431 700 2481 vbique
719 2432 910 2481 gentium
929 2445 974 2471 ac
994 2432 1150 2470 Romae
1173 2431 1427 2480 praesertim,
1450 2430 1523 2469 vbi
1542 2443 1682 2468 rerum
1707 2428 1896 2467 omnium

349 2562 397 2582 10.
424 2553 575 2583 Sanctor
589 2555 658 2584 MS.
673 2564 679 2583 :
704 2563 779 2584 corr.
795 2556 833 2584 D.
972 2563 1020 2592 14.
1047 2553 1107 2585 D²z
1133 2552 1260 2583 δι’στυνε
1276 2555 1346 2583 MS.
1362 2562 1369 2581 z
1394 2550 1522 2591 δίστηνε
1539 2551 1591 2582 Dl.
1726 2560 1778 2582 20.
1803 2550 1848 2582 ad
1864 2552 1898 2582 te

302 2598 349 2627 D:
373 2598 434 2626 aut
450 2599 517 2627 MS.
642 2606 692 2636 29.
719 2598 830 2627 etiam
845 2599 920 2628 add.
937 2599 976 2629 D.
1099 2606 1152 2635 30.
1177 2596 1335 2627 iudicem
1351 2598 1419 2626 MS.
1438 2608 1445 2627 ι
1468 2597 1569 2626 sutor
1584 2598 1621 2626 D.
1741 2604 1795 2633 31.
1819 2604 1899 2634 pro-

304 2640 394 2669 ferre
410 2643 479 2671 MS.
495 2653 500 2671 :
525 2641 762 2680 pronunciare
778 2643 815 2672 D.
948 2649 1001 2679 33.
1026 2639 1086 2679 τὴν
1101 2643 1130 2670 D
1144 2651 1150 2671 :
1175 2638 1233 2670 τὸν
1249 2642 1317 2671 MS.
1467 2640 1521 2677 36.
1548 2647 1679 2669 nouam
1695 2640 1764 2670 MS.
1780 2649 1787 2669 ε
1810 2647 1896 2670 nam

302 2685 349 2715 F:
374 2684 446 2714 iam
464 2686 506 2714 H.
639 2693 691 2723 37.
718 2687 768 2714 D:
793 2684 939 2716 Gallum
954 2687 1022 2715 MS.

352 2816 401 2836 10.
428 2805 644 2846 Cardinalis]
663 2805 822 2836 Lorenzo
839 2805 954 2836 Pucci.
1135 2803 1210 2835 this
1226 2806 1324 2843 story
1341 2813 1439 2834 more
1460 2803 1554 2843 fully
1573 2804 1612 2834 in
1629 2804 1692 2834 the
1707 2806 1750 2834 De
1765 2806 1893 2840 Fracta,

393 2850 576 2889 nepotem]
602 2850 690 2880 Ant.
708 2849 842 2889 Pucci3
867 2859 924 2879 see
940 2859 972 2889 p.
992 2858 1066 2888 379.
1136 2848 1209 2878 Oct.
1241 2857 1334 2886 1517,
1358 2857 1390 2886 p.
1419 2847 1478 2886 78:
1522 2848 1658 2886 adding
1686 2847 1766 2877 that
1797 2846 1894 2885 Pius,

354 2901 405 2930 13.
431 2893 682 2932 Homericum]
701 2893 751 2923 Cf.
773 2895 825 2923 Od.
846 2902 895 2923 11.
914 2902 966 2932 93.
1135 2892 1256 2922 whose
1267 2900 1371 2921 name
1384 2891 1430 2921 he
1442 2891 1525 2921 does
1542 2893 1605 2922 not
1618 2892 1708 2930 give,
1727 2889 1896 2921 ‘iactauit

349 2944 403 2973 33.
429 2936 491 2966 illo
507 2936 646 2976 nostro]
660 2937 744 2975 Bap.
762 2936 856 2976 Pius,
875 2939 903 2966 D
915 2939 950 2966 in
965 2945 1064 2972 marq.
1134 2944 1170 2965 se
1187 2936 1374 2973 oratorem,
1389 2937 1424 2965 et
1441 2943 1566 2965 omnes
1581 2934 1895 2974 grammaticorum

307 2978 375 3009 For
390 2980 468 3009 him
485 2989 541 3011 see
559 2980 622 3019 Ep.
640 2981 714 3017 256.
730 2989 789 3018 137
803 2989 838 3010 n.
886 2980 973 3010 Pace
987 2979 1068 3010 tells
1135 2978 1246 3009 libros
1262 2978 1302 3008 in
1318 2978 1489 3009 latrinam
1507 2977 1771 3008 conficiendos?
