2034 3433
270 254 308 275 10

257 2213 299 2244 40

289 582 305 612 5
326 565 380 603 Et
413 568 555 603 tamen
584 565 654 602 hic
682 564 806 603 nidus
834 565 941 603 mihi
968 565 1191 615 plusquam
1221 566 1451 616 pistrinum
1489 568 1563 605 est.

267 905 280 924 2
324 903 345 928 e
379 890 606 940 longinquo
639 894 783 940 portus
818 893 1024 941 appareat.

331 135 409 173 192

792 139 1043 178 LETTERS
1082 139 1152 177 OF
1189 139 1457 179 ERASMUS
1797 138 1839 193 [1
1849 152 1869 188 5
1879 154 1893 178 1
1903 144 1927 178 8

328 254 536 291 quaquam
565 243 801 290 torquerem
833 241 996 280 diutino
1026 241 1109 278 mei
1139 241 1366 291 desyderio,
1399 242 1459 280 mi
1488 242 1716 290 Paschasi;
1750 244 1821 282 sed
1849 245 1930 294 pri-

326 319 445 345 mum
475 306 591 344 vides
616 306 716 343 anni
742 308 920 355 tempus,
944 319 1024 355 quo
1055 319 1141 343 non
1171 307 1308 344 solum
1334 306 1621 356 innauigabile
1648 320 1761 345 mare
1780 321 1926 348 verum

327 371 452 410 etiam
490 373 598 409 terra
628 370 886 418 immeabilis,
923 372 970 408 vt
1001 372 1139 408 tecum
1177 384 1296 421 agam
1331 371 1469 410 verbis
1507 371 1691 421 poeticis.
1764 373 1928 413 Deinde

327 449 373 474 ea
398 439 460 474 est
482 437 663 484 corporis
688 435 883 474 valetudo
905 437 950 473 vt
976 436 1046 473 vix
1074 449 1165 474 eam
1189 438 1307 475 tuear
1328 437 1443 475 domi
1465 437 1633 475 abditus
1656 439 1698 476 et
1717 438 1769 476 ad
1788 438 1926 478 focum

325 500 588 539 luculentum
629 500 915 548 obambulans,
951 503 1023 539 aut
1061 502 1241 552 coccycis
1274 501 1319 540 in
1353 514 1513 540 morem
1550 503 1648 541 nido
1686 502 1921 542 immersus.

1623 568 1775 606 Versor
1810 569 1925 607 enim

324 631 369 668 in
398 630 536 668 labore
566 630 686 680 longe
717 630 907 669 omnium
947 631 1259 678 molestissimo,
1292 633 1337 670 in
1366 646 1447 682 quo
1477 634 1618 671 tamen
1647 633 1732 672 iam
1759 646 1808 672 eo
1837 647 1925 683 pro·

325 697 468 733 uectus
504 708 598 733 sum
636 697 683 733 vt
720 709 792 743 per
831 695 1099 735 densissimas
1137 698 1295 736 montis
1333 697 1508 747 perfossi
1545 699 1747 746 tenebras,
1790 699 1925 749 qualis

323 761 604 810 penetrandus
631 763 693 799 est
720 760 897 810 Neapoli
921 760 1073 800 Cumas
1096 762 1358 810 adeuntibus,
1382 762 1527 812 procul
1556 762 1754 812 exiguum
1778 763 1924 802 lumen

325 838 398 863 ceu
429 825 551 863 stella
584 826 761 875 quedam
792 826 951 864 exitum
986 826 1213 876 promittat,
1245 829 1368 877 atque
1407 827 1451 865 in
1485 827 1683 865 fluctibus
1716 827 1926 867 laboranti

1087 891 1206 930 Intra
1237 905 1439 940 mensem,
1477 892 1703 930 auxiliante
1742 892 1919 941 Christo,

323 969 372 994 ex
402 957 480 994 1100
512 956 752 1006 labii-yntho
786 970 853 995 me
887 956 1108 996 extricabo,
1180 957 1297 1005 Quod
1334 957 1369 996 si
1401 971 1512 996 nunc
1543 957 1658 995 labor
1695 957 1764 996 hic
1801 957 1924 997 inter-

324 1023 594 1071 rumperetur,
618 1034 836 1071 nunquam
864 1021 1006 1060 animo
1035 1035 1129 1060 meo
1159 1035 1307 1072 queam
1336 1022 1541 1073 imperare
1570 1025 1616 1060 vt
1641 1035 1810 1061 rursum
1838 1036 1928 1062 sese

322 1087 369 1124 in
394 1087 637 1125 huiusmodi
663 1087 890 1137 pistrinum
917 1087 1134 1126 immittat.
1193 1088 1314 1126 Nunc
1345 1087 1445 1126 dum
1470 1089 1616 1137 captus
1644 1089 1706 1126 est
1734 1088 1918 1137 Proteus,

322 1153 566 1203 stringenda
596 1155 695 1192 sunt
723 1152 901 1200 vincula,
936 1153 1064 1191 donec
1093 1153 1137 1191 in
1167 1166 1209 1192 se
1238 1167 1429 1192 reuersus
1467 1154 1681 1192 oraculum
1719 1153 1919 1194 absoluat.

323 1219 378 1256 Et
402 1233 499 1258 mox
528 1233 569 1258 se
596 1219 782 1257 remittet
802 1219 967 1269 hyemis
996 1220 1119 1270 rigor,
1142 1222 1188 1258 vt
1214 1219 1335 1259 liceat
1360 1233 1455 1258 cum
1480 1220 1650 1259 ciconiis
1670 1221 1712 1258 et
1736 1220 1923 1259 hirundi-

322 1284 446 1323 nibus
467 1284 642 1323 euolare.

378 1350 495 1398 Quod
522 1349 914 1388 reuerendissimum
945 1350 992 1388 D.
1026 1350 1223 1388 omnibus
1253 1350 1474 1399 anteponis
1498 1350 1766 1400 praesulibus,
1798 1350 1923 1400 idque

322 1416 368 1453 in
397 1415 513 1453 omni
538 1415 745 1454 virtutum
773 1416 844 1453 aut
868 1417 1208 1454 ornamentorum
1234 1429 1391 1465 genere,
1414 1429 1501 1454 non
1526 1416 1753 1454 admodum
1782 1418 1920 1454 tecum

321 1481 524 1531 pugnabo,
543 1480 787 1530 praesertim
808 1493 903 1518 011111
923 1493 996 1518 1100
1016 1480 1057 1518 id
1079 1480 1192 1519 solus
1211 1480 1428 1530 praediceS,
1447 1483 1489 1519 et
1509 1481 1615 1519 mihi
1630 1480 1697 1519 vel
1717 1481 1922 1519 Aliander

263 1560 280 1589 3.
322 1548 500 1594 euectus,
542 1546 608 1584 vel
648 1546 722 1584 1100
761 1545 939 1595 denique
977 1545 1152 1594 epistola
1194 1559 1347 1584 nouam
1385 1548 1425 1584 et
1464 1546 1699 1584 inauditam
1739 1559 1783 1584 ac
1822 1559 1921 1584 vere

323 1624 561 1662 generosam
600 1611 757 1661 ingenii
790 1611 1096 1649 humanitatem
1130 1624 1227 1660 prae
1261 1625 1304 1650 se
1332 1610 1481 1659 ferens,
1512 1611 1639 1649 fidem
1668 1610 1803 1649 faciat.
1864 1611 1918 1649 Et

321 1679 460 1715 tamen
487 1676 836 1725 Archiepiscopus
863 1675 1170 1715 Oantuariensis
1194 1675 1301 1713 mihi
1330 1674 1426 1713 talis
1445 1677 1506 1713 est
1526 1677 1572 1713 vt
1593 1675 1917 1714 commodiorem

321 1756 371 1780 ne
400 1741 556 1792 possim
591 1742 757 1791 quidem
793 1743 947 1790 optare.
1018 1741 1109 1779 Hoc
1143 1754 1226 1779 vno
1260 1743 1322 1779 sat
1354 1740 1452 1778 felix
1485 1754 1631 1789 essem,
1668 1741 1704 1778 si
1741 1743 1812 1778 aut
1850 1740 1920 1778 hie

320 1807 563 1857 contigisset
588 1808 658 1844 aut
683 1807 950 1844 Britanniam
981 1807 1101 1845 nobis
1128 1819 1232 1856 pons
1259 1806 1409 1856 aliquis
1436 1806 1655 1855 iungeret:
1685 1806 1784 1844 adeo
1807 1807 1918 1844 male

286 1888 297 1896 ·
319 1873 387 1911 odi
406 1873 558 1910 fretum
580 1872 684 1909 illud
706 1872 1062 1910 immanissimum
1084 1874 1126 1910 et
1146 1874 1293 1910 nautas
1312 1871 1416 1910 freto
1437 1871 1718 1909 immaniores.

372 1938 530 1976 Verum
550 1939 595 1975 vt
615 1937 716 1974 olim
732 1937 840 1986 apud
862 1937 1038 1986 Scythas
1056 1949 1204 1986 parum
1221 1937 1423 1975 secundae
1440 1936 1573 1974 famae
1590 1936 1670 1974 fuit
1685 1935 1916 1986 polyphilia

319 2003 568 2053 (quanquam
595 2002 715 2040 video
742 2004 783 2040 et
808 2001 994 2040 Hesiodo
1020 2002 1134 2041 iuxta
1158 2004 1281 2052 turpe
1307 2001 1441 2040 videri
1466 2001 1593 2046 ἄξενον
1612 2002 1703 2040 εἶναι
1728 2002 1788 2039 καὶ
1806 2003 1918 2039 πολύ-

318 2069 446 2118 ξενον),
483 2068 540 2106 ita
568 2068 742 2105 fortasse
773 2067 880 2117 apud
910 2067 1111 2117 populum
1146 2067 1354 2116 poeticum
1387 2080 1534 2116 parum
1569 2067 1794 2105 honestum
1829 2079 1917 2105 esse

318 2133 485 2172 ducitur
513 2133 647 2171 eidem
677 2133 834 2171 multos
863 2146 951 2171 esse
981 2133 1264 2180 Moecenates3
1305 2132 1469 2170 etiamsi
1504 2129 1610 2170 mihi
1643 2131 1751 2170 nihil
1783 2132 1918 2182 magis

316 2199 361 2237 in
381 2198 490 2237 votis
510 2200 571 2236 est
593 2211 716 2247 quam
736 2198 907 2247 optimis
928 2198 1104 2247 probari,
1129 2197 1466 2248 quandoquidem
1492 2197 1690 2235 omnibus
1716 2210 1800 2235 non
1826 2210 1917 2247 pos-

317 2277 473 2302 sumus.
517 2265 657 2312 Atque
672 2263 714 2301 id
730 2276 828 2301 sane
843 2263 964 2300 nobis
979 2276 1062 2300 non
1083 2263 1252 2312 perinde
1274 2261 1455 2312 maligne
1474 2261 1648 2311 contigit
1668 2263 1790 2311 atque
1809 2274 1913 2300 sero.

363 2355 411 2383 14.
438 2348 488 2376 D:
512 2344 648 2386 cocycis
664 2346 733 2375 MS.
899 2352 948 2382 15.
976 2344 1028 2373 est
1045 2346 1120 2374 add.
1137 2346 1175 2374 D.
1334 2352 1384 2381 17.
1409 2342 1526 2381 qualis
1544 2366 1550 2372 .
1568 2366 1576 2373 .
1596 2366 1603 2372 .
1624 2343 1673 2373 18.
1698 2341 1916 2373 adeuntibus

316 2391 389 2420 add.
405 2391 443 2419 D.
614 2397 665 2427 25.
692 2386 839 2417 ciconiis
855 2389 924 2417 MS.
940 2389 996 2417 H:
1020 2387 1147 2427 eisniis
1163 2390 1213 2418 F:
1237 2386 1349 2417 coniis
1366 2388 1395 2416 F
1409 2388 1535 2423 Corriy..
1555 2387 1591 2422 cf.
1610 2388 1711 2416 Plani.
1732 2388 1820 2416 Truc.
1837 2386 1911 2425 691.

316 2442 367 2470 27.
386 2431 727 2463 reuerendissimum
743 2431 783 2461 D.
798 2433 882 2461 MS.:
906 2431 1105 2470 principem
1116 2433 1158 2462 H.
1260 2430 1311 2460 28.
1329 2430 1429 2460 omni
1441 2432 1514 2460 add.
1530 2432 1564 2459 F.
1658 2439 1710 2468 29.
1729 2429 1916 2460 Aleander

316 2478 354 2505 D.
473 2485 524 2514 30.
553 2475 617 2506 hec
634 2478 700 2506 MS.
717 2486 722 2504 :
748 2484 807 2504 om.
827 2477 855 2504 D
872 2485 878 2504 :
902 2474 1013 2513 ipsius
1029 2476 1064 2505 F.
1184 2483 1235 2512 31.
1260 2473 1422 2512 generosi
1436 2475 1475 2504 D.
1610 2482 1662 2511 33.
1686 2482 1757 2503 vno
1774 2475 1849 2504 add.
1867 2476 1908 2504 H.

316 2528 367 2558 34.
396 2522 424 2549 D
441 2530 447 2549 :
471 2522 533 2549 aut
552 2519 589 2548 in
608 2519 646 2548 in
664 2518 894 2548 Britanniam
911 2520 979 2548 MS.
1113 2527 1164 2555 41.
1192 2516 1348 2555 maligne
1366 2519 1432 2547 MS.
1447 2528 1454 2547 z
1477 2516 1570 2546 male
1587 2517 1625 2546 D.

364 2612 414 2641 17.
440 2603 574 2633 montis
597 2599 762 2641 perfossi]
787 2600 862 2631 The
887 2600 1014 2630 Grotta
1043 2599 1080 2630 di
1149 2609 1235 2639 opus
1252 2599 1480 2636 imitantes’;
1505 2597 1621 2629 added
1638 2599 1677 2629 in
1700 2609 1791 2638 1533.

319 2645 475 2685 Posilipo
486 2656 532 2676 on
543 2645 604 2676 the
614 2645 697 2675 road
706 2645 799 2675 from
808 2643 939 2683 Naples
949 2643 1007 2681 (cf.
1015 2643 1079 2682 Ep.

316 2692 390 2726 640.
402 2690 438 2729 6)
452 2692 488 2719 to
499 2689 640 2720 Cumae.
671 2688 739 2718 For
751 2688 905 2718 another
915 2687 1080 2717 reminis-

316 2743 420 2763 cence
437 2733 474 2763 of
488 2731 666 2763 Erasmus'
684 2732 771 2762 visit
789 2731 831 2762 cf.
848 2733 952 2769 Aelaq.
971 2740 1078 2768 4120:

319 2776 380 2806 ‘In
397 2777 627 2807 subterraneo
649 2775 832 2806 domicilio
851 2775 945 2813 quod
962 2775 1077 2804 osten-

316 2819 415 2849 ditur
430 2820 533 2850 iuxta
546 2820 676 2851 Cumas
689 2818 831 2856 Italiae,
845 2818 940 2857 quod
952 2818 1079 2857 vulgus

317 2863 420 2901 fingit
451 2863 561 2894 fuisse
587 2864 733 2893 antrum
766 2862 934 2901 Sibyllae.
968 2870 1077 2899 quum

315 2906 511 2936 verisimile
539 2907 585 2937 sit
610 2906 720 2936 fuisse
745 2905 953 2944 speluncam
981 2914 1079 2944 prae·

316 2948 450 2979 donum
467 2959 506 2980 ac
522 2951 729 2989 piratarum,
742 2950 913 2979 visuntur
923 2948 1079 2988 parietes

314 2993 414 3023 vario
442 2994 656 3023 concharum
684 2994 852 3023 contextu
878 2992 1077 3023 musaicum

1193 2653 1245 2681 29.
1271 2641 1462 2682 Aliander]
1483 2641 1534 2673 Cf.
1553 2641 1616 2681 Ep.
1637 2652 1710 2682 735.
1728 2652 1747 2681 5
1765 2653 1799 2673 n.

1191 2696 1243 2724 30.
1269 2685 1436 2726 epistola]
1456 2685 1519 2724 Ep.
1540 2686 1612 2723 746.
1944 2714 1947 2716 .

1191 2731 1241 2768 36.
1266 2729 1360 2768 apud
1385 2728 1552 2769 Scythas]
1576 2728 1627 2760 cf.
1651 2728 1734 2760 Luc.
1759 2732 1827 2760 Tox.
1846 2738 1908 2768 37;

1146 2772 1219 2803 also
1236 2775 1340 2811 Aday.
1358 2782 1454 2811 2537.

1188 2826 1239 2855 37.
1266 2815 1441 2857 Hesiodo]
1459 2818 1510 2853 Op.
1531 2826 1603 2854 713.

1189 2869 1240 2897 41.
1268 2859 1359 2899 sero]
1387 2860 1460 2890 The
1487 2860 1659 2890 omission
1695 2859 1733 2888 in
1766 2857 1816 2889 all
1846 2858 1909 2888 the

1146 2904 1290 2943 printed
1321 2903 1475 2934 editions
1501 2903 1540 2933 of
1562 2903 1624 2933 the
1653 2901 1737 2941 long
1765 2911 1908 2941 passage

1145 2946 1265 2977 which
1314 2946 1452 2977 follows
1503 2956 1576 2977 was
1620 2944 1792 2985 probably
1836 2945 1908 2975 due

1145 2990 1279 3030 merely
1302 2991 1338 3021 to
1362 2990 1560 3029 similarity
1585 2989 1624 3020 of
1642 2988 1787 3028 ending.
