2034 3433
120 167 219 232 943]
676 178 746 216 To
786 177 939 217 JOHN
976 177 1167 217 TURzo
1639 175 1720 214 537

118 284 190 323 An
210 297 297 323 non
317 284 415 322 haec
435 285 508 322 tua
526 283 710 333 epistola,
736 296 819 333 qua
838 283 945 321 mihi
970 285 1115 334 pectus
1133 283 1245 323 istud
1266 284 1388 321 tuum
1408 280 1532 329 dicas,
1554 278 1723 328 amplis—

118 349 276 388 simum
304 350 368 388 est
397 350 586 388 munus?
641 348 747 387 Mihi
777 350 886 386 certe
915 349 1081 387 nullum
1109 349 1173 387 tui
1196 348 1347 398 pignus
1375 345 1561 385 exhiberi
1587 342 1723 394 potuit

118 415 297 465 charius,
327 414 508 453 maxime
534 413 645 465 quod
675 427 759 452 non
788 416 959 463 grauata
986 414 1043 453 sit
1072 417 1144 453 tua
1172 413 1372 453 celsitudo
1401 414 1489 451 tam
1518 409 1723 462 prolixam
1744 420 1784 452 35

119 480 341 531 epistolam
360 479 537 530 propriis
557 478 700 529 digitis
720 479 961 518 describere.

176 546 290 584 Bene
310 546 403 584 vale
444 544 621 584 Louanii
641 547 722 583 An.
746 557 833 583 Ma).
864 558 922 593 19.
980 558 1039 583 12.
1061 545 1173 583 kaln.
1198 543 1341 583 Maias.

820 627 1020 666 Erasmus
1042 626 1322 666 Rotrodamus
1342 638 1471 663 manu
1491 621 1667 674 propria.

548 742 702 784 ⁸⁵1944.
763 742 829 783 To
861 741 1047 784 GASPAR
1076 741 1300 783 URSINUS.

170 800 333 846 Farrago
347 812 384 846 p.
406 801 483 844 164.
1387 796 1569 833 Louvain.

172 858 210 895 F.
228 870 265 905 p.
284 860 374 904 306:
401 858 493 894 HN:
519 857 635 894 Lond.
656 857 701 893 vi.
720 868 786 902 31:
812 856 885 893 LB.
905 858 986 902 360.
1284 855 1341 904 (c.
1360 867 1406 892 20
1423 855 1530 902 April
1551 852 1677 900 1519.)

379 949 587 980 ERASMVS
617 949 951 980 ROTERODAMVS
981 949 1176 980 GASPARI
1207 949 1346 981 VELIO
1378 948 1412 980 S.
1432 948 1472 980 P.

179 1027 333 1066 PARVM
353 1027 550 1066 videlicet
569 1030 657 1066 erat
677 1027 770 1076 tibi,
789 1027 886 1067 Veli
907 1027 1154 1076 doctissime,
1179 1041 1255 1066 nos
1281 1040 1379 1066 sane
1400 1039 1525 1076 quam
1549 1024 1728 1075 eleganti

123 1093 195 1131 sed
209 1094 353 1131 tamen
373 1093 695 1132 mendacissimo
710 1094 893 1132 carmine
912 1094 1148 1142 celebrasse,
1167 1093 1249 1131 nisi
1267 1092 1437 1142 insuper
1451 1093 1492 1130 et
1508 1090 1728 1141 epistolam

124 1158 297 1196 adderes
315 1158 563 1208 panegyrico
582 1158 859 1197 simillimam.
906 1159 991 1198 Nec
1010 1159 1088 1198 hoc
1107 1160 1330 1197 contentus
1350 1169 1515 1196 carmen
1537 1156 1730 1205 adiungis

124 1223 350 1272 heroicum,
372 1226 461 1262 tam
480 1224 671 1273 sublime,
695 1227 783 1263 tam
808 1224 1148 1275 grandiloquum,
1171 1225 1217 1262 vt
1236 1223 1286 1262 ad
1306 1223 1384 1261 hoc
1404 1222 1551 1260 collata
1571 1220 1730 1260 Lucani

124 1289 226 1328 tuba
244 1289 336 1338 lyra
354 1289 488 1329 videri
507 1290 649 1340 possit.
711 1290 848 1329 Primi
875 1290 1070 1329 carminis
1097 1289 1283 1339 euulgati
1301 1291 1365 1327 est
1384 1302 1458 1328 cur
1477 1301 1543 1326 me
1562 1287 1726 1337 pudeat,
1750 1289 1767 1320 5

126 1369 213 1394 non
234 1358 297 1394 est
316 1369 390 1394 cur
409 1358 450 1394 te
469 1357 692 1406 poeniteat.
738 1357 882 1406 Neque
901 1356 1037 1395 sinam
1056 1356 1353 1395 Bai-tholinum
1372 1355 1450 1393 hoc
1470 1354 1639 1392 nomine
1658 1366 1732 1403 per

125 1425 168 1460 te
186 1421 326 1461 vocari
348 1422 393 1460 in
419 1422 496 1461 ius.
556 1421 675 1461 Nihil
700 1423 825 1461 huius
848 1422 930 1461 viri
952 1423 1104 1461 iudicio
1132 1436 1219 1462 non
1245 1422 1411 1469 tribuo;
1440 1423 1565 1470 atque
1589 1419 1626 1458 is
1654 1418 1732 1457 tibi

125 1489 295 1526 tantum
313 1487 464 1526 tribuit
483 1489 593 1538 apud
621 1501 690 1527 me
715 1490 919 1538 quantum
944 1488 1015 1526 alii
1041 1488 1240 1527 nostratis
1266 1488 1393 1526 huius
1420 1486 1532 1524 orbis
1556 1483 1727 1523 nemini.

127 1552 222 1591 Non
257 1554 419 1592 censuit
452 1554 525 1592 ille
556 1553 907 1592 committendum
937 1555 984 1592 vt
1013 1567 1181 1592 carmen
1210 1554 1298 1591 tam
1328 1552 1428 1590 felix
1460 1552 1727 1601 premeretur.

127 1618 335 1657 Fauebam
373 1621 414 1657 et
451 1619 550 1669 ipse,
583 1620 724 1669 fateor,
756 1619 983 1668 aeditioni3
1014 1620 1084 1658 sed
1115 1618 1306 1657 obstabat
1342 1617 1477 1667 pudor
1511 1629 1557 1654 ac
1595 1617 1734 1653 metus
1755 1621 1794 1642 ¹0

128 1683 314 1734 quidam,
339 1697 393 1722 ne
430 1698 517 1723 non
547 1687 634 1723 tam
667 1685 838 1736 ingenio
866 1687 940 1723 tuo
974 1698 1101 1735 quam
1135 1684 1332 1722 laudibus
1366 1682 1472 1720 meis
1505 1681 1734 1721 delectatus

127 1749 300 1789 viderer.
361 1750 488 1789 Haud
515 1764 723 1801 quaquam
749 1753 893 1790 tamen
918 1750 1133 1800 ingratum
1158 1750 1240 1788 fuit
1264 1749 1453 1788 extitisse
1473 1747 1546 1798 qui
1569 1760 1735 1796 scrupu-

128 1814 219 1853 lum
252 1815 366 1854 hunc
398 1816 635 1855 discuteret.
694 1816 886 1866 Epistola
915 1818 988 1854 tua
1019 1816 1198 1854 declarat
1229 1817 1270 1853 te
1302 1815 1346 1853 in
1378 1816 1553 1864 vtroque
1585 1825 1735 1862 genere

128 1880 219 1930 pari
236 1894 342 1930 pene
369 1880 567 1920 felicitate
594 1881 889 1920 excercitatum
908 1881 1063 1929 fuisse;
1092 1894 1196 1931 quae
1223 1893 1289 1918 res
1310 1877 1573 1930 paucissimis
1600 1876 1735 1916 adhue

129 1945 374 1984 mortalium
411 1947 617 1985 successit.
679 1946 809 1984 Porro
855 1959 1023 1984 carmen
1070 1945 1283 1984 heroicum
1329 1943 1485 1993 legenti
1526 1942 1643 1981 venit
1690 1941 1735 1980 in
1758 1949 1794 1980 15

130 2012 318 2049 mentem
347 2011 524 2050 Homeri
549 2012 926 2062 βατραχομυομαχία,
950 2024 1053 2060 quae
1079 2009 1247 2059 tragicis
1272 2008 1414 2047 verbis
1439 2021 1529 2046 rem
1555 2006 1737 2046 maxime

131 2074 351 2114 ridiculam
366 2077 642 2126 prosequitur.
682 2077 821 2126 Atque
832 2076 910 2114 hoc
923 2075 1154 2126 impensius
1165 2088 1261 2113 sum
1274 2074 1505 2113 admiratus
1516 2072 1736 2122 ingenium

131 2141 254 2178 tuum
274 2154 357 2191 quo
376 2141 562 2180 sterilius
580 2144 643 2180 est
668 2143 973 2191 argumentum.

187 2205 268 2244 Sed
302 2208 444 2244 tamen
474 2220 526 2244 ne
554 2206 612 2245 sic
640 2206 715 2245 abs
741 2208 784 2245 te
813 2206 1056 2244 decantatus
1086 2204 1193 2243 nihil
1223 2204 1394 2242 omnino
1422 2202 1596 2252 praemii
1625 2201 1738 2239 dicar

134 2270 339 2319 retulisse,
356 2284 516 2319 moneo,
534 2272 594 2309 mi
608 2271 715 2320 Veli,
729 2273 776 2311 vt
796 2271 968 2321 posthac
987 2271 1112 2308 istam
1130 2269 1255 2319 longe
1273 2268 1561 2307 felicissimam
1579 2265 1738 2317 ingenii
1758 2276 1796 2298 20

133 2335 199 2374 tui
230 2349 384 2375 venam
416 2336 461 2374 in
494 2336 753 2375 felicioribus
785 2335 969 2375 materiis
999 2347 1196 2374 exerceas.
1258 2333 1459 2372 Gratulor
1490 2332 1570 2371 tibi
1608 2331 1737 2370 talem

134 2402 371 2451 patronum,
394 2403 434 2440 et
454 2401 518 2440 illi
541 2403 581 2440 te
600 2402 786 2441 vicissim
811 2401 996 2452 gratulor
1020 2400 1087 2440 vel
1114 2400 1297 2439 amicum
1325 2398 1393 2437 vel
1418 2399 1733 2447 praeceptorem.

134 2467 239 2506 Eius
258 2466 554 2506 eruditissimis
571 2467 706 2506 literis
724 2466 936 2506 incondito
955 2466 1148 2516 epistolio
1166 2465 1374 2514 respondi.
1426 2463 1523 2501 Non
1542 2476 1609 2501 me
1628 2462 1739 2512 fugit

135 2545 261 2582 quam
280 2532 324 2571 id
344 2532 398 2570 sit
416 2532 701 2572 inhumanum
719 2535 842 2583 atque
863 2532 1096 2582 impudens.
1158 2531 1237 2570 Sed
1261 2529 1361 2580 quid
1380 2529 1537 2568 facias?
1592 2527 1739 2566 Tantis

135 2597 371 2636 studiorum
394 2598 544 2637 obruor
565 2598 789 2646 laboribus,
813 2600 852 2636 et
878 2596 1251 2636 innumerabilium
1269 2594 1457 2645 epistolis
1477 2594 1536 2632 sic
1555 2592 1740 2642 Vndique
1760 2601 1797 2632 ²5

136 2676 349 2713 prouocor,
364 2664 413 2703 vt
431 2663 608 2713 singulis
627 2664 873 2713 respondere
894 2676 980 2701 non
1001 2675 1149 2712 queam
1166 2676 1174 2710 ;
1202 2661 1388 2700 fortassis
1407 2659 1520 2710 paria
1538 2659 1735 2706 facturus,

138 2727 176 2767 si
196 2741 292 2766 cum
311 2728 453 2777 paucis
476 2728 585 2766 mihi
607 2741 673 2767 res
696 2730 803 2767 esset
821 2742 830 2766 :
859 2727 1026 2766 etiamsi
1049 2726 1277 2765 Herculem
1296 2738 1382 2764 non
1403 2723 1555 2774 puduit
1579 2723 1740 2761 duobus

138 2793 290 2831 cedere.
349 2793 465 2831 Bene
484 2793 590 2842 vale,
608 2794 704 2834 Veli
722 2793 974 2832 charissime.
1034 2791 1221 2830 Louanii.
1239 2791 1364 2829 Amo
1385 2794 1630 2832 †M.D.XVI11.

183 2875 260 2907 943.
286 2885 339 2914 33.
363 2878 444 2907 aE:
468 2877 635 2915 epistolia
649 2878 683 2911 β.
806 2878 860 2915 38.
886 2875 1055 2906 Erasmus
1070 2885 1130 2906 om.
1148 2876 1186 2904 E.
1277 2872 1539 2904 Rotorodamus
1553 2873 1596 2907 β;
1620 2881 1681 2903 om.
1697 2873 1737 2904 Ε.

139 2920 416 2994 ἓξὲξῐξξῗῑίε,
431 2921 506 2950 add.
523 2921 547 2955 β
561 2933 567 2952 :
591 2931 652 2952 om.
667 2922 709 2951 Ε.
825 2921 902 2951 944.
926 2928 989 2950 ΤιΤ.
1005 2927 1153 2949 CASPARI
1168 2919 1210 2948 H.
1333 2925 1366 2955 3.
1393 2925 1539 2947 carmen
1555 2918 1586 2948 Ε
1601 2917 1715 2953 Com-iq.
1731 2925 1739 2946 :

207 3041 281 3072 944.
307 3050 361 3072 22.
388 3039 602 3081 patronum]
625 3040 748 3072 Turzo.
865 3049 917 3078 25.
942 3036 1163 3078 studiorum]
1181 3035 1233 3069 Cf.
1252 3036 1341 3076 Epp.
1358 3045 1435 3076 951.
1459 3045 1486 3075 1,
1503 3035 1580 3075 981.
1599 3045 1673 3075 2-3.
