2034 3433
394 158 464 198 ΤΟ
501 156 902 206 TRANQUILLUS
937 154 1308 195 ANDRONICUS
1561 155 1640 193 623

62 157 163 213 991]

62 262 142 302 Sed
161 273 376 312 nunquam
396 260 496 299 adeo
515 272 608 298 sum
627 260 902 309 occupatusvt
922 259 1212 309 Tranquillum
1231 272 1255 297 a
1274 258 1476 309 colloquio
1490 257 1639 296 fuerim

63 325 316 375 exclusurus,
339 326 375 365 si
394 324 685 375 Tranquillum
708 326 779 362 aut
807 323 1016 363 nouissem
1043 324 1142 374 ipse,
1162 325 1234 363 aut
1255 323 1362 362 alius
1386 323 1493 362 mihi
1517 323 1641 361 simu·
1661 332 1700 354 ²0

64 392 252 432 lachrum
271 391 386 430 illius
404 393 511 429 recte
530 389 794 440 depinxisset.
836 388 918 428 Pro
940 388 1089 427 iuuene
1107 389 1235 436 docto,
1257 388 1438 436 candido,
1457 388 1642 427 modesto

64 458 230 496 Dauum
247 458 320 495 aut
339 455 487 494 Getam
508 454 713 504 quendam
731 453 950 492 barbarum
970 453 1283 503 fastuosumque
1301 454 1406 492 mihi
1425 453 1643 503 descripse-

64 524 159 561 rant
190 534 236 560 ac
268 520 637 559 circumforaneum
674 519 938 567 ardelionem,
959 532 983 557 a
1019 532 1101 568 quo
1133 518 1353 557 hominum
1390 531 1537 569 genere
1572 517 1643 556 vix

64 587 203 626 credas
236 587 440 635 quantum
478 585 744 631 abhorream;
790 586 832 622 et
863 584 914 622 ab
947 583 998 622 iis
1025 584 1281 634 frequentius
1308 584 1486 634 impetor
1518 595 1643 633 quam

65 651 194 690 velim
209 652 281 689 aut
300 663 423 700 quam
442 649 546 688 ferat
565 649 796 688 studiorum
810 648 980 688 vtilitas.
1040 648 1092 686 Id
1111 648 1257 687 accidit
1275 661 1411 687 errore
1425 661 1643 698 personae:
1665 657 1704 687 25

66 729 162 754 nam
180 714 282 753 alter
300 714 501 764 quispiam
521 713 722 752 eiusmodi
742 716 832 752 tum
855 713 1052 762 temporis
1071 725 1158 752 sese
1179 713 1419 752 venditabat
1442 715 1644 752 Antuuer-

66 781 165 830 piae.
221 779 333 818 Huic
359 779 488 829 igitur
514 778 655 828 generi
683 778 954 817 salutatorum
972 780 1014 816 et
1040 778 1181 816 odioso
1206 780 1247 816 et
1273 778 1405 816 ocioso
1431 777 1644 828 aliquoties

65 844 179 884 domi
199 857 283 883 11011
308 857 413 892 sum,
443 843 611 882 interim
636 856 721 882 non
742 856 851 892 vaco,
872 843 1092 894 aliquando
1119 856 1203 882 non
1223 843 1364 893 vigilo,
1389 843 1646 893 quemadmo-

65 910 168 948 dum
201 908 303 948 olim
334 922 419 947 non
452 907 645 946 omnibus
678 908 970 947 dormiebatur.
1030 908 1146 956 Quod
1175 908 1211 946 si
1239 921 1384 958 parum
1414 908 1646 946 humanum

67 975 241 1023 videtur,
255 986 329 1023 ego
349 972 525 1012 arbitror
546 986 630 1011 11011
650 972 773 1023 paulo
793 972 1065 1012 inhumanius
1085 986 1184 1021 esse,
1200 972 1301 1011 dum
1320 973 1469 1012 horum
1490 972 1648 1012 naeniis
1667 983 1707 1014 30

67 1051 212 1078 aurem
249 1038 430 1088 praebes,
464 1040 526 1076 tot
566 1038 819 1077 eruditorum
860 1038 1081 1078 hominum
1118 1039 1392 1088 flagitationes
1429 1038 1645 1089 negligere,

67 1117 231 1154 semper
248 1102 404 1153 aliquid
422 1103 678 1153 poscentium
698 1116 722 1141 a
741 1103 860 1142 nobis
886 1117 966 1153 quo
985 1104 1182 1142 iuuentur
1199 1106 1310 1142 recta
1328 1103 1473 1142 studia.
1532 1103 1648 1152 Quod

68 1170 103 1208 si
124 1169 218 1219 quis
238 1168 343 1207 mihi
362 1167 662 1218 Tranquillum,
680 1181 763 1206 non
782 1168 917 1207 dicam
938 1169 1025 1208 suis
1043 1169 1246 1218 pinxisset
1266 1167 1482 1216 coloribus,
1500 1169 1570 1207 sed
1583 1168 1649 1207 vel

69 1233 305 1272 deliniasset
322 1233 455 1281 modo,
478 1233 586 1271 vltro
606 1233 650 1271 in
670 1234 764 1271 tuos
781 1233 1019 1283 complexus
1037 1233 1305 1272 aduolassem.

122 1300 263 1348 Atque
282 1298 480 1337 hactenus
505 1298 672 1348 quidem
692 1298 798 1337 mihi
824 1299 1103 1348 patrocinatus
1127 1312 1232 1337 sum.
1292 1298 1486 1348 Superest
1505 1301 1551 1337 vt
1576 1312 1649 1349 pro
1670 1306 1708 1339 35

70 1363 317 1403 Louaniensi
337 1376 497 1413 quoque
513 1362 655 1401 schola
674 1363 866 1402 nonnihil
886 1363 1170 1413 respondeam.
1204 1363 1292 1403 Scis
1311 1376 1400 1402 esse
1418 1364 1651 1402 maximum

70 1442 114 1468 ac
135 1428 336 1479 primum,
355 1429 391 1467 si
421 1428 518 1478 quid
547 1440 652 1477 agas,
674 1427 786 1466 adire
814 1428 858 1465 in
887 1430 1084 1478 tempore.
1142 1429 1206 1467 Tu
1236 1441 1320 1467 non
1339 1429 1500 1478 poteras
1518 1428 1651 1478 magis

71 1494 225 1544 ἀκαίρως
244 1494 386 1532 venire
407 1492 641 1531 Louanium
661 1493 788 1532 bonas
807 1492 948 1532 literas
966 1493 1239 1543 professurus,
1257 1506 1352 1531 cum
1371 1493 1454 1530 iam
1473 1493 1652 1531 maxime

70 1559 247 1597 ferueret
267 1570 407 1596 recens
426 1558 673 1607 conspiratio
693 1558 950 1608 quorundam
969 1558 1039 1608 qui
1061 1572 1104 1596 se
1127 1558 1344 1596 deuouisse
1361 1556 1555 1596 videntur
1573 1557 1654 1596 diis

71 1623 275 1670 manibus,
323 1622 368 1660 ni
405 1621 616 1671 politiores
652 1621 794 1661 literas
835 1622 1039 1661 extinctas
1077 1622 1263 1662 reddant.
1322 1621 1389 1660 Sic
1426 1622 1539 1660 enim
1575 1622 1653 1662 sibi
1672 1631 1713 1663 40

71 1687 317 1727 stultissime
331 1700 576 1737 persuasere,
600 1687 635 1725 si
655 1688 869 1737 contingat
890 1687 956 1726 his
978 1687 1111 1726 literis
1130 1687 1339 1735 autoritas,
1364 1700 1482 1725 suam
1502 1686 1655 1726 autori-

73 1754 203 1792 tatem
234 1752 526 1790 labefactatum
558 1751 623 1790 iri.
679 1751 837 1791 Vident
864 1754 1002 1790 autem
1030 1752 1186 1803 passim
1214 1754 1301 1791 toto
1334 1751 1431 1790 orbe
1458 1764 1542 1790 non
1569 1751 1654 1790 iam

75 1817 235 1857 scholas
258 1818 424 1856 tantum
444 1816 717 1855 verumetiam
741 1817 980 1867 principum
1004 1818 1118 1856 aulas
1136 1816 1252 1855 infici
1271 1817 1347 1855 hoc
1373 1830 1481 1855 nouo
1510 1830 1655 1866 genere

74 1881 331 1922 studiorum:
375 1894 456 1930 quo
488 1881 622 1930 magis
654 1880 902 1920 adnituntur
927 1883 974 1920 vt
1007 1881 1241 1920 Louanium
1278 1881 1330 1919 ab
1359 1881 1435 1919 hoc
1468 1881 1656 1932 contagio

77 1948 272 1986 tueantur
297 1945 514 1984 incolume.
573 1946 654 1984 Res
673 1946 829 1996 optimo
849 1947 996 1996 cuique
1015 1959 1100 1985 non
1114 1946 1320 1996 probatur.
1379 1945 1485 1984 Nam
1504 1947 1655 1985 tumul·
1674 1955 1714 1988 45

77 2015 148 2051 tus
172 2011 240 2050 hic
262 2013 378 2049 ortus
402 2012 466 2049 est
494 2023 545 2049 ex
569 2010 702 2049 initiis
719 2010 970 2058 vanissimis,
994 2011 1194 2050 nimirum
1214 2024 1264 2049 ex
1288 2010 1510 2050 falsissima
1534 2012 1658 2051 vnius

79 2079 151 2117 aut
169 2075 339 2114 alterius
358 2075 602 2124 suspicione.
661 2075 819 2114 Deinde
839 2077 886 2114 vt
908 2089 990 2114 non
1016 2076 1143 2126 pudet
1169 2076 1294 2115 etiam
1313 2076 1358 2114 in
1377 2076 1484 2114 male
1503 2076 1658 2126 coeptis

80 2153 226 2193 parum
263 2141 496 2178 constantes
534 2139 673 2188 videri,
714 2140 846 2179 multo
889 2140 1162 2191 ineptioribus
1208 2140 1437 2179 rationibus
1482 2143 1659 2191 pergunt

81 2205 227 2256 exequi
264 2217 388 2255 quam
425 2204 702 2243 instituerant.
759 2205 889 2243 Porro
927 2207 1014 2244 tota
1050 2205 1190 2244 fabula
1227 2205 1278 2244 ab
1309 2218 1392 2244 vno
1424 2207 1496 2244 aut
1530 2206 1659 2245 altero

83 2271 257 2319 chorago
298 2267 459 2318 pendet,
504 2282 556 2307 ne
597 2269 698 2308 mali
735 2269 861 2309 huius
898 2269 1101 2308 inuidiam
1138 2270 1182 2308 in
1221 2271 1354 2309 totam
1391 2270 1658 2309 Academiam
1678 2276 1719 2309 50

126 2365 179 2386 22.
204 2354 345 2385 Danum
361 2356 398 2384 F.

160 2401 175 2429 t
190 2397 236 2429 ΝΒ
582 2364 632 2394 25·
657 2354 702 2385 Id
717 2378 724 2385 .
747 2379 753 2384 .
770 2379 778 2387 .
796 2356 849 2386 26.
865 2355 1112 2395 Antuuerpiae
1127 2358 1200 2386 add.
1216 2358 1250 2386 F.

84 2409 158 2430 asse
239 2422 246 2429 .

377 2407 430 2436 47.
453 2406 526 2428 non
542 2400 571 2428 E
585 2400 698 2436 Corriq.
715 2409 723 2428 ε
746 2408 810 2429 nos
824 2401 890 2429 EF.
1446 2365 1500 2394 34⁸
1526 2355 1658 2387 delme-

129 2504 180 2525 22.
206 2493 361 2534 Dauum]
383 2494 458 2524 The
480 2494 649 2533 misprint
670 2494 710 2524 in
726 2493 753 2524 F
773 2494 838 2525 has
901 2494 1093 2533 particular
1104 2495 1242 2534 against
1255 2494 1368 2525 Alard
1386 2495 1463 2534 (Ep.
1479 2494 1661 2535 433)‚who

94 2537 263 2570 obscured
288 2537 364 2568 this
390 2536 567 2567 reference
600 2539 638 2568 to
670 2537 732 2568 the
761 2539 839 2568 out·
901 2537 971 2568 had
983 2537 1202 2577 announced,
1218 2548 1234 2576 7
1249 2538 1381 2577 March,
1397 2538 1477 2568 that
1490 2538 1534 2568 he
1544 2537 1661 2568 would

88 2581 231 2613 landish
255 2581 367 2611 slaves
390 2580 429 2611 in
451 2580 614 2611 Terence.
902 2580 1035 2611 lecture
1046 2591 1092 2611 on
1102 2592 1121 2612 a
1130 2581 1340 2621 theological
1351 2582 1437 2612 book
1449 2581 1486 2611 of
1494 2581 1662 2612 Erasmus

130 2634 181 2664 25.
206 2633 322 2655 errore
345 2623 530 2665 personae]
550 2623 636 2654 This
660 2623 764 2663 tardy
787 2633 843 2654 ex·
905 2623 963 2662 (de
981 2624 1002 2655 J
1005 2625 1099 2664 ongh
1122 2627 1279 2664 suggests
1297 2625 1359 2654 the
1378 2627 1469 2655 Ratio
1486 2634 1569 2655 verae
1584 2627 1661 2655 theo-

88 2668 272 2709 planation
286 2676 358 2697 was
374 2666 538 2706 required
555 2667 601 2706 by
616 2668 787 2706 courtesy.
905 2669 1024 2705 loyz'ae3
1049 2668 1111 2706 Ep.
1137 2670 1224 2707 745).
1270 2667 1337 2698 For
1359 2667 1421 2698 the
1443 2667 1533 2698 time
1557 2668 1661 2707 being

132 2721 185 2750 29-
203 2709 460 2751 dormiebatur]
472 2710 524 2741 Cf.
536 2712 638 2748 Adaq.
649 2711 844 2750 504‚citing
905 2710 968 2740 the
979 2711 1165 2750 professors
1178 2721 1270 2741 were
1281 2710 1431 2741 allowed
1443 2713 1480 2741 to
1492 2711 1661 2741 continue

89 2755 159 2786 Cic.
172 2757 262 2785 Fam.
276 2764 307 2793 7.
320 2763 372 2792 24.
389 2762 416 2783 1.
907 2753 1002 2784 their
1013 2763 1152 2784 courses
1166 2765 1173 2791 ;
1190 2755 1253 2785 but
1265 2754 1377 2784 Alard
1387 2763 1459 2785 was
1469 2753 1660 2784 inhibited.

131 2808 185 2837 39.
209 2806 330 2828 recens
345 2795 572 2836 conspiratio]
586 2796 617 2826 A
630 2796 756 2827 formal
769 2806 844 2836 pro·
908 2797 961 2828 On
975 2807 1016 2827 20
1029 2798 1123 2836 Sept.
1140 2798 1169 2827 it
1184 2807 1256 2828 was
1266 2797 1427 2828 resolved
1440 2798 1476 2827 to
1489 2798 1589 2828 exact
1599 2797 1662 2827 the

89 2844 170 2880 test,
188 2840 247 2872 led
267 2841 314 2879 by
330 2840 391 2870 the
412 2839 645 2879 theologiam,
662 2839 733 2870 had
756 2841 844 2871 been

90 2884 205 2924 made,
227 2884 248 2914 8
271 2883 393 2914 March
412 2892 503 2922 1519,
533 2883 649 2913 before
670 2883 732 2913 the
757 2883 847 2914 Uni-

89 2928 224 2967 versity
243 2926 383 2966 against
401 2926 462 2956 the
480 2925 703 2965 irregularity
726 2926 764 2957 of
783 2926 846 2957 the

90 2971 279 3012 professore
293 2969 333 3000 of
343 2968 568 3000 Busleiden’s
580 2969 709 3008 college
724 2969 762 2999 in
780 2969 846 3000 lec-

91 3015 215 3054 turing
229 3013 384 3044 without
405 3012 665 3043 authorization
682 3023 690 3051 3
714 3011 784 3043 and
807 3013 845 3043 in

908 2840 1009 2871 usual
1031 2841 1292 2871 authorization
1317 2841 1355 2871 in
1377 2840 1424 2871 all
1446 2850 1549 2872 cases,
1597 2840 1661 2871 See

907 2883 950 2914 de
966 2883 1094 2923 Jongh,
1112 2893 1168 2923 pp.
1191 2893 1351 2923 199-200,
1368 2882 1519 2921 11*-13*.

950 2936 1002 2965 47.
1026 2936 1097 2957 non
1113 2926 1241 2967 pudet]
1253 2926 1325 2956 The
1339 2926 1472 2957 editors
1484 2925 1557 2956 ofF
1569 2935 1664 2957 over-

907 2969 1032 3000 looked
1047 2970 1110 3000 the
1126 2971 1338 3001 corrections
1354 2970 1455 3000 made
1472 2970 1511 3000 in
1526 2969 1566 3009 E,
1579 2969 1664 3001 both

907 3013 989 3043 here
1005 3012 1075 3043 and
1092 3013 1130 3043 in
1144 3013 1166 3044 1.
1183 3023 1234 3052 77.
