2034 3433
163 138 259 193 809]
623 141 693 180 To
730 141 962 180 MARCUS
1000 139 1297 180 LAURmth
1678 141 1757 179 267

159 245 352 285 hortatur
370 247 532 285 mutare
552 245 699 294 locum,
723 246 864 296 pietas,
889 247 933 284 ni
953 246 1081 293 fallor,
1098 245 1306 285 laudanda
1324 247 1396 293 est,
1416 257 1500 282 non
1521 244 1757 284 damnanda

160 311 454 350 inconstantia.
515 310 560 350 Si
587 310 773 349 licuisset
800 311 926 349 huius
955 310 1117 349 itineris
1144 309 1435 349 necessitatem
1461 309 1529 349 vel
1559 309 1756 348 trecentis

159 376 295 415 aureis
332 376 544 423 redimere,
575 389 660 414 non
688 376 897 426 grauatim
928 377 1224 414 numeraturus
1252 387 1364 413 eram
1398 387 1490 413 eam
1524 386 1755 412 summam:

159 454 271 480 nunc
303 441 362 480 ita
390 454 454 479 res
483 440 647 488 ferebat,
680 441 866 480 eundum
895 441 992 479 erat.
1054 439 1137 478 Nec
1163 453 1350 490 vnquam
1375 439 1482 478 verti
1509 439 1645 477 solum
1673 440 1755 477 nisi

156 508 228 544 aut
248 506 436 557 exigente
456 505 694 556 pestilentia
713 508 784 545 aut
799 505 1037 545 valetudine
1051 508 1221 556 cogente
1238 506 1310 544 aut
1328 505 1527 543 honestae
1541 504 1601 542 rei
1614 504 1754 554 gratia.

158 570 298 610 Solam
318 571 484 610 Italiam
502 584 596 610 mea
614 573 761 621 sponte
778 570 868 619 visi,
883 570 1033 621 partim
1048 572 1094 608 vt
1114 569 1202 609 loca
1222 583 1336 609 sacra
1349 570 1417 608 vel
1436 570 1563 608 semel
1583 569 1751 617 adirem,

157 636 308 685 partim
329 638 376 675 vt
390 636 504 674 illius
524 636 702 686 regionis
722 635 984 674 bibliothecis
1002 637 1044 674 et
1064 635 1324 674 eruditorum
1344 647 1565 684 congressu
1584 635 1751 673 fruerer.

158 700 261 739 Eius
279 701 580 739 inconstantiae
601 701 791 740 nondum
810 714 877 739 me
895 701 1092 751 poenitet.

213 764 305 804 Iam
333 765 463 804 ferme
492 765 712 805 biennium
732 768 978 816 perpetuum
998 765 1065 804 hic
1085 779 1174 816 ago.
1221 765 1390 804 Licebat
1408 764 1664 815 amplissima
1683 779 1753 816 spe

156 831 275 880 sequi
297 831 450 881 Regem
470 831 741 870 Catholicum.
802 830 1015 869 Inuitatus
1035 843 1129 869 sum
1148 830 1286 868 aureis
1305 831 1520 869 montibus
1540 830 1754 880 promissis

155 908 180 934 a
200 895 310 945 Rege
331 896 559 934 Gallorum.
616 895 826 935 Inuitatus
844 908 939 934 sum
959 895 1258 934 humanissime
1277 909 1301 933 a
1320 895 1432 944 Rege
1456 895 1693 945 Anglorum
1713 898 1754 934 et

156 973 180 998 a
206 960 555 1000 reuerendissimo
579 959 789 1000 Cardinali
817 960 1078 1008 Eboracensi,
1107 960 1158 998 ab
1186 960 1403 998 Francisco
1431 960 1753 1011 Archiepiscopo

158 1023 368 1072 Toletano,
384 1026 455 1075 qui
471 1039 604 1075 nuper
616 1025 800 1064 decessit.
851 1025 1064 1064 Inuitatus
1079 1038 1172 1063 sum
1187 1024 1238 1063 ab
1254 1025 1458 1074 Episcopo
1475 1025 1715 1074 Parisiensi‚
1729 1040 1753 1064 a

158 1088 389 1137 Baiocensi,
405 1090 456 1129 ab
470 1090 795 1140 Archiepiscopo
809 1090 1138 1140 Maguntinensi,
1156 1103 1179 1128 a
1193 1090 1414 1129 Leodiensi
1426 1103 1471 1129 ac
1487 1091 1750 1138 Traiectensi,

156 1166 180 1192 a
211 1154 443 1202 Basiliensi,
477 1168 500 1193 a
529 1155 725 1204 Roffensi,
757 1169 780 1194 a
809 1155 910 1194 duce
941 1155 1154 1201 Bauariae,
1185 1169 1208 1194 a
1247 1155 1349 1193 duce
1388 1155 1601 1194 Saxoniae.
1660 1155 1752 1194 Non

156 1219 338 1258 mentior
362 1219 448 1265 hec,
472 1233 538 1259 res
563 1220 726 1271 cognita
744 1222 807 1259 est
832 1220 1064 1270 permultis,
1088 1222 1130 1259 et
1150 1234 1201 1259 ex
1220 1221 1405 1270 ipsorum
1431 1220 1482 1258 ad
1509 1234 1577 1258 me
1599 1220 1754 1259 crebris

156 1283 343 1332 epistolis
373 1297 437 1323 res
469 1285 611 1335 liquet.
672 1285 880 1324 Omnibus
908 1286 977 1324 his
1006 1285 1204 1336 neglectis
1234 1286 1309 1324 hoc
1337 1299 1454 1335 agere
1492 1287 1754 1334 perseueraui

156 1348 265 1398 quod
291 1350 380 1387 erat
405 1350 449 1388 in
473 1349 690 1389 manibus:
722 1353 762 1389 et
788 1351 1031 1390 inconstans
1054 1364 1187 1399 vocor,
1210 1352 1281 1401 qui
1306 1351 1415 1401 quod
1438 1352 1568 1389 tantis
1596 1351 1754 1400 vigiliis

155 1413 279 1462 coepi,
304 1415 467 1464 cupiam
488 1415 714 1454 absoluere.
776 1415 891 1464 Quod
919 1417 955 1454 si
982 1416 1238 1455 constantiae
1257 1416 1392 1454 virtus
1411 1417 1457 1453 in
1476 1415 1553 1454 hoc
1578 1417 1659 1454 sita
1678 1418 1751 1455 est.

154 1478 200 1516 vt
221 1491 344 1527 quam
365 1478 597 1518 diutissime
624 1480 761 1518 locum
786 1480 964 1519 eundem
984 1494 1167 1532 occupes,
1190 1482 1326 1531 prima
1344 1480 1436 1519 laus
1456 1480 1628 1519 debetur
1647 1481 1755 1519 saxis

153 1555 198 1581 ac
230 1543 389 1582 truncis
418 1544 624 1593 arborum,
646 1545 835 1595 proxima
860 1545 1028 1584 conchis
1053 1559 1098 1584 ac
1124 1546 1321 1595 spongiis·
1383 1545 1478 1584 Non
1502 1548 1562 1584 est
1582 1546 1628 1583 in
1647 1545 1754 1584 vicio

154 1610 407 1648 commutare
434 1609 583 1659 locum,
615 1610 684 1649 sed
714 1623 929 1660 perperam
957 1613 1213 1649 commutare
1241 1610 1397 1649 vicium
1435 1612 1508 1649 est.
1569 1609 1654 1648 Nec
1691 1613 1755 1648 est

153 1672 287 1712 virtus
314 1674 384 1713 diu
411 1675 614 1714 mansisse
639 1675 684 1713 in
709 1675 853 1714 eodem
879 1676 980 1724 loco,
1008 1676 1079 1714 sed
1106 1689 1202 1714 cum
1228 1676 1349 1714 laude
1374 1676 1536 1714 vixisse.
1598 1675 1754 1714 Socrati

153 1737 266 1776 laudi
292 1738 392 1778 dant
419 1740 528 1790 quod
556 1753 717 1790 semper
742 1741 923 1780 Athenis
948 1741 1128 1791 probum
1149 1741 1276 1791 egerit
1303 1741 1447 1780 ciuem.
1508 1740 1593 1778 Nec
1611 1742 1754 1779 tamen

153 1803 321 1842 Platoni
339 1803 446 1843 vicio
462 1804 584 1844 datur
597 1806 883 1856 peregrinatio.
934 1807 1113 1845 Ioannes
1129 1806 1321 1856 Baptista
1335 1819 1552 1856 nunquam
1566 1819 1755 1855 egressus

152 1867 352 1908 Iudaeam
385 1871 460 1908 est.
518 1870 710 1910 Christus
743 1870 921 1910 confinia
949 1873 1115 1910 tantum
1152 1871 1301 1921 attigit.
1362 1871 1446 1909 Nec
1486 1871 1577 1909 ideo
1614 1870 1754 1909 incon-

152 1933 329 1972 stantiae
351 1934 602 1974 damnamus
619 1936 856 1985 Apostolos,
879 1937 986 1986 quod
1013 1950 1085 1986 per
1112 1936 1254 1975 orbem
1279 1936 1527 1975 vniuersum
1559 1935 1752 1974 obambu-

153 1997 344 2038 lauerint.
403 1999 536 2039 Nemo
556 2001 728 2040 damnat
747 2001 979 2040 Hilarionis
1003 2014 1170 2050 errores
1195 2002 1304 2052 quod
1332 2002 1488 2041 Paulus
1514 2001 1753 2052 speluncam

154 2076 272 2102 suam
292 2077 508 2115 nunquam
529 2067 654 2105 fuerit
673 2079 872 2116 egressus.

202 2193 271 2214 120.
296 2183 334 2214 Si
350 2183 511 2215 licuisset
536 2207 544 2216 .
569 2209 575 2216 .
603 2207 610 2215 .
638 2186 707 2217 126.
732 2186 894 2226 poenitet
910 2188 983 2216 add.
1001 2189 1040 2218 D.
1215 2195 1288 2224 130.
1314 2186 1614 2218 reuerendissimo
1630 2197 1688 2219 om.
1706 2190 1750 2219 H.

154 2227 230 2258 DN3
246 2239 253 2258 :
277 2226 467 2258 Cardinale
483 2230 552 2259 MS.
572 2227 626 2260 N2.
744 2229 787 2259 ab
803 2251 813 2260 .
833 2253 841 2261 .
859 2253 866 2259 .
888 2238 960 2267 131.
977 2229 1130 2260 decessit
1145 2232 1220 2260 add.
1236 2232 1265 2259 D
1281 2230 1372 2270 (130.
1390 2230 1577 2261 Francisco
1593 2233 1665 2261 add.
1685 2231 1749 2270 H).

158 2281 231 2310 132.
255 2281 296 2302 ac
312 2273 408 2302 Ms.:
432 2281 452 2302 a
467 2274 504 2302 D.
652 2282 723 2312 133.
747 2282 767 2303 a
791 2273 881 2303 duce
906 2296 913 2303 .
937 2297 943 2303 .
968 2296 976 2303 .
1002 2272 1176 2303 Saxoniae
1199 2276 1273 2304 add.
1291 2276 1327 2304 D.
1459 2283 1529 2312 134.
1558 2283 1601 2303 ex
1617 2277 1691 2305 add.
1709 2277 1746 2305 D.

158 2324 231 2355 135.
254 2324 310 2345 res
328 2324 386 2345 om.
402 2317 442 2346 D.
578 2325 648 2355 139.
673 2316 834 2355 proxima
851 2338 859 2347 .
878 2339 886 2347 .
905 2340 912 2347 .
933 2316 1092 2356 spongiis
1108 2318 1183 2347 add.
1201 2319 1239 2346 D.
1353 2325 1424 2355 145.
1449 2319 1477 2346 D
1494 2327 1502 2347 ε
1525 2316 1751 2349 dammamus

154 2362 224 2390 MS.
358 2359 429 2396 146.
456 2358 581 2390 Nemo.
596 2382 604 2390 .
623 2382 632 2390 .
655 2368 727 2398 150.
753 2359 956 2400 demigrant
973 2362 1047 2391 add.
1062 2362 1091 2389 D
1108 2360 1197 2399 (150.
1214 2359 1348 2391 lautior
1364 2361 1423 2397 H).

202 2479 272 2508 127.
298 2468 376 2509 hic]
394 2469 433 2499 in
450 2468 513 2499 the
531 2469 786 2500 Netherlands.
1036 2478 1105 2507 133.
1131 2469 1338 2510 Basiliensi]
1357 2469 1421 2509 Ep.
1438 2470 1511 2509 598.

201 2514 272 2544 128.
297 2512 537 2553 Catholicum]
555 2513 620 2544 See
638 2523 669 2553 p.
688 2523 717 2552 3.
1074 2512 1248 2553 Roffensi]
1266 2513 1328 2552 Ep.
1349 2522 1424 2552 592.
1443 2523 1531 2552 22,3.

201 2566 273 2595 129.
299 2555 500 2596 Gallorum]
518 2555 570 2587 Cf.
583 2556 669 2596 Epp.
684 2565 757 2596 533,
773 2557 847 2596 896.
863 2567 916 2596 90.
1075 2556 1265 2596 Bauariae]
1282 2556 1344 2596 Ep.
1361 2558 1436 2595 386.

241 2599 456 2641 Anglorum]
475 2599 526 2630 Cf.
543 2601 608 2639 Ep.
626 2601 700 2640 694.
720 2609 760 2630 10
774 2609 810 2632 n.
1074 2599 1265 2640 Saxoniae]
1302 2599 1366 2639 Ep.
1400 2609 1473 2639 514.
1531 2601 1573 2631 In
1612 2600 1750 2640 August

202 2652 274 2682 130.
301 2642 534 2684 Eboracensi]
551 2643 615 2674 See
628 2644 716 2684 Epp.
731 2653 806 2683 577.
819 2645 914 2683 6-11,
986 2643 1090 2674 there
1118 2653 1190 2673 was
1213 2642 1290 2674 talk
1316 2643 1354 2673 of
1382 2643 1561 2675 Erasmus’
1585 2644 1692 2684 going
1715 2646 1750 2675 to

155 2687 230 2718 806.
251 2695 313 2725 133
335 2686 400 2717 but
417 2686 459 2718 cf.
477 2686 541 2726 Ep.
561 2688 624 2725 964
641 2687 773 2719 introd.
988 2687 1132 2726 Leipzig
1148 2697 1154 2715 z
1179 2696 1235 2717 see
1252 2686 1459 2727 Heumann,
1478 2697 1510 2727 p.
1530 2696 1605 2725 233.

201 2738 272 2769 131.
297 2728 482 2770 Toletano]
513 2729 565 2760 Cf.
608 2730 696 2771 Epp.
726 2732 798 2770 582.
830 2741 852 2771 9
868 2741 916 2762 n..
1032 2732 1102 2768 146.
1128 2729 1278 2770 Paulus]
1320 2730 1490 2761 Erasmus
1517 2730 1590 2761 had
1628 2730 1750 2762 edited

154 2783 231 2813 597.
249 2773 303 2812 48,
318 2773 394 2804 628.
412 2783 464 2812 53.
986 2774 1007 2804 J
1010 2775 1161 2804 erome’s
1176 2773 1265 2804 lives
1281 2773 1319 2804 of
1330 2773 1418 2804 Paul
1435 2774 1474 2804 of
1494 2774 1630 2805 Thebes
1647 2774 1748 2815 (iffi),

243 2816 452 2856 Parisiensi]
471 2815 524 2847 Cf.
541 2816 603 2856 Ep.
622 2826 695 2856 529.
987 2817 1050 2848 the
1063 2816 1139 2847 first
1153 2816 1288 2847 hermit
1301 2818 1339 2847 in
1354 2817 1483 2856 Egypt,
1495 2817 1567 2848 and
1580 2817 1749 2849 Hilarion

203 2869 271 2899 132.
299 2859 498 2900 Baiocensi]
517 2860 582 2899 Ep.
599 2860 674 2898 489.
987 2859 1106 2900 (†371)
1131 2861 1168 2891 in
1194 2860 1256 2891 the
1279 2860 1383 2891 Basle
1407 2860 1557 2900 edition,
1576 2860 1648 2892 vol.
1670 2861 1695 2900 i,
1714 2861 1748 2891 ff.

242 2902 529 2943 Maguntinensi]
545 2903 608 2943 Ep.
624 2904 700 2935 661.
990 2905 1050 2934 108
1066 2912 1136 2942 seq.
1156 2914 1164 2942 ;
1187 2903 1259 2934 and
1276 2904 1314 2934 in
1331 2903 1393 2934 the
1415 2906 1604 2943 argument
1627 2906 1664 2935 to
1687 2904 1749 2934 the

242 2946 449 2987 Leodiensi]
467 2946 530 2986 Ep.
552 2947 624 2985 746.
986 2947 1093 2978 latter
1104 2946 1263 2978 remarks
1274 2957 1320 2978 on
1331 2947 1407 2978 this
1418 2949 1577 2979 contrast
1587 2948 1748 2979 between

240 2989 480 3030 Traiectensi]
497 2990 561 3021 See
577 3000 610 3030 p.
632 3000 681 3029 14.
986 2991 1099 3022 them.

1782 321 1840 343 120

1777 647 1836 679 125

1776 1298 1833 1331 135

1776 1626 1787 1646 1
1794 1626 1834 1657 40

1773 1952 1831 1985 145
