2034 3433
195 142 297 197 663]
578 145 730 185 FROM
767 145 1075 185 CUTHBERT
1113 147 1410 186 TUNSTALL
1735 152 1788 188 87

193 249 310 289 omni
322 250 436 290 visco
449 250 598 301 pedem
616 254 803 290 moratur
816 252 928 300 (nam
947 264 1000 289 ne
1019 251 1065 289 in
1084 251 1327 301 cuiusquam
1342 251 1521 290 fundum
1537 256 1609 291 aut
1622 257 1789 303 pratum
1810 269 1847 290 20

191 316 374 355 diuertas
388 316 593 355 fossarum
612 316 790 355 altitudo
806 317 931 365 vetat)
948 331 957 364 ;
985 319 1027 355 et
1041 319 1087 355 vt
1105 317 1155 355 ad
1176 329 1343 367 aggeres
1362 318 1406 355 in
1426 317 1564 356 littore
1582 321 1790 358 extructos

192 382 368 420 arcendo
397 382 503 420 mari
534 382 703 419 tandem
734 383 950 432 peruenias
983 383 1076 433 (que
1108 395 1190 420 vna
1222 382 1401 421 iucunda
1433 385 1494 420 est
1533 383 1786 434 ambulatio),

192 446 435 496 priusquam
463 446 538 484 illo
566 447 793 496 peruenias,
817 450 955 497 preter
983 449 1194 487 sexcentas
1223 448 1353 486 fossas
1382 448 1461 486 tibi
1487 450 1787 488 transeundum

193 512 283 560 erit,
301 512 452 562 quibus
470 512 605 550 linum
625 514 848 561 macerant,
867 526 969 562 quae
988 512 1106 551 foedo
1125 513 1245 551 odore
1266 513 1388 562 longe
1407 518 1603 564 superant
1619 529 1786 554 omnem

191 577 412 616 sentinam.
474 577 731 626 Quantulum
762 577 919 617 cloacae
951 580 1100 628 putent
1127 591 1222 627 prae
1255 578 1363 617 illis!
1420 580 1487 618 Ad
1521 580 1596 618 hec
1629 584 1789 631 praeter
1809 598 1844 628 25

190 643 394 682 eiusmodi
430 643 563 681 fossas
600 643 744 681 itidem
783 644 827 682 in
861 644 1006 682 vrbem
1045 644 1207 681 reditus
1245 645 1551 694 recreationem,
1594 647 1629 685 si
1663 661 1787 697 quam

190 708 385 756 habuisti,
408 708 530 756 tollit,
555 711 595 747 et
615 709 780 748 tristem
806 709 940 748 denuo
968 710 1139 747 domum
1166 709 1354 748 remittit.
1415 711 1518 749 Tota
1535 712 1659 761 plane
1678 713 1787 764 regio

189 773 351 812 duobus
369 774 559 824 passibus
584 777 646 813 est
665 775 770 814 mari
795 775 994 814 humilior
1021 775 1065 812 in
1091 788 1258 813 summo
1276 777 1420 823 aestu;
1449 779 1490 815 et
1516 778 1598 816 nisi
1622 791 1788 828 aggeres

189 842 385 887 arcerent,
407 840 593 878 marinae
618 840 764 878 beluae
788 841 831 878 in
859 841 1134 878 comessantes
1161 842 1285 890 atque
1312 840 1492 880 inuicem
1521 843 1788 892 propinantes

188 903 344 942 incolas
359 905 648 954 irrumperent.
691 906 758 944 Ad
775 906 874 944 haec
888 905 1152 943 incommoda
1166 906 1336 945 vitanda
1349 908 1602 956 praesidium
1616 909 1786 947 vnicum
1806 924 1845 953 30

188 982 277 1008 esse
302 970 419 1008 aiunt
439 972 549 1009 totos
567 971 734 1009 haurire
754 971 944 1020 congios;
974 970 1203 1008 remedium
1223 973 1330 1009 certe
1350 973 1457 1010 mihi
1483 974 1652 1022 grauius
1672 975 1786 1013 omni

187 1036 342 1075 morbo.
403 1036 523 1075 Nosti
560 1037 672 1075 enim
703 1049 829 1086 quam
860 1036 979 1074 facile
1009 1036 1055 1074 in
1087 1049 1133 1074 eo
1164 1049 1311 1086 genere
1341 1039 1582 1077 certaminis
1612 1040 1785 1079 herbam

187 1102 364 1152 porrigo.

242 1167 323 1206 Sed
356 1167 456 1217 quid
486 1167 601 1213 facio,
638 1167 708 1216 qui
747 1169 833 1205 tam
871 1166 1111 1216 frugiferam
1144 1167 1326 1206 insulam
1359 1171 1513 1219 tanque
1544 1174 1783 1220 portuosam

185 1232 353 1281 infamo,
381 1232 520 1271 tacitis
547 1245 651 1282 quae
679 1234 724 1270 in
753 1231 1034 1271 laudationem
1064 1232 1153 1271 eius
1181 1232 1263 1271 dici
1290 1237 1492 1282 possent?
1546 1235 1621 1274 Vis
1649 1238 1784 1278 scire?
1803 1254 1840 1284 :⁷¹5

186 1297 312 1336 quat
330 1297 469 1346 aliqua
489 1297 555 1336 via
572 1309 641 1335 me
661 1297 712 1335 de
730 1296 803 1335 illa
821 1297 1033 1335 vindica‘re
1056 1299 1177 1347 atque
1197 1311 1365 1336 omnem
1386 1312 1435 1337 ex
1454 1300 1543 1338 eius
1562 1302 1673 1340 tedio
1693 1317 1783 1342 con-

185 1365 347 1413 ceptam
372 1362 501 1401 bilem
526 1362 571 1400 in
598 1362 715 1400 illam
741 1363 875 1412 ipsam
901 1362 1125 1401 effundere.
1186 1362 1334 1413 Itaque
1360 1377 1471 1403 nunc
1494 1366 1584 1404 eius
1604 1370 1783 1419 ἐγκώμιον

185 1428 364 1467 reticebo
383 1427 429 1466 in
444 1427 692 1467 vindictam.
739 1428 829 1476 Sed,
849 1429 896 1465 vt
915 1428 1022 1465 serio
1041 1430 1180 1466 tecum
1200 1441 1331 1478 agam,
1354 1430 1509 1479 gaudeo
1528 1445 1595 1470 me
1614 1435 1782 1472 tandem

183 1493 415 1532 continenti
441 1493 662 1541 redditum,
687 1493 757 1532 vbi
777 1493 935 1532 coelum
961 1493 1182 1533 salubrius.
1240 1495 1295 1534 Et
1316 1499 1359 1534 vt
1384 1498 1566 1546 patietur
1588 1512 1783 1539 concussa

183 1558 388 1606 valetudo,
410 1559 614 1609 paulatim
635 1559 830 1609 adrepam
850 1560 895 1597 in
913 1559 1117 1609 patriam:
1145 1573 1259 1598 meos
1276 1561 1345 1599 hic
1365 1562 1595 1613 relinquam
1615 1566 1782 1615 grauius
1800 1582 1841 1611 40

183 1624 319 1664 adhuc
343 1624 516 1663 afflictos
541 1637 665 1674 quam
686 1626 732 1663 vt
758 1625 875 1675 sequi
902 1627 1083 1674 possent.
1143 1626 1277 1664 Deum
1305 1627 1523 1677 Optimum
1549 1629 1781 1670 Maximum

182 1703 359 1740 praecor,
382 1689 603 1739 aliquando
623 1689 924 1728 conualescant.

235 1755 486 1805 Apologiam
519 1755 592 1794 abs
622 1758 664 1794 te
697 1756 878 1805 missam,
911 1769 991 1805 qua
1023 1755 1155 1794 Fabro
1189 1757 1424 1806 respondes,
1455 1772 1538 1798 vna
1569 1773 1663 1798 cum
1697 1762 1781 1800 tuis

180 1821 332 1860 litteris
361 1821 498 1871 accepi
513 1835 523 1869 ;
551 1822 675 1870 atque
703 1821 860 1872 aliquot
888 1824 985 1860 ante
1013 1821 1159 1860 diebus
1185 1822 1336 1861 alteras
1363 1836 1609 1873 acceperam,
1629 1826 1781 1876 quibus

181 1889 223 1925 te
240 1886 305 1925 illi
324 1898 623 1936 responsurum
649 1886 903 1936 significasti,
926 1886 996 1925 sed
1017 1887 1121 1925 citra
1140 1888 1411 1926 stomachum.
1470 1889 1587 1938 Quod
1608 1893 1715 1930 certe
1738 1894 1778 1929 te
1798 1905 1836 1935 45

181 1951 437 2001 praestitisse
465 1951 644 2001 gaude03
675 1952 938 1990 decreueram
967 1952 1080 1990 enim
1107 1954 1148 1990 te
1177 1952 1332 1992 hortari
1356 1956 1402 1992 vt
1427 1954 1678 2005 theologum,
1702 1957 1779 1996 hoc

181 2018 246 2056 est
263 2016 425 2064 mitem,
443 2029 584 2065 ageres
602 2018 647 2056 in
667 2017 972 2067 respondendo:
1003 2017 1112 2067 quod
1132 2017 1201 2056 ille
1216 2019 1261 2056 in
1277 2032 1350 2057 sua
1364 2033 1485 2058 causa
1503 2023 1780 2070 pronuncians

182 2084 303 2132 atque
322 2081 580 2131 arrogantius
607 2082 844 2131 opinionem
870 2082 1061 2132 ingerens
1087 2096 1205 2122 suam
1226 2084 1400 2123 minime
1419 2087 1636 2135 praestitit,
1661 2087 1777 2137 quasi

181 2160 267 2185 non
299 2146 355 2185 sit
384 2146 572 2184 futurum
605 2146 783 2185 aliorum
812 2148 951 2197 potius
981 2150 1023 2186 et
1052 2149 1307 2198 posteritatis
1337 2151 1387 2188 de
1415 2164 1462 2189 ea
1491 2164 1534 2190 re
1562 2152 1773 2192 iudicium.

180 2212 427 2261 Quanquam
442 2211 492 2249 de
507 2211 683 2249 veritate
698 2224 830 2262 neque
850 2212 914 2250 illi
933 2226 1067 2262 neque
1081 2213 1274 2262 cuiquam
1290 2215 1530 2254 mortalium
1548 2217 1776 2258 cedendum
1795 2231 1835 2261 50

177 2277 259 2316 'tibi
276 2289 463 2326 vnquam
489 2277 646 2326 putaui.
704 2276 820 2324 Quod
841 2291 939 2316 vero
963 2291 986 2315 a
1009 2278 1217 2316 cornicula
1240 2281 1332 2317 tuas
1357 2293 1514 2329 pennas
1538 2281 1583 2319 in
1609 2283 1777 2322 exordio

179 2342 407 2393 Apologiae
432 2341 584 2392 repetis
608 2344 696 2380 tam
723 2343 918 2390 modeste,
943 2345 1052 2381 recte
1077 2344 1188 2382 facis.
1247 2344 1430 2394 Expecto
1450 2359 1572 2395 quem
1598 2348 1775 2387 colorem

178 2409 296 2456 dicet,
321 2406 393 2446 sed
419 2406 659 2456 perfricabit
683 2406 865 2446 frontem
889 2409 1002 2458 puto.
1062 2407 1291 2446 Hominem
1317 2409 1423 2447 mihi
1441 2411 1581 2449 videre
1600 2412 1776 2463 contigit

178 2474 222 2512 in
242 2472 378 2520 Italia,
412 2471 648 2510 modestum
676 2485 783 2520 sane,
810 2475 857 2511 vt
886 2475 977 2511 tum
1000 2472 1231 2521 videbatur,
1263 2476 1304 2511 et
1331 2474 1612 2525 cyclopediam
1640 2477 1775 2526 illam,

179 2550 305 2587 quam
330 2537 503 2587 adeptos
531 2536 758 2586 magisterii
786 2537 957 2575 nomine
983 2537 1156 2576 Parrisii
1183 2538 1403 2587 honorant,
1429 2540 1598 2588 penitus
1625 2542 1775 2581 callere
1791 2555 1830 2587 55

221 2677 274 2707 29.
296 2669 342 2698 D:
367 2669 604 2698 comessantes
619 2678 650 2698 α.
751 2669 805 2706 36.
830 2669 888 2697 Pro
904 2667 963 2698 via
976 2666 1011 2697 «ι1
1028 2669 1067 2698 in
1083 2667 1196 2708 illam,
1210 2671 1321 2699 scilicet
1337 2680 1371 2700 ex
1386 2681 1475 2701 versu
1489 2675 1636 2712 sequenti,
1650 2676 1774 2711 scripsit

179 2715 204 2741 et
219 2720 291 2741 mox
305 2712 428 2741 deleuit.
561 2711 613 2750 38.
640 2711 794 2742 reticebo
808 2713 854 2741 D:
880 2711 1034 2741 recitabo
1050 2722 1080 2742 α.
1214 2722 1267 2750 41.
1293 2712 1410 2744 adhuc
1427 2725 1486 2745 om.
1502 2717 1541 2746 D.
1633 2718 1771 2756 possint

177 2756 222 2784 H.
370 2764 422 2792 43.
448 2756 494 2784 D:
519 2754 597 2784 abst
613 2755 649 2785 te
664 2765 695 2785 α.
843 2764 898 2793 49.
920 2757 965 2785 D:
988 2754 1162 2785 indicium
1180 2766 1210 2786 α.
1357 2766 1410 2795 51.
1437 2757 1491 2787 a2:
1517 2759 1708 2791 connicula
1723 2760 1766 2792 αἱ.

179 2807 232 2836 52.
254 2799 303 2827 D:
326 2797 484 2839 modeste
500 2808 532 2829 α.
663 2807 714 2836 54.
743 2797 945 2828 modestum
964 2797 1018 2830 (1²2
1043 2798 1203 2828 modeste
1219 2798 1263 2829 αἱ.

223 2917 275 2944 44.
302 2905 450 2944 litteris]
467 2905 528 2944 Ep.
548 2905 622 2943 643.
1050 2916 1101 2944 54.
1129 2907 1167 2936 in
1190 2906 1314 2948 Italia]
1336 2908 1514 2948 Probably
1529 2910 1568 2940 in
1595 2921 1701 2951 15oo;
1726 2914 1768 2945 cf.

264 2947 410 2990 alteras]
429 2948 492 2988 Ep.
511 2949 588 2986 607.
1007 2949 1094 2989 Epp.
1114 2959 1187 2987 207.
1206 2960 1247 2980 22
1260 2961 1295 2982 n.
1311 2951 1382 2982 and
1398 2962 1462 2991 315
1483 2953 1614 2985 introd.

223 3002 275 3032 51.
293 2991 491 3032 cornicula]
503 2991 555 3023 cf.
570 2991 724 3029 Hor.Ep.
737 3001 804 3031 1.3.
818 2993 934 3023 18-20.
1049 3002 1102 3032 55.
1132 2993 1299 3035 Parrisii]
1317 2994 1369 3026 cf.
1388 2994 1451 3035 Ep.
1471 3007 1546 3035 413.
1567 3007 1603 3028 11
1622 3008 1657 3029 n.
