2034 3433
325 174 406 213 590
785 172 1036 211 LETTERS
1075 172 1146 211 OF
1184 172 1449 212 ERASMUS
1685 209 1688 211 Α
1794 174 1917 228 [1519

324 278 433 317 nihil
465 279 634 318 debetur
670 277 834 324 laudis3
877 276 943 315 sin
978 290 1107 324 secus,
1141 277 1250 316 nihil
1287 290 1446 316 mereor
1483 278 1636 326 probri,
1671 279 1835 328 quando
1871 280 1917 319 in

325 344 520 383 omnibus
545 344 661 382 illius
686 342 1044 381 lucubrationibus
1066 356 1118 381 ne
1147 343 1334 393 apiculus
1361 344 1528 393 quidem
1558 344 1668 382 vllus
1696 346 1759 383 est
1787 357 1918 386 meus.

262 417 303 457 85
324 409 373 447 Id
408 409 674 448 verissimum
704 421 792 447 esse
825 407 1048 458 comperiet
1082 408 1271 458 quisquis
1303 408 1414 448 volet
1445 409 1656 458 vestigare.
1717 409 1917 449 Hominis

323 477 408 514 vita
433 487 584 524 magno
611 474 802 512 omnium
825 486 1029 512 consensu
1054 473 1276 524 probatur:
1305 474 1390 512 iam
1417 474 1458 512 id
1487 488 1572 513 non
1598 475 1690 514 leue
1718 475 1917 524 praeiudi-

322 541 432 578 cium
456 541 528 587 est‚
551 540 715 578 tantam
743 552 831 578 esse
860 553 1026 578 morum
1055 539 1336 590 integritatem
1365 541 1411 578 vt
1440 553 1514 578 nec
1543 540 1683 579 hostes
1711 540 1918 591 reperiant

322 605 427 656 quod
449 604 767 643 calumnientur.

376 671 492 719 Quod
523 670 560 708 si
588 670 769 708 maxime
797 673 981 709 vacasset
1012 671 1157 720 legere,
1182 684 1266 710 non
1296 671 1403 709 mihi
1432 673 1601 710 tantum
1623 684 1765 721 arrogo
1793 673 1838 710 vt
1865 671 1916 710 de

262 754 303 784 90
322 737 429 774 tanti
458 736 539 773 viri
572 735 739 786 scriptis
771 735 899 774 velim
929 737 1216 786 pronunciare,
1254 736 1421 775 etiamsi
1458 749 1570 775 nunc
1607 736 1762 786 passim
1800 735 1916 786 pueri

321 815 470 852 magna
509 802 746 840 temeritate
787 802 1065 851 pronuncient
1110 802 1188 840 hoc
1231 815 1463 849 erroneum,
1503 801 1608 840 illud
1645 802 1911 841 haereticum.

321 867 414 905 Imo
429 867 627 906 aduersus
643 867 875 906 Lutherum
890 867 1112 917 aliquando
1127 867 1284 906 fuimus
1299 868 1536 918 iniquiores,
1553 881 1606 906 ne
1621 868 1720 917 quid
1735 868 1916 908 inuidiae

319 932 516 971 recideret
546 932 591 970 in
619 931 749 971 bonas
785 932 935 981 literas,
972 945 1074 983 quas
1107 932 1300 972 nolebam
1337 933 1519 983 amplius
1555 933 1738 972 onerari:
1781 946 1915 984 neque

319 998 431 1036 enim
465 1011 530 1036 me
560 998 668 1047 fugit
695 1011 821 1048 quam
851 998 1056 1037 inuidiosa
1086 1011 1150 1037 res
1183 999 1239 1037 sit
1272 1012 1319 1037 ea
1351 998 1599 1037 labefactare
1628 999 1737 1038 vnde
1765 999 1916 1038 messis

260 1082 299 1114 95
318 1064 457 1114 opima
487 1063 711 1102 demetitur
747 1064 1028 1103 sacerdotibus
1060 1066 1131 1103 aut
1164 1064 1393 1103 monachis.
1451 1064 1697 1103 Prodierant
1729 1064 1914 1115 primum

317 1130 659 1180 aliquammultae
681 1130 984 1180 propositiones
1009 1130 1071 1168 De
1099 1130 1415 1169 remissionibus
1443 1129 1703 1178 Pontificiis;
1731 1143 1827 1168 mox
1855 1143 1914 1170 ac·

316 1195 441 1234 cessit
461 1207 569 1233 vnus
588 1196 709 1245 atque
729 1194 832 1233 alter
851 1194 1018 1234 libellus
1037 1195 1099 1234 De
1118 1195 1384 1243 confessione,
1402 1196 1462 1234 De
1481 1194 1746 1245 poenitentia.
1806 1195 1913 1235 Cum

317 1261 516 1299 sentirem
544 1260 696 1310 gestire
725 1261 925 1310 quosdam
950 1261 1002 1299 ad
1028 1261 1287 1308 aeditionem,
1310 1261 1415 1299 serio
1442 1261 1617 1299 dissuasi
1636 1274 1688 1299 ne
1711 1261 1914 1300 inuidiam

315 1326 422 1364 hanc
447 1325 647 1364 adderent
675 1325 795 1364 bonis
816 1325 960 1364 literis.
1019 1325 1154 1365 Erunt
1181 1326 1307 1364 huius
1334 1326 1393 1364 rei
1415 1328 1542 1365 testes
1564 1328 1607 1364 et
1633 1326 1705 1376 qui
1729 1326 1913 1365 Luthero

240 1404 299 1427 100
315 1391 419 1430 bene
447 1390 606 1430 volunt.
665 1391 851 1430 Tandem
879 1391 1034 1441 prodiit
1062 1404 1236 1430 examen
1263 1392 1525 1430 libellorum:
1560 1405 1681 1430 nemo
1710 1405 1778 1430 me
1806 1391 1914 1430 vidit

317 1456 537 1506 legentem,
571 1469 694 1495 nemo
726 1456 974 1506 probantem
1007 1456 1170 1495 audiuit
1202 1458 1274 1495 aut
1302 1456 1621 1506 improbantem.
1681 1456 1766 1495 Nec
1798 1457 1912 1496 enim

315 1526 404 1560 tam
431 1521 677 1560 temerarius
699 1534 793 1560 sum
821 1523 867 1560 vt
891 1522 1059 1571 probem
1089 1522 1197 1572 quod
1228 1535 1313 1560 non
1336 1522 1519 1571 legerim,
1544 1535 1675 1572 neque
1695 1524 1781 1561 tam
1800 1535 1912 1573 syco-

315 1587 537 1637 phanticus
555 1589 602 1625 vt
628 1587 821 1625 damnem
849 1589 955 1637 quod
983 1588 1191 1635 nesciam,
1221 1587 1384 1625 etiamsi
1414 1588 1490 1626 hoc
1519 1587 1639 1626 hodie
1662 1587 1830 1627 solenne
1849 1589 1911 1626 est

315 1652 369 1691 iis
387 1667 489 1704 quos
508 1653 682 1691 minime
702 1653 827 1692 decet.

238 1732 297 1765 105
370 1718 509 1758 Habet
542 1718 763 1758 Germania
793 1720 965 1757 iuuenes
995 1718 1152 1768 aliquot
1183 1731 1379 1768 magnam
1413 1721 1455 1756 et
1488 1718 1732 1757 eruditionis
1762 1721 1804 1757 et
1834 1719 1910 1757 elo-

316 1784 509 1834 quentiae
541 1796 657 1834 spem
688 1784 738 1822 de
770 1796 812 1822 se
850 1784 1106 1833 praebentes,
1141 1797 1320 1834 quorum
1353 1797 1476 1834 opera
1513 1783 1702 1822 futurum
1733 1796 1910 1834 auguror

315 1853 362 1888 vt
381 1849 604 1900 aliquando
624 1849 794 1899 gloriari
812 1849 942 1900 possit
964 1849 1197 1897 Germania,
1223 1850 1328 1900 quod
1351 1863 1462 1888 nunc
1482 1849 1639 1899 optimo
1659 1849 1747 1888 iure
1764 1849 1910 1899 gloria·

314 1919 384 1954 tur
421 1914 653 1954 Britannia.
731 1914 896 1953 Horum
944 1928 1067 1953 nemo
1105 1915 1211 1953 mihi
1250 1916 1301 1953 de
1339 1915 1441 1953 facie
1479 1917 1602 1953 notus
1637 1916 1711 1963 est,
1750 1916 1911 1964 praeter

315 1980 545 2028 Eobanum,
565 1980 803 2019 Huttenum
822 1993 868 2018 ac
889 1980 1079 2019 Beatum.
1133 1980 1192 2018 Hi
1213 1980 1329 2018 nullo
1349 1993 1432 2018 non
1454 1980 1741 2018 machinarum
1759 1992 1909 2030 genere

236 2066 296 2088 110
314 2059 410 2084 cum
439 2045 677 2096 linguarum
706 2059 751 2084 ac
779 2046 983 2084 bonarum
1012 2045 1239 2094 literarum,
1274 2045 1423 2095 quibus
1452 2058 1596 2084 omnes
1624 2044 1724 2084 boni
1751 2045 1903 2094 fauent,

313 2111 502 2150 hostibus
518 2111 766 2161 depugnant.
826 2111 992 2150 Horum
1013 2111 1248 2150 libertatem
1263 2112 1414 2150 faterer
1430 2113 1470 2149 et
1485 2111 1571 2160 ipse
1587 2110 1905 2158 intolerabilem,

314 2176 396 2215 nisi
411 2176 559 2215 scirem
573 2189 698 2226 quam
711 2176 918 2215 atrocibus
931 2177 1066 2215 modis
1079 2178 1170 2215 tum
1184 2176 1349 2227 publice
1361 2179 1452 2215 tum
1465 2176 1662 2226 priuatim
1675 2175 1906 2215 irritentur.

314 2241 402 2291 Ipsi
421 2241 500 2280 sibi
526 2242 775 2291 permittunt
800 2245 846 2280 vt
873 2242 918 2280 in
937 2242 1062 2281 sacris
1081 2242 1359 2287 concionibus,
1384 2242 1428 2279 in
1448 2241 1612 2288 scholis,
1634 2241 1679 2279 in
1701 2241 1907 2280 conuiuiis

314 2307 581 2354 odiosissime,
622 2307 705 2345 imo
746 2307 950 2355 seditiose,
994 2308 1162 2357 quiduis
1204 2308 1482 2346 vociferentur
1523 2306 1631 2356 apud
1668 2306 1907 2356 imperitam

236 2383 293 2416 115
314 2371 654 2420 multitudinem3
683 2374 723 2411 et
751 2373 912 2411 facinus
939 2386 1024 2411 non
1050 2373 1269 2411 ferendum
1295 2372 1563 2419 arbitrantur,
1585 2371 1621 2409 si
1644 2372 1737 2420 quis
1755 2371 1906 2410 horum

313 2437 418 2476 ausit
433 2437 594 2484 mutire,
612 2451 706 2476 cum
728 2440 769 2476 et
784 2437 957 2488 apiculis
973 2438 1026 2476 sit
1043 2439 1208 2477 aculeus
1229 2451 1308 2488 quo
1326 2437 1456 2475 laesae
1471 2437 1631 2483 feriant,
1650 2438 1691 2474 et
1706 2436 1906 2476 musculis

355 2573 409 2603 92.
437 2562 650 2603 iniquiores]
670 2563 720 2594 Cf.
740 2563 804 2602 Ep.
823 2572 900 2601 904.
920 2572 1006 2602 19n.
1143 2565 1179 2593 at
1221 2562 1460 2601 VVittenberg.
1526 2561 1557 2592 It
1595 2562 1626 2592 is
1663 2571 1730 2593 one
1767 2562 1806 2593 of
1842 2561 1905 2594 the

354 2608 407 2647 96.
431 2606 483 2637 De
509 2606 795 2647 remissionibus]
824 2607 886 2637 See
911 2606 973 2646 Ep.
1003 2607 1074 2645 785.
1142 2607 1258 2646 pieces
1285 2606 1324 2636 in
1348 2605 1514 2636 Froben’s
1537 2604 1680 2636 volume
1698 2605 1738 2645 (1.
1757 2615 1821 2636 100
1835 2605 1903 2646 n.)‚

311 2659 353 2689 37
364 2660 400 2682 n.
1142 2650 1206 2680 but
1222 2649 1241 2680 I
1257 2649 1388 2680 cannot
1410 2648 1486 2679 find
1509 2648 1590 2680 that
1612 2650 1642 2680 it
1665 2658 1736 2680 was
1758 2649 1905 2689 printed

355 2704 408 2734 97.
434 2693 486 2724 De
527 2692 762 2734 confessione]
802 2693 998 2733 Composed
1035 2693 1074 2723 in
1141 2692 1349 2733 separately.
1933 2732 1935 2735 Ι

313 2737 480 2776 German,
513 2737 594 2768 Jan.
636 2746 719 2776 1519
752 2735 850 2777 (LE2.
889 2746 959 2776 135.
1001 2737 1071 2774 116,
1188 2746 1258 2768 100.
1296 2735 1461 2776 examen]
1500 2735 1698 2776 Evidently
1734 2735 1904 2767 Froben’s

315 2789 385 2818 141.
408 2781 487 2821 1,2),
503 2780 571 2811 and
585 2779 731 2819 printed
743 2780 897 2811 without
910 2780 1075 2811 Luther’s
1141 2780 1331 2819 composite
1347 2780 1509 2818 volume;
1534 2779 1579 2811 cf.
1595 2780 1658 2819 Ep.
1677 2788 1752 2818 904.
1771 2789 1810 2819 19
1822 2789 1858 2811 n.

313 2823 519 2864 knowledge
535 2825 572 2854 at
587 2824 785 2864 Augsburg,
801 2823 914 2863 Basle,
932 2823 1075 2863 Leipzig
1188 2833 1257 2862 109.
1282 2821 1482 2863 Eobanum]
1499 2822 1563 2853 See
1578 2833 1612 2863 p.
1624 2832 1698 2861 411.

312 2866 382 2897 and
399 2867 621 2907 Nuremberg
633 2868 673 2898 in
687 2876 780 2906 1519.
815 2867 936 2898 About
951 2867 1073 2898 March
1227 2866 1395 2907 Beatum]
1432 2866 1496 2897 See
1531 2866 1593 2905 Ep.
1630 2875 1706 2905 327.
1759 2866 1806 2898 In
1844 2865 1904 2897 his

315 2919 398 2948 1520
412 2910 458 2941 he
474 2910 666 2950 published
682 2911 711 2942 it
728 2912 767 2941 in
783 2910 899 2949 Latin,
917 2910 1074 2941 Witten—
1139 2919 1215 2940 case
1231 2910 1398 2941 Erasmus
1408 2919 1474 2941 can
1487 2909 1617 2949 hardly
1625 2909 1715 2940 have
1727 2909 1903 2942 intended

312 2953 409 2992 berg,
422 2954 454 2984 J.
475 2954 716 2993 Grunenberg,
737 2954 829 2984 with
851 2953 933 2985 LE2.
957 2964 1020 2994 292
1037 2964 1074 2985 as
1139 2955 1176 2984 to
1192 2953 1371 2993 complain
1388 2953 1426 2984 of
1440 2954 1448 2971 ‘
1462 2953 1673 2984 intolerable
1688 2952 1819 2993 liberty
1829 2953 1850 2985 '-

312 2996 470 3036 preface3
495 2997 539 3028 cf.
556 2997 629 3028 also
645 2997 728 3029 LE2.
747 2999 820 3037 262,
838 2998 910 3037 289.
1186 3006 1257 3035 113.
1282 2996 1375 3038 Ipsi]
1400 2996 1474 3027 The
1498 2998 1739 3028 conservative
1768 2995 1902 3028 theolo-

398 3039 449 3070 De
459 3040 695 3081 poenitentia]
708 3041 739 3072 A
747 3050 885 3072 sermon
896 3040 1072 3081 preached
1139 3040 1251 3080 gians.
