2034 3433
113 144 211 198 82'2]
629 149 700 189 ΤΟ
739 150 925 190 PETER
961 150 1189 191 VANNES
1625 155 1701 192 291

110 251 196 289 tuis
216 250 366 291 litteris
384 251 576 291 inculcas.
634 253 691 292 Vt
711 255 852 304 paucis
870 268 1001 305 agam,
1022 256 1144 306 plane
1173 257 1249 295 hac
1271 257 1316 295 in
1344 258 1460 306 parte
1488 257 1705 295 Ammonii
1725 266 1741 295 5

109 315 326 367 ingenium
346 317 391 356 in
411 319 452 356 te
475 317 685 367 desydero.
748 320 907 359 Deinde
930 334 1024 360 cum
1051 323 1167 360 tuam
1192 321 1449 371 obsignasses
1472 321 1700 372 epistolam,

107 380 430 432 dispensationis
449 384 661 434 exemplar
683 398 811 434 puero
836 388 1026 436 apertum
1054 387 1273 426 tradidisti.
1335 388 1369 427 Ο
1398 389 1580 426 mentem
1605 388 1705 426 Am·

110 447 250 486 monio
271 447 466 498 dignam!
524 449 638 488 Bene
658 450 760 489 vale.
821 452 1006 490 Louanii.
1030 466 1065 501 9.
1089 452 1172 492 Cal.
1196 452 1334 491 Maias

571 570 669 612 823.
731 570 795 611 To
827 571 1020 612 THOMAS
1052 572 1239 612 Banna..

159 646 344 682 Deventcr
361 646 438 682 MS.
458 658 515 692 91,
533 648 558 682 f.
581 658 624 683 10
642 652 690 682 νο.
1396 651 1574 687 Louvain.

159 704 232 738 LB.
252 704 346 750 App.
367 714 446 749 279.
1314 720 1357 753 23
1375 709 1482 754 April
1503 707 1655 756 (1518).

571 798 773 828 ERASMvs
805 799 999 830 BIDELLO
1032 800 1112 830 SVO
1144 802 1176 830 S.
1201 801 1244 831 D.

164 865 381 905 NONNIHIL
396 866 621 905 molestum
636 868 716 906 fuit
733 868 840 918 quod
856 882 976 907 meus
991 869 1168 909 Ioannes
1182 870 1337 908 isthinc
1353 871 1439 908 sine
1455 871 1538 909 tuis
1554 871 1704 910 litteris

109 931 288 971 redierit.
336 931 452 980 Quod
471 932 589 970 iubes
608 932 774 971 mittere
793 932 1104 985 syngra<p>ham
1121 948 1193 984 pro
1213 936 1411 984 pensione
1431 936 1532 973 anni
1553 936 1703 974 decimi

110 997 221 1045 noni,
241 996 388 1046 opinor
402 999 442 1035 te
456 1009 544 1035 rem
563 1010 709 1046 parum
731 999 984 1047 expendisse.
1045 999 1151 1037 Nam
1173 1000 1297 1039 istam
1317 1000 1598 1050 syngrapham
1618 1014 1703 1039 non

109 1063 304 1101 miseram
323 1075 398 1112 pro
418 1063 588 1111 pecunia
608 1076 733 1112 quam
752 1063 885 1112 accepi
905 1077 928 1102 a
948 1064 1139 1111 Maruffo,
1169 1065 1241 1103 sed
1268 1078 1340 1115 pro
1366 1078 1412 1103 ea
1438 1078 1563 1114 quam
1590 1066 1704 1104 dedit

109 1127 365 1173 anciscus,
397 1130 506 1166 certe
535 1128 579 1166 in
609 1128 854 1178 syngrapha.
915 1129 1067 1179 Accepi
1096 1130 1314 1179 pecuniam
1343 1144 1367 1168 a
1400 1131 1624 1169 Benedicto
1653 1131 1703 1170 de
1721 1144 1737 1174 5

110 1193 322 1232 Furnariis
337 1192 388 1231 ad
403 1206 612 1232 summam
629 1195 797 1232 centum
813 1195 1025 1244 sexaginta
1044 1208 1115 1232 sex
1133 1195 1336 1234 librarum
1353 1196 1523 1234 Francie
1539 1198 1578 1234 et
1594 1198 1643 1234 st.
1665 1199 1699 1244 8,

106 1259 179 1297 sed
191 1257 280 1298 sine
292 1257 376 1296 vllo
389 1257 531 1304 titulo;
547 1257 629 1296 nisi
645 1259 752 1308 quod
767 1258 952 1298 dicerent
964 1273 987 1297 a
1000 1260 1208 1309 Raphaele
1222 1261 1392 1299 missam
1409 1262 1701 1311 syngrapham,

103 1323 270 1362 etiamsi
292 1322 398 1361 mihi
422 1322 583 1361 nullam
607 1323 894 1362 exhibuerunt.
949 1324 1011 1363 Ea
1030 1325 1065 1363 si
1085 1325 1182 1364 data
1201 1327 1264 1364 est
1285 1326 1454 1364 nomine
1475 1326 1697 1376 pensionis,

104 1389 202 1428 data
229 1389 293 1427 est
317 1401 389 1438 pro
418 1401 527 1426 anno
551 1387 710 1427 decimo
737 1388 911 1438 septimo
931 1389 1117 1439 proxime
1136 1393 1311 1440 peracto,
1333 1404 1408 1440 pro
1429 1404 1510 1440 quo
1537 1391 1701 1430 Sixtino

106 1451 421 1504 syngra(p>ham
448 1452 546 1491 misi
572 1466 645 1502 per
671 1453 781 1492 hunc
808 1467 949 1492 meum
975 1454 1188 1493 Ioannem.
1248 1454 1340 1494 Misi
1367 1457 1407 1493 et
1432 1455 1606 1494 alteram
1626 1469 1700 1505 pro
1721 1469 1760 1491 10

103 1531 211 1556 anno
231 1517 390 1556 decimo
409 1518 556 1556 octauo
575 1520 765 1557 currente
785 1518 834 1556 de
854 1519 1030 1568 pecunia
1057 1519 1192 1558 soluta
1210 1522 1305 1558 ante
1325 1520 1435 1558 diem
1457 1521 1608 1569 (soluta
1632 1524 1696 1560 est

101 1583 217 1622 enim
237 1583 283 1621 in
303 1582 425 1621 initio
445 1583 558 1632 anni)
575 1597 585 1630 3
614 1596 709 1621 cum
729 1586 815 1622 tota
834 1597 919 1622 non
939 1584 1156 1623 deberetur
1175 1585 1257 1624 nisi
1277 1586 1326 1624 ad
1348 1585 1504 1624 festum
1525 1587 1699 1625 Annun-

101 1647 293 1687 ciationis
307 1647 495 1698 proxime
512 1649 752 1687 venturum.
804 1649 920 1697 Quod
942 1649 978 1687 si
997 1662 1261 1699 agnoscerem
1281 1650 1387 1688 mihi
1407 1649 1700 1702 sati<s)factum

103 1726 176 1761 pro
191 1726 301 1752 anno
320 1712 481 1752 decimo
502 1725 622 1761 nono,
640 1713 823 1763 primum
838 1714 1039 1753 mentirer
1052 1715 1209 1754 factum
1225 1716 1333 1765 quod
1349 1729 1433 1754 non
1449 1718 1513 1755 est
1528 1717 1696 1765 factum,

102 1780 145 1816 et
170 1777 378 1827 meipsum
396 1777 523 1817 Vnius
541 1778 640 1816 anni
659 1778 858 1827 pensione
877 1779 1125 1819 fraudarem.
1185 1781 1291 1819 Cura
1310 1783 1356 1819 vt
1376 1794 1566 1819 reuersus
1581 1783 1622 1820 te
1641 1795 1700 1820 re·
1720 1795 1756 1826 15

103 1841 258 1892 periam
273 1842 527 1881 incolumem
547 1845 587 1882 et
606 1844 714 1894 apud
734 1844 1145 1884 Reuerendissimum
1166 1846 1338 1885 solitum
1358 1859 1433 1895 age
1454 1845 1677 1885 Bidellum.

157 1907 343 1945 Louanii.
368 1921 402 1956 9.
426 1907 510 1946 Cal.
536 1908 677 1947 Maias.

584 2023 681 2062 824.
741 2021 805 2062 Το
835 2021 978 2075 <J0HN
1012 2023 1213 2078 Pisum>

151 2100 343 2136 Deventer
360 2099 435 2134 MS.
457 2109 513 2145 91,
535 2100 566 2135 f.
585 2111 638 2135 10.
1394 2104 1566 2140 Louvain.

150 2157 222 2193 LB.
242 2158 338 2203 App.
361 2167 437 2202 133.
1307 2173 1349 2207 23
1368 2162 1473 2206 April
1495 2161 1648 2208 (1518).

183 2239 252 2279 [As
268 2238 358 2268 with
375 2237 464 2278 Epp.
481 2239 558 2277 653,
576 2238 649 2278 784,
664 2238 805 2269 Leclerc
816 2224 852 2269 *is
867 2238 1002 2280 clearly
1012 2240 1110 2280 right
1128 2242 1167 2272 in
1184 2241 1394 2282 addressing
1410 2245 1447 2273 to
1463 2242 1616 2283 Fisher.]

157 2326 197 2365 S.
214 2326 274 2373 Ρ.,
298 2324 522 2364 reuerende
546 2324 681 2364 Pater.
740 2327 946 2365 Animum
964 2327 1092 2365 istum
1112 2329 1233 2366 tuum
1257 2331 1344 2367 tam
1373 2342 1567 2378 germane
1587 2329 1698 2368 Chri·

101 2391 283 2430 stianum
299 2390 375 2429 tibi
391 2390 544 2440 pariter
559 2404 603 2429 ac
619 2391 738 2429 nobis
756 2391 952 2442 gratulor,
969 2394 1093 2442 atque
1108 2395 1153 2431 vt
1166 2407 1213 2431 eo
1226 2407 1351 2443 quam
1367 2394 1601 2433 diutissime
1614 2394 1696 2432 frui

101 2456 220 2495 liceat
248 2458 354 2506 opto.
414 2456 691 2505 Expectabam
715 2460 835 2496 tuum
860 2457 908 2496 de
935 2458 1158 2496 Rheuclini
1185 2457 1328 2497 libello
1355 2459 1584 2507 iudicium;
1625 2459 1696 2498 sed

145 2543 219 2574 823.
248 2552 273 2574 1.
300 2542 434 2572 isthinc
450 2544 570 2580 scripsi,
590 2544 628 2579 cf.
644 2545 704 2578 Ep.
722 2543 797 2581 817.
825 2552 837 2572 1
855 2553 863 2573 t
887 2543 972 2574 hinc
991 2546 1073 2583 MS„
1092 2547 1134 2574 ml
1151 2547 1279 2575 initium
1298 2555 1412 2576 ret-sus
1564 2556 1594 2576 2.
1621 2548 1695 2576 LB:

102 2586 267 2626 pensioni
282 2589 352 2617 MS.
488 2595 537 2625 15.
561 2588 635 2616 LB:
661 2586 816 2626 repriam
834 2588 901 2618 MS.

143 2692 218 2722 822.
245 2702 274 2730 7.
302 2690 599 2734 dispensationis]
625 2693 687 2724 See
711 2693 773 2734 Ep.
798 2703 860 2733 517
933 2695 998 2734 Ep.
1021 2704 1095 2732 244.
1120 2695 1178 2734 35)
1207 2696 1334 2727 should
1360 2697 1514 2737 perhaps
1541 2697 1582 2727 be
1609 2697 1693 2728 read

100 2735 233 2766 inti-od.
931 2738 1016 2768 here
1041 2740 1079 2768 in
1105 2740 1202 2778 place
1228 2739 1266 2770 of
1293 2740 1356 2771 the
1386 2741 1608 2780 manuscript
1632 2741 1694 2772 ste.

143 2778 218 2809 823.
238 2787 266 2808 1.
284 2777 432 2809 litteris]
448 2778 492 2809 In
505 2788 646 2810 answer
661 2782 697 2811 to
710 2780 772 2820 Ep.
786 2780 860 2820 782.
930 2780 997 2811 For
1013 2791 1031 2811 a
1049 2783 1252 2821 corruption
1271 2783 1308 2813 of
1326 2788 1368 2814 st.
1392 2785 1470 2814 into
1492 2784 1527 2815 fi.
1547 2793 1605 2815 see
1627 2784 1691 2824 Ep.

143 2831 174 2860 5.
196 2821 402 2862 Benedicto]
419 2821 650 2863 Presumably
661 2834 707 2855 an
725 2824 859 2855 Italian
929 2835 1002 2864 474.
1021 2835 1039 2863 5
1052 2835 1085 2855 n.

100 2865 236 2896 banker
251 2864 381 2895 settled
398 2866 436 2895 in
452 2865 514 2896 the
531 2866 782 2898 Netherlands.
973 2878 1000 2907 7.
1014 2868 1208 2910 Raphaele]
1220 2869 1383 2908 Maruff0;
1401 2880 1457 2901 see
1469 2870 1532 2910 Ep.
1541 2872 1616 2911 387.
1627 2882 1646 2902 2
1656 2883 1693 2904 n.

142 2909 172 2940 6.
198 2907 257 2948 st]
281 2908 355 2939 The
371 2907 462 2939 livre
479 2909 601 2941 would
617 2910 800 2950 naturally
816 2912 858 2941 be
970 2921 1003 2950 9.
1028 2912 1186 2952 Sixtino]
1207 2912 1257 2944 Cf.
1277 2913 1364 2953 Epp.
1387 2924 1459 2954 775,
1478 2914 1550 2945 828.

99 2951 312 2982 subdividod
329 2952 406 2982 into
421 2954 521 2993 solidi,
534 2953 597 2984 the
613 2954 856 2985 abbreviation
970 2955 1044 2986 824.
1063 2964 1092 2994 3.
1120 2955 1327 2997 Rheuclini]
1349 2956 1399 2988 Cf.
1415 2957 1501 2998 Epp.
1521 2968 1593 2998 592.
1613 2969 1689 2999 4—5,

101 2995 156 3026 for
180 2995 299 3026 which
334 2995 397 3035 (Νι
420 2995 474 3026 for
506 2996 659 3027 another
689 2998 779 3029 form
810 2998 854 3029 cf.
925 2999 998 3037 653.
1019 3008 1048 3029 2.

857 3065 931 3091 U2
