2034 3433
162 148 260 203 852]
652 149 806 189 FROM
846 148 1072 189 MARTIN
1112 147 1265 188 DORP
1674 147 1754 186 347

158 255 424 295 aduentasse:
453 269 574 307 porro
601 256 648 294 vt
672 254 927 293 iniunxerim
956 253 1208 292 Theodorico
1231 254 1383 300 nostro,
1406 252 1561 291 Bacchi
1580 254 1750 301 mystae,

159 333 213 360 ne
232 335 314 371 quo
332 321 456 360 illum
475 322 594 371 pacto
613 319 768 359 sineret
786 318 899 358 abire
926 318 1027 369 quin
1053 318 1392 369 colloqueremur,
1416 317 1519 367 quin
1538 317 1753 367 prandere-

158 399 254 426 mus
272 400 363 426 vna.
422 387 478 426 Et
496 386 620 425 illum
639 384 809 436 quidem
835 384 936 432 cibo,
958 398 1026 423 me
1044 384 1160 423 volui
1179 383 1331 422 fabulis
1350 383 1554 433 nouisque
1573 385 1614 421 et
1634 382 1753 421 laetis

158 452 324 491 nunciis
356 450 597 491 obsaturari.
656 449 842 488 Proinde
874 449 994 488 anxie
1028 450 1170 500 rogaui
1201 451 1248 488 vt
1280 448 1448 498 valeres,
1469 450 1516 487 vt
1553 447 1756 488 valuisses

158 530 313 568 vsque;
372 530 474 568 opus
518 515 621 554 illud
665 515 828 565 insigne
879 528 1092 565 quousque
1136 514 1384 563 productum
1423 514 1553 562 foret3
1604 513 1751 564 ecquid

159 582 388 622 Frobenius
416 582 646 630 adornaret,
668 594 740 619 seu
768 580 1031 619 Erasmicum
1059 593 1131 619 seu
1160 579 1332 618 alterius
1354 579 1612 629 cuiuspiam;
1642 578 1755 617 deni-

159 661 238 699 que
270 647 381 686 nihil
414 647 546 686 omisi.
589 646 672 686 .Ad
710 658 815 696 quae
855 645 1030 684 Iacobus
1067 645 1283 684 commode
1316 645 1497 694 profecto
1528 643 1750 694 respondit.

161 713 216 752 Et
248 726 338 751 ecce
367 714 467 752 dum
496 725 574 752 nos
600 711 837 751 fabulamur
865 711 1057 759 maxime,
1080 709 1361 748 Theodoricus
1393 709 1543 759 potitat
1575 709 1753 748 maxime

159 780 378 828 partesque
410 778 539 828 agitat
568 790 664 816 suas
696 776 804 815 haud
842 788 1052 826 quaquam
1088 775 1342 822 instrennue,
1376 788 1428 813 ne
1461 774 1549 824 ipse
1587 774 1755 824 quidem

161 843 332 882 interim
358 844 519 883 ociosus
543 856 567 882 a
590 842 754 882 fabulis.
814 841 1021 880 Omnibus
1046 854 1151 891 pene
1176 840 1341 890 linguis,
1363 840 1549 890 loquitur
1575 839 1753 878 dixerim

160 921 215 947 an
263 909 489 948 obturbat?
553 908 810 955 Germanica,
854 907 1022 954 Gallica,
1069 906 1225 953 Italica,
1272 905 1444 944 Latina:
1498 907 1545 944 vt
1588 906 1631 944 in
1676 906 1753 944 hoc

159 974 431 1024 apostolicum
450 974 686 1026 quempiam
700 976 895 1012 renatum
907 973 1046 1012 credas
1063 987 1073 1020 ;
1100 974 1146 1011 vt
1160 971 1227 1011 vel
1242 971 1551 1021 Hieronymum
1564 971 1754 1020 quamuis

161 1039 487 1090 multilinguem,
528 1040 564 1079 si
596 1052 682 1078 non
720 1039 940 1090 elegantia,
973 1050 1148 1076 numero
1188 1039 1329 1075 tamen
1369 1035 1608 1086 linguarum
1646 1036 1753 1075 ausit

160 1116 394 1154 prouocare.

215 1170 433 1209 Praeterea
457 1173 596 1210 autem
615 1171 759 1221 rogaui
780 1173 826 1208 vt
846 1169 979 1208 valeat
1008 1168 1186 1208 eximius
1213 1167 1284 1206 ille
1313 1167 1454 1215 Berus,
1478 1166 1657 1205 eximius
1685 1166 1755 1204 ille

162 1233 370 1274 Fabritius
404 1235 557 1286 Capito,
599 1235 776 1274 eximius
814 1234 885 1273 ille
922 1234 1165 1281 Rhenanus,
1198 1232 1465 1272 beatissimus
1504 1246 1559 1281 re,
1600 1232 1754 1271 Beatus

162 1300 358 1349 nomine;
399 1313 576 1351 quorum
602 1301 784 1351 profecto
810 1299 912 1338 solis
937 1299 1179 1338 nominibus
1205 1299 1340 1346 exilio,
1363 1299 1421 1337 mi
1444 1299 1625 1337 Erasme.
1683 1297 1752 1336 Ab

163 1365 215 1403 iis
239 1366 370 1404 amari
395 1367 473 1405 etsi
499 1379 572 1416 ego
597 1366 796 1416 indignus
824 1365 906 1404 sim
929 1365 1123 1413 maxime,
1151 1367 1292 1403 tamen
1320 1364 1410 1414 ipsi,
1440 1376 1542 1414 quos
1569 1376 1642 1412 ego
1669 1376 1754 1401 non

161 1443 297 1469 amem
330 1431 455 1470 modo
487 1431 759 1470 verumetiam
805 1430 1037 1480 suspiciam,
1072 1429 1188 1479 digni
1225 1432 1325 1468 sunt
1361 1429 1554 1467 maxime.
1615 1430 1755 1477 Atque

161 1495 326 1534 vtinam
349 1496 484 1535 hercle
508 1496 584 1545 illi,
607 1510 688 1547 quo
713 1496 794 1535 sim
820 1508 917 1545 erga
937 1509 1007 1534 eos
1026 1495 1177 1543 animo,
1201 1496 1429 1533 nouissent.
1490 1493 1683 1532 Rhenani
1709 1494 1754 1532 in

160 1560 308 1611 primis
327 1561 470 1600 sedula
491 1561 537 1600 in
559 1561 809 1611 castigandis
835 1560 1006 1611 optimis
1029 1560 1242 1599 autoribus
1260 1559 1478 1610 vigilantia
1501 1572 1646 1597 omnes
1666 1571 1754 1597 sese

162 1625 273 1664 docti
318 1627 483 1666 adiutos
525 1627 785 1677 profitentur.
845 1626 1054 1666 Fabritius
1095 1625 1414 1664 accuratissimis
1455 1624 1755 1664 Hebraicorum

162 1691 496 1731 rudimentorum
539 1692 886 1731 Institutionibus
934 1692 1122 1741 linguam
1167 1704 1293 1741 quam
1336 1691 1483 1729 dicunt
1527 1690 1757 1729 ‘sanctam’

161 1758 415 1807 quantopere
434 1757 662 1797 illustrauit
674 1759 695 1797 ⁶?
741 1757 832 1796 Iam
848 1771 947 1796 vero
966 1757 1098 1795 Berus
1116 1758 1232 1795 extra
1251 1756 1383 1795 aleam
1403 1757 1466 1794 est
1479 1755 1755 1806 ingeniorum,

161 1824 428 1873 posteaquam
456 1823 629 1862 Parisiis
655 1823 851 1861 omnibus
879 1822 1049 1862 calculis
1077 1822 1234 1871 primas
1261 1822 1409 1860 tenuit.
1470 1819 1562 1870 His,
1589 1833 1749 1871 quaeso,

161 1886 398 1937 insignibus
445 1901 518 1927 ceu
559 1888 795 1927 triumuiris
838 1888 958 1927 vnice
1002 1901 1081 1935 me,
1130 1887 1313 1934 Erasme,
1365 1886 1619 1925 commenda.
1679 1885 1755 1924 Dic

165 1951 370 2002 Dorpium
389 1965 477 1992 esse
502 1955 720 2004 quendam,
742 1966 893 2003 magno
918 1966 1014 2003 erga
1039 1965 1109 1992 eos
1135 1952 1272 1991 studio
1297 1952 1554 2000 flagrantem.
1612 1950 1756 1988 Fortu-

164 2018 312 2056 natum
348 2019 400 2066 te,
439 2018 500 2057 mi
533 2018 716 2067 Erasme,
757 2019 830 2069 qui
868 2031 964 2057 cum
1001 2018 1194 2057 heroibus
1231 2017 1325 2056 istis
1361 2019 1448 2055 tam
1487 2014 1627 2062 amice,
1668 2016 1755 2053 tam

166 2081 428 2120 familiariter
446 2083 595 2122 cotidie
614 2085 801 2122 versere!
829 2085 872 2122 at
889 2083 1003 2121 enim
1029 2095 1097 2122 eos
1123 2084 1266 2121 contra
1284 2082 1408 2132 plane
1429 2081 1525 2119 deos
1540 2079 1756 2130 quosdam,

164 2148 237 2185 tua
263 2146 415 2196 quibus
438 2147 583 2186 datum
608 2152 671 2187 est
695 2148 926 2197 praesentia
950 2147 1056 2187 frui!
1097 2161 1177 2198 qua
1202 2147 1311 2185 male
1332 2159 1496 2196 peream
1518 2146 1554 2183 si
1586 2145 1684 2195 quid
1709 2145 1754 2182 in

166 2211 253 2250 vita
273 2211 437 2250 euenire
457 2214 579 2263 queat
596 2212 811 2261 mellitius„
832 2212 1036 2260 festiuius,
1058 2211 1283 2259 candidius,
1306 2210 1546 2260 simplicius.

218 2276 450 2316 Aduersam
469 2277 755 2316 valetudinem
779 2279 907 2325 tuam,
930 2280 978 2315 vt
996 2289 1117 2326 aegre
1135 2275 1216 2314 tuli
1234 2275 1427 2314 afflixisse
1446 2277 1498 2322 te,
1520 2274 1579 2313 ita
1597 2273 1755 2324 gaudeo

166 2342 403 2381 deseruisse.
463 2341 679 2381 Honorem
701 2342 789 2390 tibi,
815 2344 1019 2392 quantum
1043 2340 1175 2386 audio,
1196 2354 1220 2379 a
1244 2339 1397 2378 Puccio
1423 2339 1558 2389 legato
1577 2341 1754 2388 Aposto-

165 2407 247 2446 lico
267 2406 424 2457 optimo
443 2407 532 2446 iure
550 2407 733 2446 delatum
750 2407 963 2458 impendio
978 2405 1173 2457 gratulor.
1232 2405 1344 2453 Quae
1362 2404 1567 2454 scripsisti
1584 2404 1756 2442 fuerunt

167 2472 309 2511 omnia
341 2485 442 2511 sane
474 2485 598 2523 quam
628 2473 879 2523 gratissima.
937 2472 1081 2510 Vnum
1106 2471 1184 2509 hoc
1213 2470 1439 2509 molestum
1469 2471 1543 2517 est,
1568 2468 1755 2508 nondum

210 2615 240 2646 5.
263 2630 272 2639 .
291 2607 338 2637 Et
360 2609 491 2645 scripsi:
518 2631 526 2646 ,
549 2607 578 2639 &
594 2610 632 2639 E.
751 2608 849 2639 volui
872 2610 937 2638 ΕΗ
945 2618 953 2639 :
984 2617 1068 2639 vero
1082 2610 1111 2638 F
1125 2609 1253 2645 corrig„
1270 2609 1362 2644 quasi
1380 2609 1484 2643 postea
1508 2606 1751 2636 obsaturarem

167 2654 241 2681 esset
269 2652 441 2687 legendum.
615 2652 646 2682 8.
682 2650 874 2682 adornaret
897 2654 926 2682 F
948 2653 1083 2690 Corriq.:
1117 2652 1262 2682 ornaret
1285 2652 1324 2680 E.
1498 2658 1546 2679 12.
1577 2648 1751 2679 Omnibus

168 2695 279 2731 scripsi
294 2703 301 2723 :
345 2715 355 2733 ,
374 2694 542 2725 omnibus
552 2696 590 2726 E.
683 2703 735 2733 24.
757 2695 1037 2726 accuratissimis
1052 2695 1083 2724 E
1094 2704 1103 2725 ε
1126 2693 1345 2725 acutissimis
1360 2695 1400 2724 N.

209 2837 243 2867 3.
264 2826 496 2867 Theodorico]
515 2826 674 2858 Martens
689 2837 698 2865 3
713 2826 742 2858 Ε
758 2829 793 2858 in
807 2836 910 2864 mara.
996 2826 1038 2856 26
1050 2835 1086 2857 n.

212 2880 243 2912 7.
267 2880 354 2910 opus
372 2869 482 2911 illud]
497 2870 571 2901 The
588 2869 718 2901 second
734 2870 873 2902 edition
893 2870 932 2900 of
1038 2878 1092 2907 27.
1116 2867 1277 2917 Parisiis]
1296 2868 1348 2900 Cf.
1365 2867 1428 2907 Ep.
1444 2876 1515 2906 413.
1540 2875 1576 2897 11
1591 2876 1626 2897 n.

167 2913 577 2998 ὡῗξῖῗῖηῗΐὲῗξίἓΐέἑ]
602 2955 823 2996 cf.1.E2.34.
842 2965 896 2996 32.
1038 2921 1092 2994 {33
1116 2910 1526 2996 ἕῖὲὲἱῖῗέῗᾞὲἒξξζ
1543 2911 1755 2994 ὃὲξέῗῗέζ,

210 3010 263 3042 25.
286 2999 605 3042 Institutionibus]
648 3000 701 3033 Cf.
740 3000 803 3040 Ep.
851 3001 916 3040 556
995 3000 1071 3030 860.
1088 3009 1119 3037 4.

1774 394 1791 424 5

1776 720 1815 742 10

1776 1048 1814 1080 Ι5

1777 1376 1816 1398 20

1777 2029 1817 2060 30

1777 2354 1816 2387 35
