2034 3433
288 122 376 188 *188
762 124 1012 162 LETTERS
1052 123 1122 162 or
1159 124 1423 164 ERAsMUs
1762 126 1889 181 [1518

295 223 485 269 quaestor
503 222 696 270 aerarius,
719 222 844 259 homo
868 233 961 258 mea
989 221 1196 259 sententia
1220 222 1360 271 grauis
1383 222 1502 262 iuxta
1526 225 1648 273 atque
1667 225 1888 274 humanus,

296 287 414 324 cuius
434 287 792 325 commendatione
811 285 1043 335 praebenda
1062 285 1343 325 Curtracensis
1355 287 1400 325 in
1415 289 1456 325 te
1472 288 1660 327 deriuata
1678 292 1750 328 est.
1791 290 1890 328 Con-

257 369 274 399 5
293 351 434 390 firmat
467 352 574 390 hanc
609 364 744 389 meam
779 351 1017 400 opinionem
1051 350 1166 389 Petri
1199 351 1379 390 Barbirii
1404 352 1618 402 iudicium,
1652 354 1724 404 qui
1754 368 1890 393 rerum

293 429 462 454 suarum
481 417 814 466 procurationem
843 428 927 453 non
956 418 1111 454 temere
1140 415 1217 454 tibi
1245 418 1473 467 mandauit,
1495 418 1621 457 homo
1641 432 1716 457 nec
1737 420 1892 458 stultus

295 495 368 520 nec
392 482 626 531 indiligens.
688 481 781 519 Non
816 493 918 531 opus
949 483 1012 519 est
1041 484 1182 520 autem
1215 482 1360 521 multis
1392 484 1653 524 cautionibus
1686 484 1794 522 inter
1822 498 1892 523 eos

292 547 399 596 apud
422 560 523 596 quos
544 547 654 586 valet
674 549 794 585 vetus
823 547 898 585 illa
925 546 1115 595 formula,
1140 546 1259 586 Inter
1286 548 1416 587 bonos
1445 549 1548 587 bene
1577 550 1688 600 agier
1717 551 1887 600 oportet.

294 611 514 650 Caeterum
534 612 643 662 quod
669 612 822 650 attinet
847 613 899 651 ad
927 612 1201 651 sacerdotium
1221 612 1352 651 situm
1376 614 1420 652 111
1447 615 1601 653 diocesi
1621 615 1887 663 Traiectensi‚

236 694 273 715 10
292 690 358 714 me
378 677 495 715 nulla
514 677 557 714 in
579 690 622 715 re
642 677 851 716 difficilem
871 678 1024 717 senties
1040 693 1050 726 3
1081 679 1152 717 sed
1182 679 1282 729 quid
1302 679 1390 729 ipse
1411 693 1507 718 cum
1527 681 1716 719 Barbirio
1736 681 1891 731 egerim

291 741 389 789 scio,
417 742 516 792 quid
546 745 592 780 tu
622 756 717 780 cum
746 743 820 782 illo
848 744 1095 794 transegeris
1123 745 1272 784 nescio.
1334 745 1424 794 Quo
1452 746 1596 784 minus
1622 746 1753 784 habeo
1781 746 1891 796 quod

291 820 414 857 super
442 808 517 846 hac
546 822 588 847 re
617 812 777 848 certum
806 810 1087 860 respondeam,
1119 810 1202 848 nisi
1232 811 1342 860 quod
1372 824 1467 849 cum
1495 825 1661 850 summa
1679 811 1893 861 pensionis

294 873 349 911 sit
369 873 571 922 estimata,
595 878 636 912 et
665 875 791 913 huius
818 876 951 925 portio
980 877 1181 926 quaedam
1201 876 1404 915 duntaxat
1432 877 1517 915 sint
1545 876 1782 924 sacerdotia,
1806 889 1891 914 non

291 937 457 977 videtur
476 952 666 989 aequum,
689 940 724 978 si
755 941 854 990 quid
883 940 1075 979 alicunde
1102 954 1290 980 arrosum
1320 941 1446 980 fuerit
1465 955 1516 979 ex
1534 941 1628 990 illis,
1652 941 1693 980 id
1718 941 1767 980 de
1796 954 1890 991 pen-

236 1021 271 1053 15
291 1003 422 1042 sionis
441 1005 569 1043 semel
588 1005 827 1044 aestimatae
847 1019 1014 1045 summa
1034 1006 1256 1045 detrahere.

345 1069 740 1109 Reuerendissimus
769 1071 942 1110 Praesul
971 1071 1246 1110 Traiectensis
1266 1071 1431 1111 videtur
1450 1086 1536 1111 non
1554 1071 1784 1122 vulgariter
1802 1085 1889 1121 pro-

292 1147 420 1184 penso
441 1135 487 1173 in
505 1149 583 1174 nos
609 1149 696 1174 esse
716 1137 867 1185 animo,
892 1138 1001 1188 quod
1030 1139 1117 1176 iam
1136 1138 1232 1176 vnis
1254 1139 1378 1187 atque
1401 1138 1545 1177 alteris
1569 1139 1620 1177 ad
1644 1151 1712 1176 me
1741 1137 1890 1176 litteris

290 1201 466 1239 testatus
500 1203 571 1239 est.
643 1201 802 1240 Verum
843 1216 920 1241 1100
961 1203 1030 1240 1511
1078 1203 1257 1242 libenter
1299 1204 1492 1253 aperiunt
1534 1217 1625 1242 eam
1665 1204 1890 1242 fenestram

291 1265 459 1304 caeteris
473 1266 656 1305 similem
668 1268 845 1316 gratiam
860 1268 1120 1318 fiagitaturis‚
1131 1282 1205 1307 nec
1219 1268 1326 1307 mihi
1340 1270 1479 1308 visum
1495 1271 1556 1308 est
1568 1268 1676 1307 tanti
1690 1267 1892 1318 principis

233 1344 272 1365 20
290 1331 475 1368 fauorem
517 1331 561 1370 in
604 1346 646 1370 re
688 1333 867 1372 leuicula
900 1347 1153 1373 consumere.
1216 1335 1278 1373 Tu
1309 1335 1481 1385 proinde
1515 1334 1622 1373 bona
1650 1335 1761 1384 agito
1795 1333 1887 1372 fide.

293 1395 497 1446 Quicquid
527 1398 766 1447 approbarit
794 1399 1022 1448 Barbirius,
1054 1401 1161 1439 mihi
1191 1401 1551 1452 comprobabitur:
1585 1401 1702 1439 cuius
1731 1399 1891 1438 litteras

290 1474 413 1510 super
447 1462 525 1500 hoc
560 1476 721 1513 quoque
759 1465 927 1514 negocio
974 1468 1154 1515 expecto.
1216 1466 1260 1505 Is
1303 1480 1354 1505 ex
1396 1467 1543 1505 itinere
1576 1465 1694 1504 misit
1733 1464 1785 1503 ad
1824 1477 1890 1502 me

290 1526 513 1575 pecuniam
533 1540 581 1565 ex
601 1529 797 1577 pensione
827 1532 1058 1580 receptam:
1089 1545 1169 1581 qua
1198 1531 1243 1569 in
1272 1545 1317 1570 re
1346 1535 1387 1570 et
1416 1531 1529 1570 illius
1557 1529 1820 1580 diligentiam
1850 1531 1889 1566 et

291 1595 407 1629 tuam
427 1591 551 1630 fidem
571 1606 676 1632 amo.
737 1594 782 1633 Si
808 1595 907 1645 quid
934 1597 1013 1634 erit
1037 1596 1082 1634 in
1111 1611 1192 1647 quo
1220 1598 1299 1636 tibi
1329 1610 1476 1648 queam
1500 1609 1588 1635 esse
1607 1597 1713 1645 vsui,
1736 1596 1889 1634 senties
1937 1594 1944 1601 ’

231 1669 269 1700 25
288 1656 396 1695 mihi
416 1670 488 1695 nec
509 1658 767 1698 voluntatem
787 1673 862 1699 nec
882 1661 1070 1700 studium
1090 1662 1282 1701 defuisse.
1342 1663 1457 1701 Bene
1476 1663 1578 1702 vale.

343 1722 523 1761 Louanii
543 1724 676 1774 pridie
696 1726 941 1775 epiphaniae
962 1729 1100 1767 Anno.
1125 1742 1332 1768 M.D.XV111
1353 1742 1376 1767 a
1396 1728 1536 1768 nata-li.

1277 1794 1476 1833 Erasmus
1493 1807 1543 1832 ex
1561 1793 1703 1832 animo
1722 1795 1832 1831 tuus.

741 1924 836 1964 752.
898 1923 963 1965 To
995 1924 1145 1965 PETER
1177 1925 1444 1966 BARBIRIUS.

337 2010 527 2047 Deventer
545 2011 622 2047 Ms.
639 2023 696 2057 91,
716 2014 740 2049 f.
761 2024 804 2057 74
822 2018 871 2049 v0.
1590 2014 1766 2050 Louvain.

338 2069 411 2104 LB.
431 2071 528 2115 App.
548 2080 627 2115 257.
1511 2076 1533 2109 6
1550 2074 1718 2118 January
1740 2074 1837 2118 1518.

350 2151 538 2191 [Between
555 2152 617 2183 the
633 2163 852 2193 appearance
869 2154 908 2185 of
919 2154 981 2185 the
999 2154 1219 2195 Paraphrase
1235 2155 1307 2186 and
1323 2155 1386 2186 the
1402 2155 1512 2186 death
1527 2155 1565 2186 of
1578 2155 1627 2186 Le
1645 2153 1831 2194 Sauvage.]

739 2241 942 2271 ERASMVS
972 2241 1191 2273 BARBIRIO
1222 2243 1303 2273 SVO
1335 2243 1368 2273 S.
1395 2243 1438 2272 D.

342 2320 432 2357 PER
451 2320 601 2370 Musas,
626 2322 670 2360 ni
689 2322 796 2360 mihi
816 2323 1064 2362 Moeoenatis
1085 2337 1194 2362 esses
1208 2323 1306 2372 vice,
1331 2323 1531 2362 conuiciis
1546 2325 1587 2361 te
1603 2323 1883 2373 discerperem.

290 2386 360 2435 qui
379 2387 441 2424 tot
460 2385 613 2425 litteris
632 2388 737 2426 meis
755 2390 1001 2437 prouocatus
1028 2401 1080 2426 ne
1103 2389 1277 2427 verbum
1298 2388 1467 2438 quidem
1496 2389 1754 2438 respondeas,
1776 2400 1885 2437 prae-

288 2450 433 2488 sertim
453 2464 547 2489 cum
568 2453 724 2490 scribas
742 2454 792 2491 ad
812 2453 926 2492 alios.
988 2454 1094 2491 Rem
1113 2454 1324 2503 pensionis
1351 2466 1518 2492 omnem
1538 2455 1634 2492 tuae
1653 2453 1885 2491 concredidi

289 2515 409 2555 fidei:
438 2516 500 2554 fac
520 2517 650 2567 igitur
669 2520 715 2556 vt
744 2531 890 2568 pergas
918 2532 1006 2556 esse
1033 2519 1096 2557 tui
1126 2518 1286 2557 similis.
1344 2518 1549 2556 Fortassis
1577 2531 1601 2556 a
1628 2518 1789 2557 Pascha
1807 2519 1883 2557 erit

250 2595 266 2625 5
290 2580 395 2618 mihi
417 2582 609 2620 adeunda
628 2583 696 2620 vel
716 2583 880 2621 Basilea
902 2584 970 2621 vel
1000 2583 1136 2631 Italia,
1160 2597 1239 2632 quo
1266 2596 1460 2632 peragam
1486 2585 1721 2621 extremum
1746 2585 1883 2621 actum

287 2645 412 2684 huius
430 2646 657 2697 theologice
676 2648 883 2696 comedie3
912 2661 1009 2686 nam
1029 2649 1073 2686 in
1095 2648 1288 2686 nouando
1308 2648 1428 2686 Nouo
1447 2649 1712 2687 Testamento
1730 2648 1815 2686 iam
1836 2660 1883 2685 eo

638 2752 710 2783 752.
736 2763 766 2790 4.
793 2754 869 2781 LB:
892 2760 1018 2791 pargas
1034 2753 1099 2781 MS.
1233 2751 1263 2782 6.
1290 2751 1447 2782 comedie
1463 2754 1533 2782 MS.

334 2850 406 2880 751.
423 2860 452 2888 9.
471 2850 726 2891 sacerdotium]
741 2850 792 2881 Cf.
801 2850 866 2890 Ep.
880 2860 953 2889 714.
967 2860 1001 2879 11
1014 2860 1049 2881 n.
1163 2859 1212 2888 17.
1238 2849 1387 2891 litteris]
1403 2849 1454 2882 Cf.
1472 2860 1504 2889 p.
1526 2860 1575 2888 14.

335 2902 384 2924 12.
408 2894 606 2934 pensionis]
624 2894 691 2925 For
704 2894 844 2924 similar
860 2894 995 2925 trouble
1012 2894 1050 2923 in
1165 2894 1213 2922 18.
1232 2892 1308 2934 isti]
1327 2894 1402 2924 The
1419 2893 1580 2925 diocesan
1598 2893 1753 2925 officials.

288 2938 490 2967 connexion
517 2938 609 2968 with
649 2938 850 2977 Aldington
896 2947 953 2968 see
987 2938 1050 2977 Ep.
1164 2946 1217 2968 22.
1240 2946 1283 2967 ex
1300 2937 1444 2978 itinere]
1461 2938 1525 2968 See
1542 2938 1606 2977 Ep.
1625 2939 1698 2968 621.
1717 2938 1779 2975 5‚6.

288 2980 361 3017 278.
381 2989 393 3008 1
407 2989 442 3010 n.
1166 2980 1237 3011 752.
1263 2990 1291 3011 2.
1319 2980 1468 3021 litteris]
1487 2982 1574 3020 Epp.
1591 2981 1667 3020 652,
1683 2982 1759 3020 695.
