2034 3433
176 150 276 205 678]
725 156 795 194 'ro
834 156 952 196 THE
991 155 1227 195 READER
1689 161 1764 198 101

176 257 281 296 illud
301 257 474 297 infelix!
530 258 638 297 Sunt
656 259 864 310 plaerique
885 260 1038 299 senarii
1056 259 1234 307 iambici,
1257 260 1328 298 sed
1347 260 1516 300 Latinae
1537 262 1766 301 comoediae

174 322 410 362 libertatem
437 336 522 362 non
548 323 766 374 fugientes.
828 324 869 363 Si
891 325 999 376 quod
1027 325 1236 365 diuersum
1263 338 1393 376 genus
1418 325 1620 374 inciderit,
1642 339 1767 366 anno·
1786 345 1802 375 5

173 387 365 427 tabimus.
430 388 647 427 Caeterum
685 389 757 439 qui
795 390 898 428 scire
937 390 1050 429 volet
1088 404 1111 429 a
1149 403 1274 441 quam
1312 390 1564 440 portentosis
1601 392 1767 430 mendis

172 453 247 492 hos
275 453 428 492 Mimos
455 454 815 503 vindicauerimus,
847 456 882 494 is
911 456 1094 495 conferat
1122 469 1216 494 cum
1244 455 1296 494 iis
1325 469 1426 507 quos
1457 457 1553 494 ante
1583 458 1764 496 nostram

171 518 422 558 aeditionem
443 519 650 558 habebant
669 520 831 570 vulgati
851 522 1020 560 codices.
1079 521 1191 570 Vale,
1214 521 1350 569 lector,
1374 523 1414 560 et
1433 521 1578 560 fruere.

681 652 774 691 679.
835 649 898 691 ΤΟ
932 661 1023 691 THE
1055 649 1257 691 READER.

218 738 391 776 Disticha
409 740 562 776 Catonis
578 740 622 776 1'0.
640 741 677 777 1².
1487 739 1716 786 <Louvain.>

1524 796 1674 845 (1517)

217 879 230 920 [
247 880 279 911 A
295 881 433 920 preface
451 880 565 912 added
578 884 614 912 to
626 881 804 912 Erasmus'
817 883 1002 911 Instinctam
1018 881 1189 910 Christiani
1204 880 1352 908 Hominis
1370 879 1427 918 (cf.
1446 879 1512 918 Ep.
1529 879 1593 917 298
1611 880 1760 922 introd.)

172 924 210 954 in
228 924 290 955 the
306 924 452 955 volume
469 925 561 955 from
576 925 697 956 which
716 924 779 965 Ep.
797 925 863 963 676
879 924 909 954 is
925 922 1082 954 derived.
1130 921 1202 952 The
1221 930 1361 951 sources
1377 931 1435 952 are
1453 931 1490 952 as
1506 922 1545 952 in
1562 922 1626 961 Ep.
1643 923 1739 965 678.]

500 1010 707 1041 ERASMVS
738 1010 1073 1042 ROTERODAMVS
1104 1009 1295 1040 LECTORI
1326 1012 1360 1041 S.
1388 1011 1430 1040 D.

223 1092 307 1130 FAC
346 1091 597 1140 memineris,
639 1092 778 1140 lector,
814 1104 917 1141 quae
953 1091 1153 1130 hactenus
1189 1091 1340 1141 legisti,
1377 1092 1640 1132 ethnicorum
1675 1107 1762 1134 esse

166 1157 338 1206 decreta,
361 1159 406 1196 vt
434 1158 537 1196 scias
564 1170 659 1195 cum
684 1156 834 1196 iudicio
859 1169 946 1195 esse
971 1155 1154 1206 legenda.
1216 1156 1326 1204 Quae
1350 1170 1460 1195 nunc
1485 1157 1607 1207 leges,
1630 1157 1761 1208 ipsius

169 1222 323 1261 Christi
353 1224 394 1261 et
423 1224 587 1262 sanctae
617 1222 826 1261 Ecclesiae
864 1224 962 1260 sunt
997 1221 1169 1269 oracula,
1203 1234 1305 1271 quae
1335 1223 1428 1260 tuto
1458 1223 1574 1271 sequi
1603 1224 1759 1272 possis:

164 1288 251 1326 imo
282 1300 386 1338 quae
419 1288 505 1326 sola
537 1288 706 1327 beatum
743 1286 902 1337 possint
937 1286 1105 1325 efficere.
1163 1285 1344 1325 Proinde
1383 1286 1440 1325 sic
1473 1287 1561 1337 lege
1593 1290 1638 1326 vt
1671 1302 1759 1327 rem

162 1353 323 1403 seriam,
354 1365 399 1392 ac
428 1354 529 1393 vale.

582 1469 679 1510 680.
741 1467 873 1509 FROM
905 1467 1030 1508 εΙΟΗΝ
1063 1466 1336 1509 CAESARIUS.

209 1557 398 1594 Deventer
415 1557 493 1593 MS.
513 1568 569 1603 91,
589 1558 614 1594 f.
634 1568 711 1592 222.
1392 1556 1569 1602 Cologne.

209 1616 284 1652 LB.
301 1617 396 1662 App.
420 1619 498 1662 189.
1252 1625 1295 1650 22
1315 1614 1533 1660 September
1555 1614 1706 1662 (1517).

492 1698 608 1739 [1517,
627 1698 776 1728 because
793 1698 830 1729 of
844 1698 906 1729 the
923 1700 1151 1738 controversy
1168 1697 1260 1729 with
1278 1696 1419 1738 Faber.]

534 1785 730 1816 IOANNES
759 1785 978 1817 CESARIVS
1010 1785 1189 1816 ERASMO
1221 1785 1303 1816 SVO
1341 1786 1373 1815 S.

212 1866 317 1905 V11>1
355 1867 545 1906 libellum
578 1867 645 1906 his
679 1867 825 1906 diebus
855 1869 907 1907 ad
940 1867 1121 1906 Fabrum
1153 1868 1442 1918 stapulensem
1475 1868 1754 1919 apologeticon

157 1934 230 1970 tuo
259 1932 428 1971 nomine
456 1933 638 1971 editum:
668 1932 751 1983 legi
780 1933 971 1972 eundem.
1033 1933 1281 1972 Incredibile
1310 1935 1372 1972 est
1392 1946 1517 1984 quam
1545 1934 1753 1973 indoleam

159 1997 371 2048 vti-iusque
391 1998 513 2046 vices,
531 2011 614 2037 non
631 1998 737 2049 quod
757 1998 939 2037 nesciam
958 1998 1201 2037 huiusmodi
1219 1998 1456 2037 conflictum
1476 1999 1588 2037 inter
1607 1999 1752 2038 doctis-

160 2062 288 2101 simos
314 2064 427 2102 viros
454 2063 581 2102 fuisse
611 2076 774 2114 semper
804 2077 879 2102 nec
907 2064 958 2102 ab
986 2077 1034 2103 eo
1063 2064 1345 2103 sanctissimos
1373 2064 1500 2103 etiam
1528 2065 1640 2103 viros
1671 2064 1752 2103 sibi

160 2129 421 2177 temperasse,
463 2128 532 2166 sed
572 2128 679 2178 quod
717 2142 791 2178 pro
830 2128 1065 2167 conditione
1103 2129 1302 2179 temporis
1343 2128 1517 2167 minime
1559 2130 1751 2179 expedire

157 2192 344 2231 videtur:
388 2193 538 2243 quippe
571 2193 645 2232 vbi
676 2193 759 2231 iam
793 2193 955 2232 barbari
988 2193 1179 2232 homines
1213 2194 1284 2243 qui
1317 2207 1391 2232 vos
1428 2194 1654 2244 capitaliter
1691 2195 1750 2233 in·

157 2259 378 2304 sectantur,
401 2258 443 2296 id
463 2258 678 2306 senserint,
702 2258 856 2306 doctos,
878 2258 1006 2297 immo
1026 2261 1175 2306 tantos,
1198 2258 1310 2296 viros
1329 2259 1438 2296 inter
1456 2272 1498 2296 se
1519 2258 1746 2308 digladiari,

158 2323 302 2372 quanti
322 2335 396 2362 vos
424 2322 524 2362 estis
552 2322 663 2361 fama
692 2324 732 2360 et
761 2323 951 2372 opinione
981 2323 1217 2369 certissima,
1248 2336 1332 2361 non
1360 2322 1535 2362 dubium
1564 2326 1627 2362 est
1646 2324 1749 2374 quin

156 2400 351 2438 magnam
372 2387 421 2425 de
442 2401 485 2426 se
509 2400 623 2437 spem
648 2387 880 2437 concipiant
897 2388 1069 2426 victorie
1096 2389 1238 2426 contra
1256 2401 1341 2426 vos.
1402 2387 1481 2426 Sed
1501 2387 1618 2427 fallet
1636 2388 1746 2428 haud

154 2452 278 2491 dubie
302 2452 396 2491 illos
421 2465 493 2491 sua
512 2466 720 2503 quemque
747 2453 898 2503 opinio,
921 2455 967 2491 vt
985 2466 1102 2500 vana,
1132 2453 1190 2491 ita
1217 2452 1378 2491 friuola.
1438 2453 1532 2492 Non
1560 2467 1742 2504 possum,

155 2518 216 2556 mi
248 2518 432 2566 Erasme,
467 2520 588 2557 tuum
627 2518 672 2556 in
706 2518 782 2556 hac
821 2532 864 2556 re
900 2518 1143 2557 institutum
1180 2518 1422 2568 improbare,
1455 2519 1526 2557 sed
1558 2521 1604 2558 vt
1636 2519 1747 2558 inter

154 2583 376 2633 legendum
403 2583 633 2622 admiratus
651 2582 804 2633 vbique
833 2596 927 2621 sum
956 2582 1113 2633 ingenii
1141 2584 1205 2622 tui
1233 2595 1419 2630 acumen,
1446 2583 1503 2622 ita
1530 2596 1615 2621 non
1644 2584 1745 2622 satis

154 2647 348 2686 demirari
374 2648 493 2697 potui
519 2648 616 2698 quid
642 2648 810 2695 bonum,
833 2648 964 2686 immo
984 2648 1201 2697 optimum,
1222 2647 1345 2687 illum
1364 2648 1501 2686 virum
1526 2647 1745 2698 impulerit

152 2714 207 2759 vt,
226 2711 262 2750 si
274 2711 432 2751 bellum
447 2714 535 2751 erat
548 2712 615 2750 ilii
628 2713 946 2763 suscipiendum,
962 2713 1004 2751 id
1018 2713 1236 2752 aduersum
1252 2715 1293 2751 te
1309 2713 1492 2762 primum
1506 2713 1741 2762 tentauerit,

155 2790 278 2826 quem
308 2776 462 2816 sciebat
494 2777 530 2816 si
563 2791 648 2816 non
681 2778 935 2827 superiorem
968 2791 1023 2826 se,
1058 2791 1197 2828 parem
1228 2780 1396 2825 tamen;
1437 2780 1489 2825 et,
1526 2779 1572 2815 vt
1602 2780 1743 2818 contra

197 2875 272 2905 678.
298 2885 328 2913 4.
364 2875 511 2906 iambici
536 2886 600 2914 a-y:
637 2885 694 2906 om.
722 2875 769 2909 3².
951 2876 1010 2906 sed
1041 2900 1048 2906 .
1077 2901 1083 2907 .
1118 2901 1124 2906 .
1153 2886 1182 2916 5.
1219 2876 1397 2916 fugientes
1425 2878 1501 2906 add.
1529 2876 1566 2906 δε
1603 2885 1661 2907 om.
1689 2887 1736 2907 αε.

152 2918 227 2948 679.
261 2927 290 2948 2.
323 2918 416 2957 leges
437 2929 505 2957 αγε
535 2919 631 2958 legas
653 2918 701 2953 B'l.
834 2919 908 2951 680.
940 2930 972 2960 9.
1005 2922 1076 2951 LB:
1110 2920 1318 2959 concipiunt
1341 2931 1370 2949 α.

532 3005 606 3035 679.
636 3015 663 3038 1.
689 3006 879 3047 hactenus]
896 3007 943 3037 In
959 3007 1034 3038 this
1050 3006 1188 3038 edition
1204 3006 1241 3037 of
1254 3006 1349 3038 Cato.

1767 2467 1806 2489 10

1763 2791 1800 2823 ¹5
