2034 3433
271 167 322 206 44
738 169 987 208 LETTERS
1026 167 1096 206 OF
1133 167 1397 207 ERASMUS
1740 166 1862 220 [1517

271 272 426 320 foedus,
448 274 495 311 vt
513 272 700 322 petieras,
725 272 933 311 renouaui.
993 272 1055 310 Hi
1081 271 1202 311 ambo
1228 274 1268 311 te
1297 272 1413 322 quasi
1432 285 1515 311 vno
1542 285 1611 310 ore
1639 271 1794 310 mirum
1820 272 1865 310 in

269 338 441 377 modum
475 338 666 376 laudibus
699 338 887 385 efferunt,
923 339 1074 388 tuaque
1105 337 1245 376 01111113
1275 340 1362 376 tam
1394 338 1571 387 probant
1605 349 1729 387 quam
1763 349 1865 385 quae

270 403 448 442 maxime
477 403 614 442 studio
641 403 881 442 Christiano
911 403 1165 441 conueniunt
1191 415 1237 441 ac
1261 405 1359 441 sunt
1385 403 1627 442 necessaria.
1685 401 1866 440 Proinde

269 469 309 506 te
330 467 449 507 vnice
475 469 519 506 in
540 468 696 507 Christi
714 468 940 507 visceribus
970 481 1040 506 oro
1065 481 1118 506 ne
1144 468 1243 518 quid
1269 468 1454 507 acerbius
1481 469 1525 507 in
1551 468 1676 507 illum
1697 467 1863 514 scribas,

212 539 250 571 25
270 534 379 583 quod
413 535 535 572 erunt
569 533 651 583 qui,
688 533 851 572 etiamsi
883 533 992 571 nihil
1026 533 1112 571 sint
1145 534 1194 572 de
1228 534 1378 573 vestris
1410 536 1497 573 tam
1536 534 1674 585 dignis
1708 532 1867 583 vigiliis

269 598 535 647 intellecturi,
565 597 804 648 intelligent
833 600 975 637 tamen
1005 599 1116 637 inter
1144 599 1225 638 duo
1254 601 1341 637 tam
1371 600 1615 639 excellentia
1643 598 1867 638 luminaria

270 663 489 702 dissidium
504 664 784 702 intercessisse
800 678 810 711 3
841 663 892 702 ob
909 664 1032 714 idque
1048 677 1122 703 vos
1139 677 1243 714 quae
1258 665 1306 702 ad
1321 664 1399 702 Dei
1413 665 1616 704 honorem
1631 665 1865 704 hominum·

270 741 347 778 que
378 728 662 767 studiosorum
693 728 919 767 vtilitatem
950 729 1182 779 scripsistis,
1214 729 1264 767 ad
1294 742 1445 768 vanam
1476 731 1649 781 gloriam
1684 729 1866 769 effecisse

267 793 523 842 iudicabunt,
564 807 702 843 eaque,
744 807 825 843 qua
865 794 1106 833 huiusmodi
1144 794 1335 833 homines
1379 797 1476 832 sunt
1518 795 1764 843 temeritate,
1808 793 1865 832 di⁴

210 866 250 895 30
268 858 509 908 uulgabunt.

322 923 569 972 Magnificus
607 923 805 963 dominus
838 939 954 965 meus
992 926 1114 965 iussit
1151 929 1197 965 vt
1230 928 1272 965 te
1305 941 1379 966 suo
1418 927 1586 966 nomine
1624 926 1861 971 salutarem,

266 988 519 1039 adiecitque:
566 989 816 1040 ‘Postquam
844 1005 913 1030 ero
941 991 985 1030 in
1014 991 1218 1042 Hispania
1251 995 1293 1031 et
1326 1006 1492 1032 sensero
1520 991 1677 1042 aliquid
1705 1002 1860 1037 vacare,

267 1054 440 1093 efficiam
460 1056 506 1093 vt
526 1054 677 1093 melius
696 1055 855 1105 aliquid
876 1059 1152 1107 consequatur
1171 1072 1296 1108 quam
1316 1059 1489 1098 antehac
1509 1057 1754 1096 consecutus
1772 1055 1866 1093 est.’

266 1119 401 1159 Simul
435 1120 562 1159 etiam
596 1120 646 1160 de
676 1122 875 1172 stipendii
907 1123 1186 1173 persolutione
1218 1124 1340 1163 iussit
1372 1127 1418 1163 vt
1455 1125 1493 1162 ei
1531 1122 1583 1162 ad
1621 1121 1864 1161 memoriam

207 1193 246 1224 35
265 1185 502 1224 reducerem
531 1185 576 1224 in
605 1186 821 1237 Hispania.
878 1187 959 1226 Oro
988 1190 1040 1235 te,
1065 1188 1233 1228 domine
1261 1190 1336 1238 mi,
1366 1189 1586 1228 dominum
1614 1186 1864 1237 magistrum

266 1251 457 1288 nostrum
479 1251 528 1289 de
544 1252 658 1290 Aeth
678 1266 770 1291 meo
791 1253 962 1291 nomine
981 1254 1170 1293 salutato.
1214 1255 1317 1293 Vale
1337 1268 1385 1293 ex
1402 1252 1713 1293 Sensebardeau
1728 1251 1863 1290 media

266 1316 375 1353 inter
395 1316 588 1355 Pictauos
607 1319 647 1355 et
667 1317 944 1369 Burdegallos
963 1319 1031 1357 via
1055 1332 1098 1356 12
1123 1320 1305 1370 Augusti
1324 1328 1377 1359 aO.
1406 1330 1516 1368 1517.

930 1385 1044 1423 Tuus
1063 1384 1238 1423 humilis
1257 1386 1432 1424 seruitor
1455 1385 1607 1423 Petrus
1629 1382 1857 1422 Barbirius.

694 1513 846 1556 615622.
908 1515 972 1556 ΤΟ
1002 1515 1128 1556 JOHN
1162 1516 1433 1558 CAESARIUS.

315 1600 623 1637 Lamentationes
641 1602 889 1639 Obscurorum
907 1605 1095 1649 Virorum,
1114 1605 1157 1642 f0.
1177 1606 1223 1641 A4
1241 1611 1280 1641 vo
1301 1607 1362 1652 (a).
1549 1606 1742 1651 Antwerp.

313 1658 384 1693 LB.
404 1658 497 1704 App.
522 1661 598 1696 160.
1487 1666 1528 1700 16
1546 1664 1692 1710 August
1713 1673 1810 1709 1517.

311 1738 360 1778 [A
376 1738 481 1769 letter
497 1740 641 1779 printed
658 1741 704 1780 by
721 1742 859 1773 Ortwin
877 1744 1023 1775 Gratius
1041 1745 1120 1784 (Ep.
1139 1747 1212 1783 526.
1231 1748 1250 1776 8
1264 1745 1315 1786 n.)
1338 1746 1376 1776 in
1399 1746 1462 1777 the
1484 1748 1731 1776 Lamentationes
1752 1746 1861 1775 Obscu-

265 1791 374 1812 rorum
394 1785 546 1823 Virorum,
574 1784 737 1825 Cologne,
764 1786 926 1827 Quentel,
945 1786 996 1830 (c.
1019 1788 1163 1831 March>
1187 1791 1270 1828 1518
1295 1790 1359 1830 (a),
1382 1800 1420 1820 33
1447 1789 1629 1829 ‘Epistola
1652 1789 1695 1820 D.
1720 1787 1860 1819 Erasmi

266 1824 508 1865 Roterodami,
530 1828 619 1866 quid
641 1828 684 1859 de
707 1829 875 1861 Obscuris
899 1830 1077 1871 sentiat’3
1101 1832 1172 1863 and
1196 1834 1300 1872 again
1324 1834 1362 1863 in
1387 1843 1407 1864 a
1434 1833 1564 1863 second
1589 1832 1737 1871 edition,
1761 1831 1862 1870 ibid„

265 1869 355 1918 Aug.
377 1870 472 1909 1518,
489 1871 702 1911 unchanged
719 1875 843 1913 except
860 1874 913 1904 for
929 1884 949 1905 a
964 1875 1132 1916 heading,
1153 1877 1160 1893 ‘
1173 1876 1333 1916 Epistola
1347 1877 1487 1908 Erasmi
1500 1876 1737 1915 Roterodami,
1752 1883 1860 1914 quam

266 1913 325 1942 luc
341 1912 489 1944 honoris
505 1915 619 1954 gratia
634 1916 928 1958 interposuimus,
944 1920 982 1949 vt
995 1928 1035 1950 ea
1052 1929 1120 1958 que
1137 1919 1226 1950 falso
1243 1921 1299 1950 illi
1316 1931 1336 1951 3
1352 1920 1538 1951 11131ου0113
1560 1919 1728 1960 imposita
1748 1918 1856 1957 fuere,

265 1958 477 1995 quantotius
493 1961 733 1992 euanescant.⁷
782 1961 819 1991 It
835 1962 866 1992 is
882 1962 954 1993 also
970 1962 1081 1993 found
1096 1964 1255 2003 prefixed
1268 1965 1304 1994 to
1321 1964 1353 1996 J.
1367 1965 1409 1996 A.
1427 1963 1671 1994 Brassicanus’
1690 1972 1754 1993 ms,
1771 1971 1861 2001 copy

266 1999 305 2048 of
317 2000 379 2030 the
394 2003 501 2031 Iulius
516 2004 667 2032 Exclusus
685 2003 763 2044 (Ep.
781 2014 844 2043 502
861 2005 1022 2047 introd),
1042 2016 1086 2037 011
1104 2007 1138 2038 ff.
1162 2017 1199 2045 14
1215 2010 1265 2046 v0,
1288 2017 1326 2046 15
1339 2009 1456 2048 1·ῡ(β);
1481 2008 1546 2038 but
1563 2016 1599 2038 as
1615 2005 1860 2037 Brassicanus'

266 2044 477 2083 signatures,
496 2045 543 2076 Α1
562 2047 638 2085 etc„
658 2047 763 2086 begin
780 2057 826 2078 on
843 2049 865 2080 f.
886 2051 934 2089 16,
955 2050 985 2080 it
1001 2051 1031 2080 is
1046 2051 1214 2090 probable
1231 2051 1310 2081 that
1326 2052 1400 2082 this
1419 2052 1525 2081 letter
1544 2060 1616 2081 was
1638 2049 1752 2080 added
1769 2048 1861 2080 after

264 2086 326 2116 the
344 2088 559 2128 completion
577 2090 615 2120 of
626 2090 688 2121 the
704 2093 812 2122 Iulius
827 2103 835 2131 ;
852 2093 959 2132 being
975 2094 1048 2124 also
1065 2094 1246 2125 doubtless
1262 2095 1383 2134 copied
1400 2094 1490 2125 from
1504 2104 1525 2125 a
1537 2093 1682 2134 printed
1697 2092 1859 2132 original.

309 2130 477 2163 Erasmus
503 2133 674 2173 probably
699 2135 875 2166 intended
903 2137 967 2166 the
995 2137 1102 2168 letter
1127 2140 1163 2168 to
1191 2138 1232 2168 be
1259 2138 1476 2176 circulated;
1506 2137 1681 2177 although
1707 2137 1747 2167 in
1779 2146 1860 2176 1519

267 2173 345 2213 (Ep.
370 2175 451 2216 967)
477 2177 548 2207 and
579 2177 682 2216 again
710 2179 750 2209 in
785 2188 868 2218 1523
893 2179 1058 2221 (Sponyz'a,
1091 2181 1162 2213 LB.
1192 2191 1223 2213 x.
1265 2182 1379 2222 1540E‚
1416 2184 1544 2220 1641AB
1562 2194 1590 2206 =
1610 2181 1686 2212 HE.
1717 2189 1791 2220 333,
1819 2182 1857 2218 ἐξ

265 2226 319 2256 92,
339 2217 374 2257 4)
400 2218 444 2249 he
469 2220 594 2259 speaks
619 2221 657 2251 of
684 2222 730 2252 its
756 2223 981 2262 publication
1009 2234 1047 2255 as
1073 2225 1346 2257 unauthorized.
1393 2226 1461 2256 For
1484 2226 1542 2256 his
1565 2225 1713 2265 opinion
1738 2224 1776 2255 of
1794 2224 1859 2255 the

264 2263 524 2303 Lamentationes,
541 2264 663 2294 which
686 2275 780 2296 were
804 2267 959 2298 Gratius'
982 2269 1222 2299 counterblast
1243 2270 1279 2299 to
1302 2269 1397 2309 Eov.,
1426 2279 1482 2300 see
1507 2269 1570 2309 Ep.
1604 2269 1692 2308 830;
1717 2268 1759 2299 cf.
1784 2267 1858 2298 also

267 2304 331 2335 SE.
352 2306 446 2346 162‚4
465 2307 536 2337 and
551 2307 615 2347 Ep.
631 2308 706 2348 852.
753 2310 799 2341 In
816 2310 879 2350 Ep.
899 2312 965 2350 636
980 2312 1026 2342 he
1044 2312 1142 2343 deals
1157 2313 1261 2352 again
1278 2313 1369 2344 with
1386 2314 1448 2344 the
1465 2314 1578 2352 topics
1595 2312 1633 2343 of
1645 2312 1721 2343 this
1737 2311 1855 2342 letter.

264 2348 412 2432 infigas}
428 2351 512 2381 visit
529 2351 567 2382 of
580 2352 748 2384 Erasmus
765 2355 801 2384 to
818 2355 993 2395 Antwerp
1009 2355 1117 2387 about
1132 2356 1207 2387 this
1223 2357 1311 2387 time
1328 2367 1384 2388 see
1398 2357 1461 2396 Ep.
1473 2357 1557 2396 6393
1574 2355 1618 2387 cf.
1631 2355 1705 2386 also
1719 2354 1779 2394 Ep.
1792 2355 1857 2393 653

724 2462 930 2493 ERASMVS
961 2464 1152 2495 CESARIO
1184 2466 1264 2495 SVO
1297 2466 1330 2495 S.
1354 2466 1396 2496 D.

320 2540 579 2580 MAGNOPERE
600 2543 705 2582 mihi
731 2545 1003 2595 displicebant
1029 2546 1216 2596 Epistole
1242 2547 1521 2586 Obscurorum
1540 2546 1750 2593 Virorum,
1772 2545 1856 2584 iam

265 2606 355 2643 tum
383 2606 436 2644 ab
462 2607 596 2646 initio.
654 2610 867 2650 Delectare
892 2612 1096 2662 potuisset
1120 2612 1280 2660 facecia,
1304 2612 1386 2650 nisi
1411 2611 1591 2650 nimium
1617 2611 1856 2650 offendisset

265 2671 514 2720 exemplum.
572 2674 676 2712 Mihi
705 2676 870 2726 placent
899 2676 1027 2724 lusus,
1057 2676 1127 2714 sed
1152 2676 1254 2714 citra
1280 2676 1517 2726 cuiusquam
1547 2675 1853 2715 contumeliam.

266 2735 343 2773 Sed
374 2737 590 2776 molestius
613 2738 693 2777 fuit
723 2742 831 2790 quod
855 2741 897 2779 in
925 2741 1148 2791 posteriore
1175 2741 1357 2779 editione
1382 2741 1465 2779 mei
1492 2754 1654 2791 quoque
1672 2741 1855 2780 nominis

307 2837 381 2868 621.
404 2849 455 2877 27.
474 2840 715 2872 intercessisse
732 2845 804 2874 LB:
822 2844 1067 2874 interoessisse
1077 2847 1144 2875 MS.
1303 2845 1379 2875 622.
1403 2854 1428 2875 1.
1449 2846 1521 2875 13111
1539 2868 1547 2876 .
1565 2869 1573 2876 .
1591 2868 1598 2876 .
1620 2856 1650 2877 2.
1670 2845 1855 2876 Delectare

262 2882 400 2918 Bockims
415 2893 421 2911 ε
447 2883 519 2914 13111
537 2908 543 2914 .
561 2908 567 2915 .
586 2907 594 2915 .
612 2885 719 2916 initio
734 2886 910 2918 delectare
926 2888 981 2920 αΒ.

284 2969 359 3000 621.
378 2971 431 3007 36.
458 2971 500 3001 de
517 2971 630 3012 Aeth]
647 2971 776 3003 Briard
791 2984 799 3012 ς
823 2983 879 3004 300
894 2984 928 3014 p.
946 2984 999 3014 93.
1090 2975 1121 3005 is
1136 2975 1347 3007 introduced
1365 2978 1403 3007 111
1421 2978 1506 3009 Eov.
1523 2978 1545 3008 i.
1563 2988 1614 3017 42,
1636 2979 1688 3017 46,
1703 2979 1754 3018 48,
1772 2981 1853 3017 part

285 3013 361 3043 622.
373 3024 401 3051 4.
418 3015 455 3043 in
464 3015 656 3053 posteriore
666 3015 842 3057 editione]
851 3017 1021 3048 Erasmus
1091 3018 1130 3048 of
1141 3019 1204 3049 the
1219 3020 1447 3060 supplement
1471 3021 1584 3052 added
1607 3023 1643 3052 to
1666 3022 1728 3052 the
1751 3021 1850 3052 third
