2034 3433
207 310 267 345 275

207 957 266 997 285

205 1287 219 1307 2
226 1287 266 1318 90

206 1607 264 1638 295

205 1935 267 1965 300

206 2262 265 2293 305

288 129 368 166 276
753 127 1004 166 LETTERS
1042 127 1111 165 OF
1148 126 1413 165 ERASMUS
1757 124 1882 178 [1518

289 232 386 272 salis
405 233 569 271 habent.
629 233 756 278 Tune,
779 243 918 280 egone,
943 242 1181 279 quanquam
1202 229 1324 279 longe
1349 231 1390 267 te
1412 228 1596 276 inferior,
1620 228 1690 278 qui
1714 228 1886 266 seruitu-

288 299 374 336 tem
390 298 608 336 molestam
628 308 876 346 grauemque
897 293 1117 332 ambitioni
1136 293 1390 332 seruiuimus
1409 296 1449 331 et
1469 293 1637 331 tandem
1658 292 1886 330 vindictam

287 363 529 410 meruimus,
555 375 603 399 ex
624 361 816 398 libertate
844 371 988 397 rursus
1011 357 1057 396 111
1077 358 1301 407 pistrinum
1322 371 1398 397 nos
1425 358 1582 406 demus,
1601 360 1725 406 atque
1743 357 1885 395 acerba

288 427 516 465 identidem
536 424 835 464 concertatione
855 423 1150 470 conffletemnr,
1172 425 1219 461 vt
1246 423 1533 472 scripturienti
1553 422 1700 472 cuique
1716 422 1886 460 libuerit

287 491 432 529 stilum
479 491 523 528 in
574 503 650 528 nos
698 490 926 527 exacuere?
995 488 1201 538 Equidem
1243 489 1279 526 si
1316 489 1516 527 alterutra
1553 487 1661 526 mihi
1703 487 1887 526 conditio

287 555 473 605 eligenda
495 555 561 603 sit,
586 554 732 593 malim
761 553 978 592 literarum
1006 553 1258 603 elegantium
1285 553 1471 592 studium
1497 553 1655 592 eiurare
1682 565 1808 602 quam
1836 553 1886 590 ad

286 633 375 658 eam
395 620 550 657 mentis
570 618 851 657 carnificinam
871 618 992 668 adigi.
1045 619 1107 656 Tu
1126 618 1209 656 iam
1230 618 1386 668 gloriae
1406 618 1573 657 culmen
1592 621 1719 667 tenes,
1739 631 1789 656 ex
1807 631 1887 668 quo

285 687 331 723 vt
365 697 388 722 a
428 684 544 722 nullo
587 683 798 722 deturbari
842 685 927 721 iam
971 685 1097 733 potes,
1135 684 1193 722 sic
1233 683 1269 722 si
1306 684 1485 733 gradum
1518 683 1607 734 ipse
1644 683 1883 732 dimoueris,

286 762 503 788 conuersos
523 749 568 787 in
588 751 629 787 te
650 749 789 787 oculos
808 747 950 787 fallere
971 762 1056 787 non
1077 749 1243 798 poteris.
1286 749 1373 799 Ego
1394 750 1437 787 in
1457 762 1549 787 eam
1569 748 1635 787 vel
1655 748 1887 787 securitatis

286 814 353 852 vel
373 814 556 854 incuriae
576 827 710 853 arcem
731 813 980 852 conclusisse
1002 827 1068 851 me
1085 814 1259 862 confido,
1274 815 1383 853 vnde
1403 827 1470 852 me
1490 814 1535 852 in
1556 827 1748 863 campum
1768 813 1886 863 perli-

287 892 376 917 cere
415 880 466 918 ad
501 882 710 918 certamen
744 879 854 918 haud
889 878 1008 917 facile
1044 880 1264 929 quisquam
1298 879 1437 928 possit.
1498 878 1645 918 Malim
1677 881 1723 918 vt
1757 878 1886 917 animi

286 945 490 994 aequitate
511 945 698 995 superior
716 957 803 983 esse
822 943 965 982 videar
988 957 1114 994 quam
1142 957 1286 983 causae
1306 946 1477 983 actione.
1535 944 1679 994 Neque
1700 946 1745 982 tu
1766 944 1887 982 aliter

285 1010 329 1047 111
358 1010 547 1048 311111111111
577 1012 699 1048 tuum
729 1009 964 1055 induxeras,
988 1011 1034 1048 vt
1063 1022 1112 1047 ex
1142 1010 1274 1048 literis
1303 1010 1388 1048 tuis
1417 1010 1538 1048 video
1567 1012 1692 1060 atque
1721 1022 1771 1048 ex
1799 1009 1888 1060 ipsa

285 1075 501 1125 Apologia,
524 1077 665 1125 vtpote
686 1075 758 1124 qui
785 1088 977 1114 moerens
1003 1076 1303 1126 propemodum
1324 1076 1402 1114 hoc.
1423 1078 1632 1114 certamen
1650 1074 1887 1125 capessieris

285 1153 538 1190 gemensque
558 1141 773 1190 peregeris.

338 1205 497 1243 Verum
516 1207 562 1243 vt
590 1205 665 1244 tibi
691 1205 775 1244 iam
802 1205 1052 1244 sententiam
1080 1219 1215 1244 meam
1243 1205 1460 1256 proferam,
1482 1205 1750 1255 placidiorem
1779 1205 1885 1243 mihi

285 1269 451 1308 vultum
499 1270 659 1309 exhibe.
719 1270 894 1309 Summa
940 1271 1000 1309 rei
1048 1271 1147 1309 haec
1195 1273 1267 1318 est,
1298 1271 1502 1310 hactenus
1547 1270 1716 1309 veritati
1762 1272 1884 1320 atque

285 1334 586 1373 existimationi
608 1338 704 1374 tuae
730 1335 1009 1385 patrocinium
1034 1336 1180 1375 tulisse
1206 1350 1279 1386 per
1300 1349 1368 1374 me
1388 1336 1554 1385 quidem
1574 1337 1616 1374 et
1643 1348 1886 1374 communes

285 1399 439 1438 amicos
472 1400 592 1438 licere
619 1402 665 1439 vt
699 1413 911 1449 censeare3
954 1401 1289 1451 quandoquidem
1319 1402 1379 1439 est
1408 1401 1699 1440 huiuscemodi
1727 1403 1885 1440 contro-

286 1464 432 1513 uersia,
464 1478 566 1514 quae
592 1464 786 1515 ampliari
806 1465 945 1515 potius
971 1467 1011 1503 et
1035 1465 1388 1515 comperendinari
1416 1466 1577 1516 saepius
1603 1479 1729 1516 quam
1756 1466 1885 1504 semel

287 1529 504 1567 diiudicari
525 1529 692 1568 debeat:
722 1530 895 1569 vlterius
925 1532 1064 1569 autem
1095 1531 1130 1569 si
1157 1531 1332 1570 verbum
1361 1531 1577 1579 addideris.
1598 1536 1683 1569 non
1712 1531 1885 1581 impune

286 1593 364 1631 tibi
393 1593 443 1632 ab
472 1594 617 1632 amicis
645 1594 848 1633 futurum.
910 1596 1053 1646 Neque
1072 1609 1170 1635 vero
1199 1609 1266 1634 me
1286 1609 1396 1634 nunc
1416 1596 1554 1635 credas
1575 1596 1699 1634 Fabri
1719 1609 1883 1634 causam

286 1672 414 1708 agere,
439 1659 510 1697 sed
543 1661 662 1698 tuam
690 1659 829 1709 potius
853 1660 987 1699 vicem
1021 1661 1173 1709 dolere,
1197 1661 1269 1710 qui
1302 1661 1377 1699 hoc
1415 1660 1492 1699 tibi
1526 1661 1732 1709 suadeam,
1761 1663 1807 1699 vt
1839 1661 1883 1699 in

286 1724 462 1773 gratiam
493 1737 588 1762 cum
617 1724 837 1763 honestate
861 1728 902 1764 et
929 1726 1213 1765 moderatione
1240 1726 1392 1764 redeas
1415 1726 1500 1764 imo
1520 1728 1566 1765 vt
1589 1726 1639 1764 ad
1668 1726 1883 1776 ingenium

286 1791 406 1826 tuum
445 1789 656 1838 remigi-es,
694 1803 739 1828 ac
777 1792 818 1828 te
853 1790 929 1829 tibi
972 1791 1172 1841 nobisque
1219 1791 1412 1830 restituas
1453 1793 1494 1829 et
1541 1804 1678 1829 sacrae
1716 1791 1883 1829 lectioni

287 1853 630 1904 meditationique
650 1855 811 1894 referas.
872 1856 1004 1895 Multa
1026 1857 1105 1895 fert
1125 1856 1319 1904 amicitia,
1345 1869 1468 1906 quam
1488 1858 1535 1894 tu
1563 1856 1696 1894 Fabro
1723 1856 1884 1894 inuitus

288 1920 517 1967 renuncias,
550 1921 598 1958 vt
635 1920 774 1970 potius
812 1934 907 1959 cum
943 1935 988 1960 eo
1027 1921 1287 1972 expostulare
1317 1921 1368 1959 ob
1405 1921 1608 1959 violatam
1647 1921 1883 1960 inconsulto

286 1984 512 2023 amicitiam
530 1998 655 2034 quam
676 1999 771 2023 eum
801 1986 1008 2035 postulare
1029 1986 1251 2025 criminose
1269 1986 1448 2025 videaris
1468 2001 1477 2024 z
1507 1986 1642 2024 multa
1672 1985 1885 2036 opiniosis-

287 2049 440 2088 simum
480 2062 632 2088 nomen
685 2050 861 2099 Ε1351111,
903 2064 982 2101 quo
1030 2064 1140 2089 nunc
1188 2064 1332 2089 omnes
1377 2050 1609 2089 Occidentis
1648 2050 1884 2100 prouinciae

286 2117 522 2164 personant,
569 2114 702 2153 multa
745 2116 963 2154 sacerdotii
1008 2117 1192 2166 dignitas
1233 2118 1273 2154 et
1318 2115 1586 2166 professionis
1630 2116 1885 2166 theologicae

287 2179 400 2217 ratio.
447 2180 502 2218 Et
531 2179 597 2218 vis
624 2179 703 2218 ista
738 2181 1016 2220 contentionis
1045 2194 1139 2219 cum
1175 2183 1307 2220 aetate
1327 2183 1373 2219 vt
1403 2183 1666 2219 consenescat
1695 2182 1882 2231 oportet:

287 2246 327 2282 et
356 2246 417 2282 est
439 2245 645 2283 eiusmodi
675 2247 891 2293 certamen,
916 2246 1032 2285 cuius
1051 2246 1223 2285 victoria
1249 2246 1422 2295 flagrare
1441 2246 1563 2284 citius
1578 2246 1737 2285 inuidia
1757 2260 1881 2296 quam

286 2309 479 2358 plausum
501 2309 678 2348 excitare
698 2310 773 2348 tibi
793 2311 934 2360 possit.

341 2374 486 2424 Neque
506 2376 547 2412 te
568 2374 635 2412 hic
655 2375 834 2423 audiam,
849 2376 886 2413 si
905 2388 1050 2425 pergas
1066 2376 1110 2413 in
1130 2388 1227 2414 eum
1247 2375 1405 2414 crimen
1424 2378 1660 2425 retorquere
1680 2376 1751 2426 qui
1770 2376 1884 2425 prior

287 2441 494 2477 certamen
534 2439 612 2477 hoc
647 2440 866 2478 commisit.
926 2441 1047 2479 Nunc
1082 2453 1224 2479 causae
1265 2441 1477 2479 cardinem
1515 2453 1601 2479 non
1633 2441 1803 2491 attingo,
1842 2444 1882 2480 et

287 2516 451 2541 causam
471 2505 598 2552 tuam,
617 2517 703 2542 non
723 2504 849 2550 illius,
864 2505 1009 2543 iudico.
1060 2505 1165 2543 Volo
1180 2507 1296 2543 tuam
1311 2507 1358 2543 vt
1378 2518 1543 2544 causam
1558 2505 1663 2543 mihi
1682 2505 1884 2556 approbes

288 2582 337 2607 ex
370 2571 444 2607 tuo
477 2570 780 2617 tantummodo,
805 2583 892 2609 non
927 2570 1053 2608 etiam
1088 2583 1137 2608 ex
1171 2569 1296 2618 1111115,
1321 2569 1628 2618 instrument03
1662 2571 1704 2609 id
1738 2573 1800 2609 est
1834 2584 1882 2609 ex

287 2634 451 2684 propria
496 2634 780 2673 moderatione
832 2634 1043 2673 insontem
1099 2637 1150 2682 te,
1204 2648 1289 2673 non
1336 2634 1681 2684 recriminatione,
1714 2636 1882 2675 doceas:

289 2699 494 2748 siquidem
516 2698 633 2737 decet
660 2699 758 2738 boni
779 2700 860 2738 viri
886 2700 1167 2738 innocentiam
1197 2701 1341 2748 suapte
1360 2700 1401 2738 vi
1420 2713 1574 2751 suoque
1594 2701 1684 2739 iure
1703 2700 1774 2748 vti,
1798 2714 1883 2739 non

289 2764 447 2802 alienae
489 2763 665 2802 iniuriae
706 2765 1018 2814 propulsatione
1058 2763 1431 2803 commendabilem
1468 2765 1612 2804 videri.
1672 2765 1810 2804 Audio
1842 2767 1884 2803 te

291 2842 398 2865 nunc
422 2828 568 2866 diuum
593 2828 894 2879 hominumque
917 2829 1043 2867 fidem
1070 2828 1301 2878 implorare,
1326 2830 1435 2879 quod
1462 2829 1541 2867 tibi
1564 2829 1794 2879 impietatis
1815 2842 1883 2868 reo

679 2909 752 2948 285.
776 2909 919 2939 videare
936 2911 974 2940 F.
1115 2918 1191 2947 312.
1216 2910 1269 2939 vti
1286 2911 1334 2940 E:
1358 2910 1428 2940 niti
1444 2912 1485 2940 N.

693 2982 767 3020 308.
797 2980 999 3021 cardinem]
1016 2981 1068 3013 Cf.
1087 2980 1209 3021 Quint.
1225 2984 1305 3013 Inst.
1324 2992 1353 3022 5.
1377 2992 1425 3014 12.
1443 2992 1474 3021 3.
