2034 3433
209 433 250 464 50

218 1735 255 1756 10

218 2063 254 2094 15

218 2391 256 2411 20

270 122 350 159 240
733 121 982 160 LETTERS
1023 121 1092 160 OF
1129 121 1397 160 ERASMUS
1735 118 1862 173 [1518

255 225 462 279 (dormire,
487 239 539 264 ne
567 225 612 263 in
640 225 839 263 infectam
868 224 1040 262 domum
1068 223 1249 271 incidat;
1277 226 1318 262 et
1346 223 1381 262 si
1407 223 1504 274 quid
1530 224 1636 261 forte
1665 236 1766 273 opus
1795 224 1858 271 sit,

269 292 515 340 commodes,
548 289 711 328 etiamsi
743 289 832 338 ipse
862 288 1060 326 viaticum
1089 288 1359 338 suppeditaui.
1430 289 1537 327 Cura
1564 288 1610 326 in
1642 288 1786 337 primis
1817 292 1863 328 vt

270 356 390 394 venia
409 356 463 394 sit
483 354 682 394 educendi
702 357 785 392 tres
805 366 939 403 equos,
962 365 1200 403 quanquam
1224 353 1397 391 fortasse
1417 366 1492 391 nec
1511 366 1620 391 vnus
1640 353 1859 404 continget.

269 422 376 471 Lege
396 420 623 458 Budaicam
643 421 683 456 et
704 419 751 457 ad
772 418 894 456 illum
921 431 1058 456 meam
1078 418 1309 467 epistolam.
1366 417 1464 456 Vidi
1482 418 1652 456 tandem
1670 418 1864 468 Vtopiam

269 485 438 524 Parisiis
459 497 665 531 excusam,
682 484 751 522 sed
772 484 980 521 mendose.
1041 483 1101 521 Ea
1121 483 1205 521 iam
1218 482 1405 521 Basileae
1425 482 1503 521 sub
1523 483 1633 532 prelo
1653 484 1736 530 est3
1765 496 1864 522 nam

269 549 563 589 denunciaram
590 548 841 594 inimicicias,
863 547 907 586 ni
933 547 1215 597 diligentiores
1239 549 1377 586 essent
1400 547 1444 586 in
1471 560 1518 586 eo
1547 547 1716 597 negocio
1740 561 1868 597 quam

269 616 314 653 in
334 614 449 653 meis.
508 614 622 652 Bene
642 614 745 663 vale,
768 613 995 652 amicorum
1020 612 1319 663 syncerissime.

322 678 506 718 Louanii.
535 692 568 727 3.
594 692 724 718 nonas
744 679 863 717 Mart.
888 680 970 719 An.
995 691 1212 716 M.D.XV111.

785 812 882 853 786.
943 810 1007 851 To
1038 810 1166 851 JOHN
1197 809 1360 852 COLET.

316 914 503 949 Deventer
520 913 597 949 MS.
616 924 672 959 91,
693 914 718 950 f.
738 923 793 959 35.
1512 912 1736 959 <Louvain.)

319 972 389 1007 LB.
406 972 503 1017 App.
525 981 604 1018 305.
1430 970 1482 1017 (c.
1503 981 1520 1016 3
1541 971 1671 1006 Marc-h
1694 973 1816 1018 1518.)

909 1047 972 1077 AD
1003 1046 1224 1077 COLETVM.

324 1133 363 1171 S.
382 1132 443 1180 P„
472 1133 710 1181 praeceptor
740 1130 906 1179 optime.
966 1129 1021 1167 Et
1050 1128 1181 1167 miror
1204 1131 1244 1167 et
1272 1128 1388 1167 doleo
1427 1127 1624 1167 Coclitem
1664 1129 1746 1168 huc
1779 1129 1872 1168 sine*

269 1198 353 1238 tuis
381 1197 543 1237 venisse
571 1196 731 1235 litteris.
791 1195 835 1233 Is
862 1197 935 1233 tuo
966 1193 1134 1233 nomine
1163 1207 1328 1233 mecum
1357 1194 1592 1244 expostulat
1621 1195 1731 1245 quod
1760 1195 1868 1233 nihil

270 1264 457 1303 scribam.
529 1263 621 1302 Imo
659 1262 752 1309 iam,
791 1260 945 1311 opinor,
987 1259 1180 1299 excusaui
1217 1274 1284 1299 me
1321 1260 1399 1298 tibi
1432 1260 1540 1310 quod
1578 1262 1619 1298 et
1655 1260 1789 1299 rarius
1827 1262 1867 1299 et

270 1329 438 1369 breuius
463 1328 652 1376 scribam,
681 1330 720 1365 et
750 1328 822 1365 tuo
851 1326 938 1365 ocio
967 1326 1198 1376 gratulatus
1226 1339 1330 1375 sum,
1354 1326 1425 1376 qui
1454 1326 1616 1365 crebras
1648 1339 1694 1365 ac
1723 1326 1869 1376 longas

270 1396 410 1434 literas
438 1396 601 1432 nostras
628 1392 798 1443 flagites.
861 1391 990 1430 Crede
1019 1391 1134 1439 mihi,
1167 1391 1318 1440 Colete,
1350 1393 1412 1431 tot
1436 1391 1621 1442 epistolis
1649 1391 1715 1430 hic
1744 1391 1871 1430 inter-

270 1460 399 1510 pellor
436 1459 730 1509 episcoporum,
772 1459 1028 1506 magnatum,
1064 1456 1333 1503 eruditorum,
1370 1457 1609 1504 amicorum,
1645 1470 1694 1495 ex
1731 1457 1865 1498 Italia.

272 1526 487 1575 Hispania,
512 1523 744 1571 Germania,
768 1522 911 1570 Gallia,
936 1524 990 1569 vt,
1014 1522 1049 1560 si
1072 1521 1178 1560 nihil
1201 1522 1355 1572 alioqui
1383 1522 1488 1560 mihi
1512 1522 1566 1561 sit
1590 1522 1760 1572 negocii,
1783 1535 1868 1561 non

273 1592 351 1630 sim
371 1594 512 1629 tamen
531 1589 627 1628 huic
647 1588 720 1627 vni
739 1587 908 1638 negocio
928 1588 1185 1626 suffecturus.
1246 1587 1471 1627 Redamare
1497 1601 1667 1637 possum
1696 1587 1865 1627 omneis.
1901 1623 1903 1625 .

273 1656 520 1706 respondere
540 1654 714 1704 singulis
733 1667 819 1691 non
839 1665 1018 1701 possum.

328 1721 389 1759 De
406 1719 575 1760 Grocini
596 1719 739 1756 morbo
760 1731 810 1756 ex
829 1717 968 1755 animo
990 1716 1117 1761 doleo.
1136 1717 1270 1766 qualis
1286 1717 1418 1767 qualis
1437 1717 1481 1755 in
1501 1731 1567 1755 me
1586 1716 1676 1755 fuit.
1730 1716 1764 1754 O
1780 1730 1867 1755 rem

272 1786 486 1836 indignam
505 1787 512 1823 !
556 1782 777 1836 <Optarim>
796 1782 998 1821 eiusmodi
1016 1782 1182 1832 ingenia
1202 1796 1333 1832 neque
1354 1782 1516 1820 senium
1537 1796 1670 1832 neque
1690 1784 1868 1821 mortem

273 1851 450 1899 sentire3
489 1850 561 1889 sed
589 1850 689 1888 haec
717 1848 979 1886 incommoda
1006 1847 1140 1897 magis
1175 1847 1361 1886 sentiunt
1391 1847 1704 1886 immortalitate
1739 1847 1863 1897 digni.

274 1918 406 1967 Cogor
439 1916 490 1954 ob
522 1916 689 1953 Nouum
716 1915 1029 1952 Testamentum
1057 1913 1347 1951 excudendum
1377 1913 1538 1963 aliaque
1566 1912 1772 1951 nonnulla
1797 1915 1869 1951 aut

275 1982 481 2022 Basileam
505 1981 615 2020 adire
643 1982 729 2027 aut,
751 1980 860 2030 quod
888 1978 1021 2028 magis
1046 1979 1195 2028 opinor
1224 1979 1426 2026 futurum,
1447 1978 1652 2017 Venetias.
1712 1978 1821 2016 Nam
1847 1991 1872 2016 a

274 2048 437 2087 Basilea
450 2046 603 2098 partim
620 2046 797 2084 deterret
811 2044 949 2095 pestis,
967 2044 1122 2094 partim
1141 2044 1360 2083 Lachnerii
1379 2057 1502 2084 mors.
1518 2044 1636 2083 cuius
1648 2043 1873 2094 impendiis

275 2128 340 2152 res
377 2112 641 2163 potissimum
679 2111 884 2161 agebatur.
954 2110 1136 2148 Tantum
1172 2110 1267 2157 iter,
1305 2110 1478 2159 inquies,
1521 2109 1705 2159 suscipis,
1747 2122 1870 2148 senex

274 2178 630 2218 valetudinarius?
658 2178 750 2214 tum
769 2177 846 2215 hoc
866 2175 1027 2214 saeculo
1055 2189 1135 2226 quo
1161 2188 1246 2214 non
1269 2175 1381 2215 aliud
1406 2176 1486 2214 fuit
1505 2174 1742 2214 sceleratius
1761 2175 1869 2213 intra

276 2245 489 2284 sexcentos
507 2256 648 2290 annos,
665 2244 780 2280 tanta
799 2241 1052 2292 praedonum
1068 2241 1218 2291 vbique
1238 2241 1404 2280 licentia
1418 2243 1438 2280 Ῥ
1495 2241 1575 2279 Sed
1596 2240 1694 2290 quid
1713 2240 1838 2279 facias
1850 2241 1872 2278 ‘?

275 2310 356 2350 His
375 2308 471 2348 fatis
491 2322 585 2346 sum
601 2310 735 2346 natus.
788 2307 831 2346 Si
848 2306 1074 2355 immoriar,
1090 2307 1305 2346 immoriar
1324 2306 1437 2357 operi
1452 2320 1536 2345 non
1556 2306 1725 2344 omnino
1744 2305 1867 2352 malo,

276 2375 321 2414 ni
339 2375 472 2413 fallor.
534 2373 608 2411 Sin
627 2373 704 2411 hoc
724 2374 907 2412 extremo
933 2372 1097 2411 fabulae
1116 2374 1209 2411 actu
1229 2386 1278 2411 ex
1297 2372 1501 2411 sententia
1525 2372 1710 2410 confecto
1738 2370 1870 2409 redire

278 2440 504 2490 contigerit,
530 2438 636 2488 quod
667 2438 871 2488 reliquum
899 2438 977 2476 erit
1007 2438 1113 2476 vitae
1141 2438 1249 2487 apud
1278 2451 1352 2476 vos
1381 2450 1498 2487 agere
1527 2436 1663 2475 statui.
1722 2436 1768 2475 Is
1792 2436 1868 2474 erit

276 2519 396 2545 meus
429 2505 479 2543 ab
508 2504 605 2542 orbe
634 2504 816 2554 vndique
849 2503 1065 2553 inquinato
1096 2516 1290 2541 secessus.
1366 2502 1559 2552 Regnant
1594 2501 1638 2539 in
1675 2501 1872 2540 omnibus

276 2571 511 2622 principum
533 2569 639 2608 aulis
664 2568 871 2619 personati
899 2568 1090 2618 theologi.
1152 2567 1274 2606 Curia
1302 2568 1487 2606 Romana
1512 2567 1634 2617 plane
1657 2566 1870 2616 perfricuit

324 2698 398 2728 786.
425 2706 475 2727 11.
501 2697 662 2736 Optarim
680 2699 753 2726 add.
772 2698 836 2734 LB,
857 2705 891 2726 erc
907 2698 988 2732 Epp.
1007 2695 1080 2734 781.
1098 2703 1146 2733 19,
1168 2694 1241 2732 784.
1259 2705 1309 2731 44.
1445 2702 1494 2731 14.
1519 2695 1594 2723 LB:
1618 2692 1783 2724 Venetiis
1798 2695 1867 2723 MS.

277 2751 330 2779 23.
354 2744 409 2771 ΖΒ
426 2752 432 2770 :
456 2740 576 2771 Roma..
594 2743 663 2770 MS.

324 2850 396 2880 785.
414 2861 466 2889 49.
492 2849 618 2889 equos]
645 2850 700 2888 By
723 2859 770 2880 an
793 2848 861 2879 Act
885 2848 923 2878 of
946 2857 1038 2886 1495,
1152 2856 1203 2885 50.
1230 2845 1442 2886 Budaicam]
1480 2845 1541 2885 Ep.
1579 2855 1651 2884 744,
1686 2844 1869 2876 answered

283 2903 319 2922 11
345 2894 475 2932 Henry
501 2903 564 2932 vn,
599 2893 824 2923 restrictione
850 2892 922 2922 had
952 2892 1040 2922 been
1108 2890 1155 2929 by
1171 2890 1234 2929 Ep.
1254 2890 1326 2928 778.

279 2936 404 2976 placed
432 2946 476 2967 on
504 2937 567 2967 the
598 2938 722 2975 export
750 2936 789 2966 of
815 2936 958 2973 horses;
984 2944 1041 2965 see
1151 2942 1203 2972 51.
1229 2932 1392 2973 Parisiis]
1408 2932 1472 2963 See
1488 2932 1551 2971 Ep.
1564 2932 1636 2970 664.
1656 2941 1696 2970 27
1714 2941 1750 2962 n.

281 2983 417 3010 Statutes
431 2981 467 3015 os
476 2983 520 3009 the
537 2982 654 3019 R'eczl‘m,
673 2980 698 3010 ii
717 2978 844 3019 (1816),
860 2988 917 3018 pp.
932 2979 1039 3017 578,9.
1152 2976 1226 3008 786.
1249 2987 1275 3007 1.
1303 2975 1491 3016 Coclitem]
1509 2975 1672 3015 Meghen.
