2034 3433
107 189 206 243 953]
616 190 768 229 FROM
807 190 958 229 JOHN
997 190 1184 230 FABER
1606 193 1686 230 557

147 303 304 335 MAGNO
334 303 514 334 ERASMO
544 303 849 334 ROTERODAMO
880 303 1119 335 THEOLOGO
1150 303 1211 335 10.
1244 303 1402 341 FABER,
1432 297 1645 336 VICARIVS

376 372 427 402 IN
459 371 803 402 SPIRITVALIBVS
834 371 1228 410 CONSTANTIENSIS,
1260 373 1293 403 S.
1315 373 1353 403 P.
1378 373 1419 402 D.

160 453 278 502 Qvon
303 452 507 491 scribendi
530 452 708 490 officium
728 453 790 491 tot
816 465 979 491 menses
1002 452 1219 500 intermisi,
1242 454 1411 492 Erasme
1439 453 1689 502 doctissime,

106 518 295 568 equidem
324 530 409 556 non
439 529 579 556 causor
607 518 786 567 negocia,
816 517 925 567 quod
955 517 1089 555 solent
1118 518 1278 556 desides
1294 533 1302 565 ;
1332 531 1568 568 quanquam
1594 532 1691 557 vere

106 583 272 633 possim,
295 585 340 621 vt
360 581 431 632 qui
450 595 612 632 semper
631 582 712 621 sim
733 581 1083 631 occupatissimus.
1142 581 1227 620 Nec
1253 584 1354 621 item
1374 583 1458 622 vlla
1485 596 1552 621 me
1583 583 1690 634 cepit

108 647 271 686 Erasmi
298 647 380 685 mei
415 646 598 694 obliuio;
635 647 741 697 quod
777 647 882 685 hanc
916 660 1012 685 vera
1043 646 1226 685 amicitia
1254 660 1420 696 prorsus
1448 647 1620 697 ignoret,
1651 650 1692 687 et

108 714 195 762 ipse
224 713 294 751 vix
324 713 410 750 tam
442 711 524 749 mei
555 711 637 750 sim
670 724 828 750 memor
861 725 982 762 quam
1017 712 1192 750 Erasmi.
1252 711 1449 760 Quamuis
1480 713 1592 751 enim
1630 715 1692 751 tot
1712 720 1729 751 5

107 776 328 824 montibus,
362 778 448 814 tam
474 775 678 814 immensa
705 775 865 815 viarum
895 776 1197 826 intercapedine
1227 776 1500 827 seiungamur,
1533 791 1694 827 semper

106 843 246 880 tamen
274 840 404 880 oculis
432 840 583 880 nostris
608 840 936 880 adblandiuntur
964 843 1035 880 tua
1064 840 1236 891 pignora
1265 842 1520 889 suauissima,
1551 856 1691 881 monu-

107 907 249 944 menta
269 906 426 956 ingenii
450 906 617 954 diuina3
647 919 750 956 quae
777 919 871 945 cum
894 906 1277 945 intueor—intueor
1301 909 1440 945 autem
1458 907 1694 958 frequenter

109 993 173 1019 —,
195 970 415 1009 Erasmum
434 970 610 1019 intueor,
633 970 834 1009 nimirum
863 971 1002 1010 verius
1030 984 1154 1021 quam
1182 971 1245 1009 illi
1272 971 1341 1021 qui
1371 973 1410 1010 te
1436 974 1693 1022 praesentem

109 1035 417 1085 amplectuntur
459 1048 689 1086 manusque
727 1036 921 1075 manibus
958 1035 1161 1086 copulant.
1239 1036 1315 1075 Hii
1352 1037 1496 1075 faciem
1535 1050 1693 1087 corpus·
1716 1049 1755 1071 ¹0

111 1099 329 1150 culumque
367 1099 581 1150 aspiciunt,
624 1100 702 1140 sub
741 1114 820 1151 quo
859 1114 982 1140 verus
1020 1100 1092 1139 ille
1130 1100 1290 1139 habitat
1329 1101 1535 1148 Erasmus,
1572 1114 1692 1152 quem

110 1166 220 1204 totus
253 1166 472 1203 veneratur
505 1164 644 1213 orbis;
683 1167 725 1204 at
757 1165 896 1205 verius
934 1167 996 1204 tot
1035 1165 1158 1204 aediti
1195 1165 1246 1204 ab
1281 1179 1329 1204 eo
1362 1166 1458 1205 libri
1496 1166 1691 1215 referunt,

111 1230 340 1280 expressius
360 1232 570 1269 ostentant
591 1229 721 1269 oculis
741 1243 866 1281 quam
886 1231 994 1280 iugis
1014 1230 1087 1269 illa
1107 1230 1285 1280 corporis
1305 1231 1608 1281 contemplatio.

165 1295 231 1334 En
254 1308 377 1345 quam
400 1295 542 1334 sedulo
566 1295 731 1334 annitor
758 1309 808 1334 ne
834 1309 1008 1346 vsquam
1028 1294 1151 1334 amici
1171 1295 1324 1333 obliuio
1344 1295 1449 1334 mihi
1470 1296 1696 1346 obrepsisse

112 1359 245 1398 videri
260 1360 401 1410 possit.
452 1360 557 1408 Quid
573 1360 702 1410 igitur
716 1373 857 1399 meum
872 1362 959 1399 tam
973 1360 1219 1398 diuturnum
1235 1360 1443 1399 excusabit
1456 1360 1698 1399 silentium?
1719 1372 1757 1402 15

112 1424 163 1463 Id
195 1437 290 1463 sane
319 1425 425 1475 quod
456 1438 520 1464 res
546 1427 620 1472 est,
652 1426 802 1475 partim
842 1425 1108 1464 commoratio
1137 1424 1208 1464 illa
1236 1426 1438 1473 remotior,
1471 1439 1549 1475 qua
1577 1426 1624 1464 fit
1652 1427 1696 1464 vt

112 1489 315 1528 tabellarii
348 1490 547 1539 deessent,
577 1491 730 1540 partim
758 1491 854 1529 tuae
887 1489 1117 1529 mansionis
1144 1489 1406 1530 instabilitas,
1464 1490 1556 1529 Iam
1586 1490 1698 1529 enim

113 1556 157 1592 in
186 1554 386 1604 Angliam
419 1555 602 1594 auolasse
634 1555 832 1594 dicebaris
847 1569 857 1603 ,²
902 1554 1119 1593 confestim
1149 1554 1417 1593 Hollandiam
1454 1554 1620 1604 petiisse
1657 1557 1697 1593 te

112 1632 256 1658 rumor
274 1622 373 1658 erat.
421 1619 616 1668 Quocirca
630 1620 840 1658 incassum
860 1633 925 1658 me
946 1619 1195 1670 scripturum
1212 1619 1450 1668 arbitrabar,
1471 1621 1510 1657 et
1529 1620 1699 1658 interim

113 1684 283 1723 amiculi
310 1684 466 1734 aliquot
495 1697 658 1734 sperare
688 1685 884 1723 iubebant
918 1686 1038 1723 tuum
1072 1684 1123 1722 ad
1154 1684 1361 1722 Basileam
1393 1685 1599 1733 reditum3
1642 1684 1699 1723 sic
1720 1698 1759 1718 20

114 1749 347 1797 haerebam,
384 1749 447 1788 tui
485 1749 695 1799 desyderio
733 1749 993 1799 impatienter
1033 1750 1238 1787 aestuans.
1309 1749 1492 1788 Tandem
1534 1750 1700 1788 fortuna

115 1814 220 1853 mihi
254 1813 519 1853 Constantiae
556 1815 694 1853 virum
733 1814 883 1853 obtulit
917 1814 962 1852 in
1000 1814 1093 1852 aula
1132 1813 1269 1852 Caroli
1307 1813 1429 1864 Regis
1466 1814 1529 1852 tui
1567 1816 1621 1860 et,
1655 1817 1701 1853 vt

116 1893 244 1930 sper0,
287 1880 413 1918 etiam
450 1880 581 1918 nostri
622 1878 876 1929 primarium,
918 1878 1121 1928 inclytum
1168 1878 1282 1917 iuxta
1327 1892 1372 1917 ac
1410 1879 1588 1928 doctum,
1630 1880 1700 1929 qui

115 1944 349 1983 tabellarios
367 1946 416 1991 et,
440 1958 542 1994 quae
563 1945 624 1982 est
643 1944 747 1982 mira
766 1943 854 1982 eius
877 1944 921 1982 in
948 1956 1094 1982 omnes
1117 1943 1366 1991 humanitas,
1389 1956 1553 1981 omnem
1581 1956 1698 1981 suam

117 2022 282 2059 operam
311 2009 480 2047 comiter
508 2008 777 2058 pollicebatur
805 2008 850 2046 in
878 2007 1012 2046 literis
1041 2007 1091 2046 ad
1124 2010 1164 2046 te
1196 2007 1541 2046 transmittendis.
1613 2008 1700 2058 Ego
1719 2022 1757 2052 ²5

117 2073 346 2124 plurimum
364 2073 531 2123 gauisus
549 2073 600 2112 ad
622 2073 885 2112 scribendum
906 2085 971 2110 me
991 2072 1188 2122 euestigio
1209 2071 1380 2111 accinxi.

173 2138 343 2186 Quaeris
367 2137 494 2187 igitur
523 2137 619 2188 quid
648 2139 770 2188 agant
799 2137 921 2175 amici
948 2137 1044 2175 tui‘?
1099 2137 1297 2176 Valemus
1327 2150 1469 2175 omnes
1498 2137 1585 2175 Deo
1613 2150 1701 2187 pro-

120 2203 227 2253 picio
259 2202 448 2252 perbelle,
480 2202 637 2252 tibique
675 2203 874 2252 optimam
912 2202 1195 2241 valetudinem
1233 2201 1511 2251 imprecamur
1544 2214 1697 2250 omnes,

120 2281 199 2318 quo
225 2267 412 2318 pluribus
445 2267 754 2306 foecundissimi
784 2266 939 2316 ingenii
966 2266 1029 2304 tui
1056 2266 1234 2305 foetibus
1266 2268 1448 2304 nostram
1478 2265 1701 2315 locupletes

120 2334 425 2383 paupertatem:
455 2332 593 2370 omnia
612 2332 724 2370 enim
744 2333 815 2370 tua
834 2331 1036 2370 eiusmodi
1065 2333 1164 2369 sunt
1193 2333 1238 2369 vt
1261 2331 1453 2381 antiquae
1479 2330 1701 2369 eruditioni
1719 2343 1760 2374 30

120 2411 204 2436 non
233 2397 409 2436 conferri
441 2397 576 2436 solum
605 2397 675 2435 sed
706 2396 896 2435 anteferri
924 2396 1047 2434 etiam
1081 2398 1328 2434 mereantur.
1385 2395 1603 2434 Innumeri
1631 2409 1702 2446 per

123 2462 387 2501 Germaniam
425 2454 517 2500 tuas
553 2461 726 2512 vigilias,
761 2460 824 2500 tui
862 2460 1017 2510 ingenii
1054 2460 1255 2509 imagines
1292 2460 1624 2510 contemplantur
1661 2462 1702 2499 et

167 2559 197 2587 3.
223 2549 315 2588 cepit
330 2550 378 2578 F:
403 2548 517 2587 coepit
534 2550 570 2578 Ε,
676 2557 724 2578 12.
749 2549 785 2577 at
801 2548 920 2583 scripsi,
941 2548 1110 2576 secundum
1127 2547 1189 2583 Ep.
1207 2547 1281 2585 961.
1300 2556 1341 2584 43
1357 2557 1363 2576 ε
1387 2546 1414 2577 81
1429 2549 1466 2577 E.
1558 2546 1608 2576 28.
1634 2547 1699 2577 irn-

124 2601 309 2631 precamur
324 2593 352 2621 Ε
368 2602 374 2621 :
397 2600 583 2630 precamur
599 2593 639 2621 H.
774 2599 824 2629 29.
852 2589 1003 2620 foetibus
1020 2591 1132 2625 scripsi
1147 2600 1154 2618 z
1178 2589 1315 2620 foetura
1333 2592 1370 2620 Ε.

173 2691 221 2720 18.
248 2690 286 2720 111
301 2689 488 2730 Angliam]
507 2689 557 2721 Cf.
575 2689 638 2729 Ep.
655 2698 726 2728 937.
747 2698 788 2728 39
802 2699 835 2719 11.
949 2697 1026 2728 gen,
1057 2687 1126 2718 and
1161 2687 1309 2727 nephew
1341 2690 1376 2718 to
1402 2687 1579 2718 Erasmus'
1606 2688 1702 2727 early

212 2732 466 2772 Hollandiam]
502 2733 587 2763 This
625 2742 773 2762 rumour
807 2742 880 2772 per·
949 2734 1093 2770 patrous
1109 2731 1212 2770 (Epp.
1230 2741 1281 2770 49,
1303 2732 1396 2769 143):
1420 2740 1475 2761 see
1491 2730 1658 2761 Goethals
1675 2741 1700 2763 ε.

127 2778 214 2816 haps
230 2776 301 2807 had
318 2777 365 2807 its
380 2776 497 2815 origin
509 2777 548 2806 in
564 2776 627 2806 the
644 2776 809 2814 frequent
827 2777 879 2806 in·
950 2775 1105 2814 Glymes.
1161 2774 1216 2803 He
1247 2783 1319 2804 was
1349 2774 1452 2804 made
1480 2774 1542 2805 Kt.
1573 2773 1611 2804 of
1636 2774 1702 2804 the

126 2821 300 2851 vitations
323 2820 360 2850 to
382 2819 551 2850 Erasmus
574 2820 610 2849 to
629 2819 714 2850 visit
736 2819 797 2850 the
816 2819 880 2858 Bp.
949 2817 1086 2849 Golden
1098 2817 1220 2848 Fleece
1232 2818 1270 2848 in
1282 2817 1366 2848 Nov.
1384 2818 1466 2856 1516
1479 2817 1538 2857 (de
1550 2817 1703 2848 Reiffen-

128 2864 164 2894 of
178 2863 350 2901 Utrecht;
377 2862 420 2893 cf.
440 2862 501 2902 Ep.
519 2863 582 2901 603
600 2861 733 2893 introd.
950 2861 1042 2900 berg,
1069 2870 1128 2901 pp.
1153 2870 1226 2899 311,
1252 2860 1342 2899 381).
1388 2861 1432 2890 In
1460 2861 1540 2899 1518
1563 2860 1608 2891 he
1632 2870 1703 2891 was

171 2916 222 2937 22.
253 2908 292 2936 vt
324 2903 441 2946 spero]
480 2905 582 2936 After
616 2905 678 2936 the
709 2904 881 2945 Imperial
950 2906 1028 2935 sent
1046 2905 1081 2934 to
1098 2902 1332 2934 Switzerland
1349 2913 1386 2933 as
1404 2905 1412 2920 ⁴
1427 2903 1655 2934 ambassador
1670 2903 1709 2934 of

127 2949 291 2981 election.
950 2947 1010 2978 the
1022 2946 1184 2978 Catholic
1198 2947 1310 2986 King’
1324 2946 1526 2986 (Brewerii.
1539 2947 1635 2987 4487,
1650 2947 1702 2977 iii.

171 3002 223 3031 23.
249 2992 477 3033 primarium]
491 2991 647 3032 Perhaps
658 2991 880 3023 Maximilian
953 2990 1046 3030 173);
1073 2990 1143 3020 and
1167 2999 1238 3020 was
1261 2993 1297 3020 at
1321 2989 1515 3021 Constance
1539 3000 1578 3021 12
1600 2989 1704 3030 April

130 3035 167 3066 of
180 3037 317 3076 Bergen
336 3036 375 3076 (†
391 3035 501 3075 1521),
521 3035 615 3066 Lord
631 3036 669 3066 of
689 3034 882 3066 Zevenber-
951 3042 1033 3072 1519
1051 3034 1113 3074 (Le
1130 3033 1220 3073 Glay
1235 3033 1272 3071 ii,
1291 3042 1321 3073 p.
1339 3033 1429 3074 415).
