2034 3433
261 472 320 504 245

260 801 321 832 250

261 1127 318 1159 255

261 1448 322 1480 260

260 1777 319 1819 265

341 158 423 196 228
807 157 1058 196 LETTERS
1097 156 1166 196 OF
1204 157 1472 196 ERASMUS
1808 156 1936 211 [1518

343 262 433 311 Quo
464 262 675 301 stomacho
714 261 932 311 respondet
965 263 1007 299 et
1044 260 1230 299 minatur
1267 262 1519 312 Augustino,
1552 263 1661 313 quod
1699 264 1823 302 vnius
1860 264 1940 303 loci

341 328 646 367 enarrationem
666 340 790 366 ausus
810 326 865 365 sit
885 325 1145 365 conuellere!
1204 327 1310 375 Quid
1332 329 1471 367 autem
1497 328 1534 366 si
1555 328 1631 366 tali
1655 328 1801 368 fuisset
1826 331 1939 368 aceto

340 394 530 443 perfusus
554 392 665 443 quali
688 405 755 430 me
778 391 961 441 perfudit
987 391 1150 430 Faber?
1178 391 1337 431 amicus
1363 406 1416 431 an
1442 393 1651 442 inimicus,
1680 394 1861 443 prudens
1886 408 1940 434 an

340 459 595 510 imprudens,
616 459 837 507 instigatus
860 470 915 495 an
938 470 1012 496 sua
1035 459 1193 507 sponte,
1216 457 1305 496 ioco
1332 472 1385 497 an
1412 459 1531 508 serio,
1553 458 1715 497 sobrius
1736 472 1790 498 an
1809 472 1935 510 secus,

340 525 427 574 ipse
447 524 597 563 viderit
614 537 624 571 ;
655 524 762 561 certe
781 522 977 572 perfudit.
1031 523 1114 561 Res
1134 522 1223 572 ipsa
1244 523 1424 562 nimium
1445 526 1568 563 extat.
1619 524 1760 574 Atque
1778 524 1940 563 vtinam

339 590 504 640 vtrique
534 589 655 628 liceat
687 588 889 628 inficiari!
925 587 1022 627 Non
1054 602 1148 627 sum
1171 589 1258 627 vllo
1284 589 1409 628 modo
1438 604 1534 629 cum
1563 590 1822 641 Hieronymo
1851 604 1942 630 con-

339 655 547 702 ferendus,
580 668 654 693 nec
679 654 955 693 sanctimonia
983 669 1056 694 nec
1087 654 1322 694 eruditione
1350 668 1427 694 nec
1455 656 1679 706 prudentia
1707 669 1783 695 nec
1810 656 1941 696 animi

340 720 647 768 moderatione;
677 723 718 759 et
741 722 884 759 tamen
911 720 1028 760 vides
1053 723 1208 771 quanto
1233 734 1357 772 quam
1383 721 1456 760 ille
1483 722 1691 761 crudelius
1713 722 1936 771 lacessitus,

340 788 492 837 quanto
512 800 579 824 me
598 788 714 824 tuear
734 786 909 826 ciuilius.

397 852 597 891 ‘Difficile
620 854 682 890 est
696 851 705 866 '
723 851 865 902 inquis
890 852 1107 902 ‘gestienti
1125 852 1222 891 stilo
1243 852 1476 892 moderari.’
1542 852 1636 891 Imo
1656 854 1693 892 si
1712 853 1821 893 dicta
1835 854 1941 893 mihi

338 918 517 956 fuissent
556 918 696 957 omnia
733 932 837 969 quae
875 932 968 957 meo
1006 918 1098 957 iure
1146 917 1279 957 dicere
1322 920 1521 968 poteram,
1561 920 1654 957 tum
1692 919 1942 970 intelligeres

339 986 545 1034 quantum
593 984 724 1023 dolori
770 997 855 1023 non
903 984 1104 1032 donarim,
1149 986 1354 1034 quantum
1401 984 1691 1033 verecundiae,
1739 987 1941 1035 quantum

340 1050 595 1088 humanitati
612 1051 757 1088 datum
777 1049 843 1088 sit.
900 1051 909 1069 ⁴
922 1049 1204 1089 Admonitum
1219 1051 1260 1088 te
1280 1050 1491 1100 oportuit,’
1509 1051 1650 1101 inquis
1674 1051 1683 1069 ⁴
1696 1064 1747 1089 ne
1766 1064 1942 1090 cessasse

339 1115 480 1154 videar
506 1115 550 1153 in
577 1115 703 1153 amici
726 1115 965 1154 discrimine
980 1116 999 1153 ⁵.
1063 1115 1191 1164 Quod,
1216 1115 1393 1164 obsecro,
1416 1116 1638 1154 discrimen
1665 1117 1727 1154 est
1750 1117 1788 1155 si
1813 1117 1940 1155 mani-

340 1181 550 1220 festariam
574 1180 758 1231 propello
785 1180 1039 1219 calumniam
1053 1182 1074 1219 ⁶?
1130 1180 1242 1219 Num
1266 1180 1311 1219 in
1338 1183 1429 1220 tuto
1453 1181 1618 1220 futurus
1641 1194 1766 1226 eram,
1789 1182 1824 1220 si
1842 1181 1942 1221 talia

339 1246 601 1296 agnouissem
616 1246 748 1296 elogia
760 1248 781 1285 Ῥ
826 1247 897 1285 An
914 1246 1054 1285 Iacobi
1069 1246 1193 1285 Fabri
1207 1248 1370 1285 tantam
1386 1247 1593 1286 rationem
1607 1247 1750 1286 haberi
1761 1247 1939 1297 volebas,

339 1315 382 1351 vt
404 1326 478 1362 ego
498 1313 542 1350 in
562 1312 677 1351 illius
695 1313 871 1363 gratiam
890 1312 1160 1363 blasphemus
1183 1312 1228 1350 in
1252 1313 1469 1352 Christum
1494 1313 1638 1352 haberi
1660 1313 1943 1353 sustinerem?

341 1379 458 1427 Quod
491 1379 542 1417 ad
574 1392 665 1417 eam
695 1391 794 1417 sane
825 1392 992 1418 causam
1027 1379 1189 1428 attinet,
1223 1391 1296 1429 ego
1331 1379 1375 1417 in
1406 1381 1528 1430 portu
1558 1379 1710 1430 nauigo
1739 1379 1806 1419 vel
1834 1380 1942 1430 apud

338 1458 486 1494 parum
515 1458 642 1495 equos
671 1444 838 1483 iudices.
898 1446 1037 1495 Atque
1070 1444 1232 1483 vtinam
1264 1445 1396 1483 Faber
1424 1445 1500 1484 hac
1524 1444 1570 1483 in
1593 1447 1710 1494 parte
1734 1458 1854 1484 suam
1882 1445 1942 1484 in·

338 1511 576 1561 tegi-itatem
606 1512 646 1549 et
676 1511 896 1549 candorem
927 1511 1034 1560 apud
1060 1511 1281 1550 vniuersos
1310 1512 1399 1549 tam
1425 1511 1533 1549 tueri
1558 1511 1690 1561 possit
1715 1524 1840 1561 quam
1869 1524 1942 1562 ego

339 1577 502 1626 cupiam
519 1579 527 1616 1
578 1576 658 1626 Qui
677 1577 801 1615 illum
822 1577 1072 1615 amicissime
1092 1577 1332 1624 defendunt,
1356 1579 1578 1615 causantur
1592 1577 1725 1616 alieno
1740 1577 1941 1616 instinctu

338 1642 580 1692 perpulsum
618 1642 669 1680 ab
703 1642 840 1681 nescio
872 1642 1034 1692 quibus,
1069 1642 1140 1692 qui
1171 1655 1244 1680 nec
1278 1642 1342 1680 illi
1374 1655 1449 1680 nec
1489 1642 1596 1681 mihi
1635 1642 1740 1682 bene
1777 1643 1938 1682 volunt.

340 1707 466 1756 Quasi
496 1721 594 1746 vero
623 1708 782 1757 pondus
812 1707 962 1746 habeat
990 1707 1233 1746 huiusmodi
1263 1708 1452 1758 purgatio
1483 1708 1527 1746 in
1553 1708 1644 1747 viro
1671 1710 1757 1747 tam
1779 1709 1942 1748 erudito

340 1776 507 1824 tamque
527 1773 783 1824 philosopho,
806 1776 899 1812 tum
925 1776 1143 1824 prouectae
1162 1774 1320 1823 aetatis,
1342 1776 1551 1824 postremo
1577 1775 1623 1814 in
1652 1774 1942 1813 criminatione

341 1843 426 1878 tam
454 1840 593 1878 atroci.
651 1841 709 1878 At
728 1853 871 1879 vereor
890 1853 941 1878 ne
960 1839 1101 1890 plures
1124 1839 1208 1878 sint
1228 1839 1398 1878 illorum
1420 1841 1651 1879 sententiae
1671 1840 1942 1891 subscripturi

340 1905 410 1954 qui
431 1905 625 1943 dictitant
645 1905 770 1943 istam
797 1906 884 1943 tam
915 1905 1107 1954 supinam
1134 1905 1500 1944 debacchationem
1528 1906 1682 1956 partim
1709 1906 1760 1945 ab
1785 1906 1943 1956 insigni

339 1970 519 2019 quodam
549 1971 633 2009 mei
665 1972 918 2020 contemptu,
949 1970 1103 2020 partim
1136 1970 1188 2008 ab
1219 1970 1350 2020 ipsius
1384 1972 1655 2010 admiratione
1693 1972 1820 2010 fuisse
1853 1985 1941 2022 pro-

339 2037 503 2075 fectam.
566 2035 656 2075 Hoc
697 2036 787 2084 sibi,
828 2036 1036 2086 inquiunt,
1078 2038 1346 2086 persuaserat,
1387 2050 1454 2075 me
1499 2037 1607 2075 nihil
1654 2038 1768 2077 aliud
1817 2051 1942 2088 quam

266 2115 297 2130 >·
340 2102 627 2141 rhetorculum
659 2115 757 2149 esse,
789 2116 833 2140 se
861 2102 1169 2152 philosophum,
1200 2102 1455 2153 theologum,
1486 2105 1792 2154 mystagogum,
1825 2104 1942 2142 cuius

342 2167 481 2206 omnia
501 2168 612 2206 dicta
640 2168 898 2206 oraculorum
924 2169 1055 2206 instar
1078 2170 1240 2207 essent:
1271 2168 1380 2206 nihil
1400 2182 1423 2207 a
1441 2168 1517 2207 tali
1535 2169 1625 2208 viro
1649 2171 1737 2207 tam
1757 2169 1943 2220 neglecte

340 2249 457 2285 posse
480 2234 614 2283 scribi,
638 2235 748 2285 quod
774 2235 880 2273 mihi
910 2249 993 2274 non
1024 2235 1117 2274 ilico
1146 2235 1336 2274 tenebras
1362 2235 1562 2274 Gimerias
1581 2236 1825 2275 offunderet.
1885 2237 1944 2275 At

341 2301 581 2340 meminisse
604 2301 748 2339 debuit
777 2301 885 2339 nihil
908 2301 953 2339 in
976 2300 1098 2340 bellis
1127 2301 1398 2351 perniciosius
1423 2314 1548 2352 quam
1576 2315 1745 2352 prorsus
1764 2302 1938 2350 hostem,

342 2367 532 2418 quamuis
552 2367 824 2415 imbecillum,
849 2369 1125 2405 contemnere.

395 2434 553 2472 Rursus
573 2433 645 2471 alii
664 2433 850 2471 iudicant
871 2433 1078 2471 offensum
1101 2432 1234 2481 illum,
1259 2433 1367 2482 quod
1392 2446 1415 2471 a
1442 2446 1485 2471 se
1513 2432 1558 2471 in
1587 2432 1942 2472 Annotationibus

342 2499 445 2537 meis
464 2499 564 2537 locis
584 2498 740 2548 aliquot
764 2511 888 2536 ausus
914 2498 995 2536 sim
1019 2497 1252 2546 dissentire,
1272 2498 1386 2537 hunc
1410 2498 1595 2548 loliginis
1620 2511 1789 2537 succum
1810 2498 1854 2536 in
1873 2512 1941 2537 me

343 2564 525 2603 vicissim
557 2564 752 2602 effudisse
768 2578 777 2611 ;
816 2563 1009 2603 videlicet
1041 2577 1114 2613 pro
1150 2563 1291 2612 officio,
1327 2577 1402 2614 pro
1433 2577 1514 2614 quo
1543 2576 1618 2614 par
1649 2565 1734 2602 erat
1764 2564 1941 2614 gratiam

389 2661 463 2689 242.
488 2653 524 2681 et
540 2652 603 2684 aB:
629 2660 668 2681 ac
683 2649 735 2681 D2.
907 2651 980 2688 246.
1006 2650 1074 2680 Res
1098 2674 1106 2681 .
1126 2673 1135 2681 .
1156 2675 1162 2681 .
1189 2659 1262 2689 247.
1291 2649 1446 2680 inficiari
1463 2652 1537 2680 add.
1556 2652 1595 2682 D.
1776 2650 1850 2689 248.
1876 2660 1941 2681 nec

345 2695 546 2725 eruditione
563 2696 636 2724 add.
654 2697 690 2724 D.
871 2695 944 2732 256.
970 2693 1065 2724 Num
1084 2717 1090 2723 .
1109 2718 1115 2724 .
1133 2718 1140 2725 .
1160 2702 1236 2732 257.
1261 2693 1375 2733 elogia
1399 2696 1474 2725 add.
1494 2696 1532 2724 D.
1708 2702 1781 2732 259.
1805 2694 1863 2725 vel
1879 2717 1888 2725 .
1908 2718 1916 2725 .
1932 2718 1940 2726 .

345 2740 418 2770 260.
444 2738 578 2769 iudices
595 2741 667 2769 add.
686 2740 724 2768 D.
896 2738 970 2768 260.
993 2737 1114 2776 Atque
1130 2749 1167 2767 a:
1193 2738 1243 2767 At
1258 2739 1292 2771 β.
1464 2739 1537 2776 265.
1561 2740 1708 2776 tamque
1723 2737 1939 2778 philosopho

345 2785 420 2812 add.
439 2781 482 2812 αἳ.
602 2782 676 2812 266.
701 2783 777 2812 tam
794 2791 851 2811 om.
871 2783 903 2815 β.
1025 2783 1099 2820 267.
1124 2781 1295 2811 dictitant
1312 2779 1366 2813 a2:
1391 2781 1601 2812 existimant
1617 2780 1662 2812 al.
1783 2783 1856 2820 269.
1884 2782 1939 2812 in-

345 2827 475 2864 quiunt
491 2828 565 2856 add.
584 2828 621 2856 D.
800 2835 874 2863 270.
899 2825 1144 2856 rhetorculum
1161 2824 1216 2856 01²:
1242 2823 1462 2855 rhetoricum
1480 2824 1525 2856 αἱ.
1696 2834 1770 2864 273.
1795 2834 1939 2865 prorsus

345 2880 401 2899 nm.
424 2872 460 2899 D.
596 2879 669 2905 277.
695 2892 702 2908 ,
722 2867 891 2899 videlieet
907 2879 968 2910 pro
984 2880 1025 2900 a:
1051 2892 1059 2907 ,
1077 2868 1257 2908 videlicet,
1276 2878 1410 2908 proque
1427 2869 1508 2903 DB:
1534 2868 1714 2909 videlicet,
1732 2878 1867 2909 proque
1883 2871 1920 2900 E.

389 2956 461 2984 243.
489 2946 603 2986 aceto]
624 2946 676 2977 Cf.
695 2946 780 2977 Hor.
801 2949 834 2977 S.
858 2956 885 2977 1.
908 2956 935 2985 7.
954 2957 1005 2986 32.
1219 2954 1293 2984 259.
1319 2946 1358 2976 in
1375 2945 1495 2987 portu]
1512 2946 1588 2977 Ter.
1606 2949 1710 2977 Andr.
1730 2946 1805 2985 480.

388 2998 463 3028 251.
487 2989 624 3030 inquis]
645 2990 707 3029 Ep.
730 3000 802 3029 744.
820 2991 870 3028 84.
1220 2991 1292 3028 276.
1321 2989 1527 3031 dissentire]
1546 2989 1595 3021 Cf.
1616 2990 1680 3029 Ep.
1699 2999 1774 3028 337.
1790 2991 1863 3028 850.

388 3042 462 3072 254.
488 3034 623 3074 inquis]
642 3034 705 3073 Ep.
727 3044 798 3073 744.
815 3034 901 3073 87,8.
1266 3032 1442 3074 loliginis]
1461 3033 1512 3065 Cf.
1534 3034 1620 3065 Hor.
1639 3036 1672 3065 S.
1697 3044 1725 3066 1.
1743 3043 1774 3071 4.
1796 3042 1866 3063 100.
