2034 3433
83 234 187 288 969}
316 237 385 274 To
415 235 661 285 ANTONY,
691 236 797 276 soN
827 238 897 277 OF
924 238 1075 278 JOHN
1106 238 1438 278 ORBERGEN
1590 241 1668 278 595

82 344 303 382 dicendum
322 343 509 394 linguam
528 344 694 392 habent,
718 345 961 395 impositum
981 347 1043 384 est
1067 345 1295 384 silentium.
1355 343 1449 392 Hic,
1473 344 1671 394 quoniam
1696 359 1731 380 10

81 410 185 448 tales
218 411 413 459 patronos
443 422 526 447 non
554 409 766 458 habemus,
790 411 982 449 saeuiunt
1010 410 1143 449 adhuc
1171 411 1212 448 et
1236 409 1353 448 libris
1379 423 1540 459 quoque
1567 422 1672 459 gras-

80 476 252 522 santur;
281 475 352 513 sed
379 473 528 523 quibus
551 474 657 512 nihil
687 475 799 514 aliud
819 489 943 526 quam
972 489 1090 514 suam
1118 475 1343 513 traducunt
1371 475 1599 514 stulticiam
1626 488 1672 514 ac

81 539 235 579 mentis
253 539 534 578 stoliditatem.
595 539 820 579 Mitescunt
841 542 983 580 tamen
1009 543 1050 579 et
1069 541 1115 579 hi
1134 540 1347 590 paulatim,
1369 540 1486 578 velut
1513 553 1562 578 ex
1590 553 1673 590 gra·

83 605 255 644 uissima
268 605 372 643 febri
387 605 668 654 resipiscentes
686 620 695 653 3
724 606 1011 644 obmutescent
1026 606 1162 653 etiam,
1181 605 1216 643 si
1231 604 1467 655 principum
1482 605 1675 654 aspirarit

80 672 209 709 fauor.
269 669 322 708 In
343 670 604 709 Ferdinando
624 683 774 721 magna
793 684 885 720 spes
904 673 990 718 est3
1020 671 1064 708 in
1083 672 1125 708 te
1145 683 1305 719 quoque
1331 683 1415 708 non
1442 670 1672 709 mediocris.
1697 675 1733 707 ¹5

80 735 250 775 Carolus
276 736 402 774 abest.
463 735 652 774 Ciuerius
679 748 762 773 non
792 736 946 774 mirum
975 737 1011 774 si
1039 749 1062 773 a
1090 735 1222 773 literis
1250 736 1313 773 est
1337 735 1519 783 alienior,
1551 748 1674 786 quan-

80 804 205 850 quam
238 813 324 838 non
360 800 609 839 aduersatur.
682 800 730 838 R.
774 801 823 838 D.
866 801 1096 840 Cardinalis
1135 799 1347 839 Adrianus
1386 800 1503 838 bonis
1539 800 1674 839 literis

80 876 296 915 nunquam
332 865 557 904 admodum
595 865 727 913 fauit3
768 865 932 904 etiamsi
970 878 1054 904 non
1092 866 1153 903 est
1191 865 1292 904 adeo
1330 866 1505 904 deuotus
1542 865 1673 904 hostis

80 920 204 986 quam
223 933 325 969 sunt
344 930 525 980 quidam,
549 930 619 980 qui
639 943 682 968 se
705 943 788 968 non
816 932 963 980 putant
990 930 1221 969 incolumes
1247 930 1333 968 fore
1359 930 1441 969 nisi
1470 931 1674 980 oppressis

78 996 200 1035 bonis
219 995 365 1035 literis.
1695 1000 1734 1022 20

134 1061 262 1100 Hunc
296 1061 521 1099 Ricardum
550 1060 746 1109 Paceum,
766 1061 1021 1100 serenissimi
1050 1061 1174 1111 Regis
1202 1060 1438 1110 Anglorum
1469 1062 1674 1099 oratorem

80 1126 201 1176 eique
237 1125 597 1176 gratiosissimum,
636 1126 671 1164 si
708 1126 878 1176 propius
916 1126 1210 1176 complecteris,
1253 1125 1449 1175 gaudebis
1492 1125 1674 1164 hominis

78 1191 376 1230 consuetudine
391 1206 400 1239 ;
452 1193 514 1229 est
557 1191 670 1229 enim
711 1193 872 1240 praeter
920 1205 1057 1230 mores
1103 1190 1421 1230 candidissimos
1462 1191 1675 1240 vtriusque

80 1256 316 1295 literaturae
332 1256 622 1307 peritissimus.
684 1257 796 1296 Bene
816 1257 919 1296 vale.
979 1257 1032 1295 M.
1055 1257 1242 1295 Adriano
1263 1256 1470 1294 Barlando
1495 1256 1673 1294 multam

80 1334 131 1359 ex
150 1335 218 1360 me
237 1321 416 1360 salutem
435 1321 571 1360 dicito.
1696 1326 1733 1357 ²5

132 1387 432 1437 Antuuerpiae.
454 1399 547 1425 xnl.
571 1385 657 1426 Cal.
681 1386 834 1425 Iunias.
859 1389 987 1426 Anno
1006 1399 1186 1425 M.D.X1x.

540 1547 637 1587 970.
699 1544 764 1586 To
794 1545 946 1586 ρΙΑΜΕΞ
978 1544 1215 1586 BANISIUS.

129 1629 292 1674 Farrago
310 1640 345 1673 p.
368 1638 443 1674 155.
1405 1627 1580 1663 Brussels.

126 1687 165 1721 F.
185 1699 221 1732 p.
241 1697 330 1731 300:
358 1686 447 1723 HN:
474 1686 588 1722 Lond.
608 1687 654 1722 vi.
674 1698 739 1723 21:
766 1687 841 1722 LB.
859 1695 940 1732 437.
1360 1696 1399 1721 21
1421 1685 1508 1730 May
1526 1694 1627 1730 1519.

102 1778 304 1862 f[1133e]tvv¹een
320 1777 382 1808 the
398 1778 620 1817 publication
645 1778 683 1808 of
704 1778 767 1808 the
789 1777 1025 1817 Paraphrases
1048 1777 1254 1808 mentioned
1283 1777 1356 1808 and
1372 1777 1434 1808 the
1451 1785 1673 1816 appearance

81 1833 101 1852 ¹)
163 1846 171 1853 .

258 1918 465 1949 ERASMVS
496 1919 828 1950 ROTERODAMVS
858 1920 1024 1950 IACOBO
1055 1919 1241 1950 BANISIO
1276 1920 1359 1949 SVO
1391 1921 1425 1950 S.
1454 1921 1494 1950 D.

133 2010 218 2048 Vm
250 2009 366 2047 omni
393 2009 588 2047 decorum
615 2023 763 2060 genere
797 2010 1136 2056 cumulatissime,
1175 2010 1298 2048 audio
1331 2011 1372 2048 te
1405 2023 1514 2048 noua
1547 2023 1673 2060 eaque

79 2073 234 2113 eximia
266 2073 471 2123 dignitate
504 2076 699 2114 auctum:
736 2089 816 2125 quo
849 2075 1018 2114 nomine
1057 2074 1136 2113 tibi
1180 2088 1427 2124 magnopere
1465 2075 1673 2124 gratulor-3

81 2153 212 2190 neque
240 2138 386 2177 dubito
414 2139 516 2188 quin
542 2139 709 2178 fortuna
732 2140 786 2178 sit
812 2140 1033 2190 aliquando
1058 2139 1279 2190 benignius
1306 2140 1433 2177 etiam
1457 2140 1541 2178 tuis
1559 2153 1673 2189 prae-

80 2204 203 2242 claris
224 2203 448 2242 virtutibus
468 2217 724 2254 responsura.
784 2205 871 2244 Nos
892 2205 959 2243 hic
978 2204 1202 2254 plusquam
1231 2204 1397 2242 Panicis
1420 2204 1673 2243 tumultibus

81 2268 219 2308 iactati
252 2281 408 2315 sumus,
443 2269 541 2306 adeo
575 2269 757 2319 theologi
788 2270 957 2319 quidam
992 2282 1122 2307 nouas
1158 2269 1391 2308 excitarunt
1428 2269 1670 2319 tragoedias.
1693 2278 1709 2307 5

82 2334 224 2383 Neque
256 2333 475 2383 quicquam
508 2336 649 2372 tamen
678 2336 819 2383 aperto
848 2335 978 2373 Marte
1008 2336 1174 2384 gestum
1205 2336 1295 2381 est3
1326 2335 1466 2372 omnia
1497 2334 1670 2383 technis,

81 2397 285 2437 cuniculis
313 2410 359 2436 ac
389 2398 571 2447 strophis
599 2401 688 2437 acta
716 2401 826 2438 sunt.
885 2399 994 2438 Male
1024 2398 1200 2437 habebat
1226 2399 1328 2438 istos
1356 2399 1572 2448 negocium
1595 2398 1672 2437 lin-

81 2475 257 2513 guarum
276 2462 504 2512 procedere.
564 2462 802 2502 Metuebant
828 2477 891 2512 ne,
917 2464 952 2501 si
978 2463 1220 2502 subsisteret
1248 2463 1414 2501 Nouum
1434 2464 1672 2502 Testamen-

81 2531 185 2576 tum,
216 2526 440 2566 labasceret
464 2540 606 2566 eorum
632 2529 841 2567 autoritas.
900 2528 1020 2568 Nihil
1052 2529 1189 2579 itaque
1220 2542 1304 2566 non
1333 2530 1541 2567 tentatum
1557 2542 1567 2576 3
1601 2528 1671 2566 sed

83 2592 340 2642 resipiscunt.
413 2592 575 2632 Prodiit
612 2592 779 2632 Nouum
817 2594 1143 2642 Testamentum,
1184 2593 1389 2641 venditur,
1430 2595 1471 2632 et
1508 2592 1673 2643 quidem
1696 2602 1734 2624 10

124 2706 200 2737 959.
230 2707 280 2737 16.
306 2715 511 2745 quanquam
527 2715 599 2737 non
616 2705 825 2737 adum-satur
841 2709 914 2738 adel.
933 2709 969 2738 F.
1093 2715 1140 2744 17.
1166 2705 1260 2737 RD.
1276 2716 1334 2736 om.
1352 2707 1392 2735 H.
1508 2706 1580 2737 970.
1607 2715 1670 2737 ΤΙΤ.

82 2759 145 2780 svo
161 2752 235 2780 add.
253 2752 289 2780 F.

126 2870 200 2901 969.
216 2878 265 2908 15.
280 2869 524 2906 Fer-dinand0]
536 2869 587 2901 Of.
599 2869 744 2909 Ep.917.
758 2880 796 2901 10
804 2880 840 2901 n.
914 2880 952 2900 12
965 2871 1017 2907 n.)
1037 2878 1109 2899 was
1129 2878 1149 2899 a
1168 2869 1433 2909 distinguished
1455 2869 1671 2912 theologian,

130 2913 178 2943 16.
205 2912 350 2944 Carolus
365 2912 479 2952 abest]
498 2913 547 2944 Cf.
566 2913 631 2953 Ep.
647 2914 722 2952 948.
744 2923 816 2953 195.
911 2913 1046 2952 though
1061 2912 1099 2943 of
1113 2922 1133 2943 a
1149 2913 1390 2944 conservative
1407 2915 1501 2952 type.
1601 2942 1603 2944 .

171 2955 351 2997 Ciuerius]
370 2956 434 2987 See
450 2956 512 2996 Ep.
532 2965 607 2995 532.
624 2966 664 2995 27
676 2966 710 2988 n.
954 2966 1006 2992 24.
1032 2955 1227 2996 Barlando]
1246 2956 1310 2986 See
1328 2956 1390 2996 Ep.
1413 2958 1484 2995 760.
1507 2965 1544 2995 14
1561 2966 1598 2988 n.

131 3009 180 3038 17.
193 2999 296 3030 bonis
308 2999 438 3041 literis]
454 2999 540 3030 This
551 3001 647 3030 must
659 3000 701 3030 be
713 2999 842 3030 under·
954 2999 1028 3030 970.
1042 3009 1072 3030 2.
1084 2998 1280 3040 dignitate]
1294 2999 1314 3030 I
1325 3000 1370 3030 do
1381 3001 1444 3030 not
1455 3000 1562 3031 know
1572 3000 1672 3032 what·

84 3041 184 3074 stood
215 3042 365 3083 strictly,
389 3042 428 3073 of
453 3042 517 3073 the
546 3042 683 3073 studies
714 3043 751 3073 of
779 3044 842 3074 the
911 3042 985 3073 this
1007 3044 1047 3073 is.
1094 3043 1129 3073 It
1152 3041 1234 3074 does
1258 3045 1319 3074 not
1344 3043 1468 3074 accord
1483 3044 1574 3074 with
1601 3053 1673 3084 any

85 3086 322 3117 Renaissance
337 3097 344 3125 ;
382 3085 436 3117 for
473 3085 609 3117 Adrian
649 3086 727 3127 (Ep.
771 3095 842 3125 171.
913 3085 950 3116 of
961 3086 1063 3117 those
1079 3086 1288 3118 mentioned
1305 3086 1342 3117 in
1360 3086 1423 3127 Ep.
1443 3096 1505 3125 700
1522 3087 1654 3119 introd.

821 3153 935 3191 Qq2
