2034 3433
324 168 404 206 598
792 163 1044 204 LETTERS
1080 162 1150 202 OF
1185 163 1452 203 ERASMUS
1798 159 1837 214 [1
1847 172 1868 209 5
1878 175 1892 212 ¹.
1901 176 1924 210 9

326 272 423 311 huic
457 269 642 309 hominis
676 270 864 307 monstro
894 267 1068 313 credere,
1100 266 1269 304 tametsi
1298 265 1448 304 miram
1476 278 1572 315 prae
1601 277 1644 303 se
1672 265 1752 303 fert
1781 265 1926 304 sancti-

325 339 466 377 tatem.
524 333 692 373 Adiecit
720 334 935 385 praeterea
957 330 1172 381 theologos
1198 344 1343 369 omnes
1371 330 1449 369 tibi
1473 329 1683 369 aduersari
1706 343 1751 369 ac
1772 332 1928 369 contra-

325 403 469 448 dicere,
492 400 633 449 eisque
654 399 813 437 certum
833 410 920 436 esse
939 399 980 435 te
999 396 1214 435 communi
1233 396 1396 435 decreto
1411 410 1433 434 e
1448 396 1590 434 schola
1604 409 1678 435 sua
1696 396 1924 446 profligare,

327 466 433 505 nihil
464 465 508 503 in
537 465 614 503 hoc
643 464 794 502 diualia
823 462 1019 512 rescripta
1047 461 1252 508 veritur-is,
1276 474 1371 499 cum
1401 461 1489 500 Deo
1513 462 1646 511 magis
1671 461 1926 500 audiendum

268 549 309 572 10
328 532 381 570 sit
401 544 526 581 quam
544 529 815 580 principibus.

382 596 495 635 Haec
515 595 674 645 aliaque
695 594 829 633 multa
848 593 985 632 effutit
1006 592 1164 631 bestius
1185 591 1309 640 idem,

698 681 830 720 Iactat
858 683 899 720 et
930 682 974 719 in
1002 682 1091 719 toto
1122 681 1245 718 verba
1273 680 1422 718 canina
1451 679 1551 718 foro.

329 771 511 810 Proinde
536 773 587 818 te,
616 769 676 807 mi
701 769 950 807 suauissime
977 769 1156 815 Erasme,
1188 781 1260 817 per
1284 768 1420 806 Deum
1451 767 1732 805 immortalem
1760 767 1928 806 obsecro

328 836 439 874 bono
467 848 557 874 esse
589 835 742 882 animo,
778 835 901 884 atque
929 846 1041 871 nunc
1072 833 1211 883 ipsum
1240 832 1381 883 (quem
1413 845 1627 882 nunquam
1663 831 1929 881 poenitendis

272 924 283 944 1
293 923 310 954 5
329 899 911 949 commelitanis-expressisti)
925 898 1112 936 moribus
1127 900 1250 948 atque
1265 897 1501 937 inuincibili
1521 897 1766 936 fortitudine
1780 897 1929 936 referre

329 966 652 1016 Hieronymum.
714 964 808 1003 Non
841 964 921 1002 erit
951 964 1040 1012 tibi,
1075 964 1193 1002 crede
1222 963 1340 1012 mihi,
1375 965 1544 1002 tantum
1580 963 1743 1013 negocii
1773 963 1820 1001 in
1851 963 1929 1002 hoc

329 1031 559 1077 deiiciendo
581 1030 795 1080 allophylo
818 1031 1023 1080 quantum
1052 1029 1117 1067 illi
1145 1029 1190 1068 in
1216 1029 1374 1068 Ruffini
1400 1029 1603 1068 versutias
1631 1029 1783 1068 laboris
1805 1030 1930 1079 atque

329 1096 570 1147 vigiliarum
589 1096 671 1134 fuit
688 1096 1004 1135 insumendum.
1060 1095 1168 1134 Para
1190 1095 1235 1133 in
1263 1095 1430 1134 Goliam
1456 1095 1587 1133 istum
1612 1096 1797 1143 fundam,
1819 1094 1929 1145 quod

329 1165 393 1201 est
425 1162 599 1201 verbum
638 1161 726 1209 Dei,
762 1164 803 1199 et
840 1164 951 1200 recta
988 1162 1222 1211 caperatam
1259 1161 1304 1199 in
1343 1161 1524 1199 frontem
1560 1161 1713 1200 librato
1750 1160 1930 1211 lapidem

275 1239 316 1261 20
331 1227 557 1276 Christum,
582 1227 700 1265 cuius
719 1240 858 1265 amore
878 1239 1011 1265 sacras
1031 1226 1172 1265 literas
1197 1225 1467 1265 illustrandas
1490 1225 1717 1276 suscepisti.
1777 1226 1928 1276 Super—

331 1293 432 1331 bum
472 1292 568 1331 ilico
606 1294 842 1342 prosternes
879 1291 1102 1342 gigantem,
1143 1291 1371 1330 confundes
1404 1294 1446 1330 et
1481 1292 1715 1342 allophylos
1752 1292 1931 1330 caeteros

331 1357 502 1406 omneis,
538 1357 806 1407 theologistas
844 1356 1002 1395 scilicet
1037 1357 1138 1395 istos
1169 1357 1242 1406 qui
1275 1356 1321 1394 in
1352 1358 1394 1395 te
1428 1357 1682 1407 conspirasse
1716 1356 1926 1404 dicuntur,

331 1423 609 1473 adstipulante
642 1423 686 1461 in
720 1423 817 1461 haec
851 1422 976 1460 verba
1008 1421 1117 1472 apud
1151 1421 1317 1461 Esaiam
1352 1421 1513 1472 Spiritu
1547 1425 1714 1461 sancto:
1753 1422 1927 1461 Confusi

333 1490 429 1527 sunt
449 1491 490 1527 et
510 1489 765 1527 erubuerunt
784 1501 928 1527 omnes
947 1488 1085 1535 simul,
1108 1488 1303 1526 abierunt
1328 1487 1373 1525 in
1398 1488 1641 1527 confusione
1667 1488 1931 1527 fabricatores

276 1567 313 1598 25
332 1568 529 1593 errorum.

386 1619 498 1667 Vale,
532 1619 894 1669 desyderatissime
925 1618 985 1656 mi
1018 1618 1228 1668 Desyderi,
1265 1621 1307 1656 et
1336 1619 1407 1668 qui
1435 1619 1573 1657 valeas
1605 1632 1774 1669 corpore
1806 1621 1931 1669 atque

332 1683 484 1732 animo,
527 1683 646 1723 nobis
684 1684 994 1734 quamprimum
1031 1682 1275 1734 significato.
1348 1685 1412 1723 Ex
1449 1685 1723 1734 Aquisgrano.
1763 1698 1802 1723 x.
1844 1684 1927 1723 Cal.

332 1749 488 1788 Iunias.

388 1814 438 1852 D.
464 1815 626 1862 Cantor,
649 1814 1020 1864 Vicepraepositus‚
1048 1813 1300 1852 Schonraide
1327 1817 1368 1853 et
1394 1814 1465 1853 alii
1489 1815 1723 1865 complures
1750 1815 1930 1855 salutem

274 1895 316 1926 30
334 1882 457 1930 atque
477 1879 693 1919 victoriam
713 1879 914 1918 animitus
933 1879 1012 1918 tibi
1030 1879 1322 1929 imprecantur,
1341 1882 1516 1930 tuasque
1534 1879 1676 1919 literas
1696 1882 1767 1920 aut
1783 1881 1930 1931 episto·

333 1945 439 1984 lium
465 1944 616 1984 saltem
642 1945 976 1996 praestolantur:
1014 1944 1118 1983 item
1141 1944 1190 1983 D.
1224 1944 1459 1994 Hasebart„
1475 1945 1680 1985 confrater
1707 1948 1858 1996 noster,
1890 1948 1932 1985 te

335 2024 498 2062 quoque
517 2012 639 2061 atque
661 2010 842 2049 Neuium
863 2010 1014 2049 salutat
1035 2009 1279 2060 plurimum.

807 2176 904 2216 973.
967 2175 1032 2215 To
1065 2175 1284 2217 RICHARD
1317 2175 1457 2218 FoxE.

383 2244 548 2290 Farrago
566 2255 602 2288 p.
625 2245 702 2288 156.
1652 2246 1846 2292 Antwerp.

383 2302 420 2337 F.
440 2315 475 2347 p.
495 2312 583 2346 300:
611 2300 701 2337 HN:
730 2301 842 2337 Lond.
864 2301 910 2336 vi.
928 2311 991 2336 22:
1020 2301 1091 2336 LB.
1111 2312 1190 2348 423.
1612 2313 1653 2349 25
1675 2304 1763 2350 May
1783 2315 1885 2350 1519.

380 2383 565 2425 [Between
581 2383 642 2413 the
659 2383 833 2414 outbreak
849 2382 887 2414 of
898 2383 960 2414 the
976 2383 1134 2414 troubles
1147 2384 1238 2414 with
1257 2383 1323 2415 Lee
1335 2386 1384 2424 (p.
1401 2384 1479 2424 203)
1490 2384 1562 2415 and
1577 2385 1640 2415 the
1657 2385 1878 2425 publication
1894 2388 1933 2418 of

337 2428 374 2468 E,
397 2436 478 2466 1519
494 2427 524 2457 is
539 2427 602 2457 the
620 2427 707 2466 only
722 2436 806 2466 year
824 2427 862 2457 in
880 2426 999 2457 which
1024 2427 1192 2458 Erasmus
1208 2437 1281 2458 was
1301 2429 1337 2458 at
1354 2428 1529 2467 Antwerp
1547 2439 1593 2459 on
1610 2439 1652 2468 25
1669 2429 1771 2469 May;
1795 2440 1833 2460 so
1848 2431 1929 2463 that

336 2471 412 2502 this
442 2470 551 2501 letter
581 2471 612 2501 is
643 2471 776 2510 clearly
803 2472 1079 2510 contemporary
1102 2471 1193 2501 with
1219 2471 1281 2511 Ep.
1311 2481 1387 2510 974.
1434 2471 1468 2501 It
1496 2471 1526 2502 is
1554 2472 1754 2504 noticeable
1781 2474 1863 2505 that
1889 2475 1928 2506 in

336 2515 500 2555 printing
521 2514 550 2545 it
574 2514 745 2545 Erasmus
770 2516 807 2545 at
823 2514 901 2545 first
921 2514 1135 2553 suppressed
1158 2514 1258 2546 Lee's
1274 2524 1380 2545 name
1398 2525 1405 2545 ε
1429 2515 1492 2545 but
1509 2515 1554 2554 by
1571 2516 1635 2547 the
1651 2517 1740 2547 time
1757 2516 1786 2548 F
1799 2527 1872 2549 was
1887 2519 1928 2550 in

336 2559 579 2599 preparation,
599 2557 661 2588 the
679 2560 826 2598 rupture
843 2557 934 2588 with
958 2558 1026 2588 Lee
1052 2558 1124 2589 had.
1147 2558 1292 2589 become
1309 2568 1411 2598 open,
1430 2558 1502 2589 and
1519 2559 1621 2589 there
1637 2569 1709 2591 was
1726 2570 1772 2592 no
1788 2560 1930 2594 further

339 2602 428 2633 need
444 2602 497 2632 for
513 2602 767 2633 concealment.

531 2694 579 2722 14.
605 2693 702 2715 nunc
719 2687 768 2715 E:
793 2684 888 2715 hunc
906 2688 945 2715 Ν.
1091 2694 1142 2723 3ο.
1172 2685 1416 2724 imprecantur
1432 2687 1480 2715 E:
1503 2688 1698 2724 precantur
1713 2689 1748 2717 F.

380 2784 410 2813 9.
437 2774 588 2815 diualia]
606 2773 791 2813 Imperial.
1257 2772 1489 2813 Schonraide]
1517 2773 1614 2804 John
1645 2775 1684 2805 of
1710 2775 1935 2808 Schoenrode

386 2828 433 2848 12.
460 2817 592 2857 Iactat]
609 2817 662 2848 Cf.
681 2818 743 2848 Ov.
761 2819 808 2848 lb.
826 2827 900 2856 232.
1170 2815 1209 2856 (†
1220 2815 1314 2847 June
1335 2819 1446 2857 1542),
1464 2817 1587 2848 Canon
1611 2818 1684 2849 and
1703 2818 1932 2858 Subdeac0n;

386 2871 432 2899 19.
458 2860 673 2902 caperatam]
692 2860 744 2892 Cf.
766 2860 880 2891 Plaut.
897 2863 990 2897 Epid.
1009 2861 1085 2898 609.
1170 2868 1227 2889 see
1242 2859 1275 2890 J.
1294 2860 1456 2900 Strange,
1477 2863 1652 2899 Genealoyz'e
1673 2863 1934 2894 deff-‘Herrmwn

383 2915 434 2943 23.
460 2904 617 2945 Esaiam]
643 2913 698 2945 45.
728 2905 776 2943 16,
805 2904 925 2935 where
953 2903 1016 2935 the
1047 2913 1101 2934 ac·
1169 2905 1327 2942 Bonqara,
1349 2904 1442 2944 1866,
1461 2914 1494 2943 p.
1513 2905 1562 2936 18.

339 2948 464 2987 cepted
481 2948 630 2988 reading
645 2949 676 2978 is
714 2971 722 2986 ‚
741 2950 846 2978 sivnul.
1213 2955 1264 2985 31.
1277 2946 1471 2988 Hasebart]
1485 2947 1932 2989 EgidiusHasebart‚Vica-

383 3001 435 3030 29.
462 2991 608 3032 Cantor]
624 2991 688 3022 See
705 2991 768 3030 Ep.
786 2991 859 3029 867.
883 3000 943 3021 112
960 3000 997 3021 11.
1171 2989 1247 3020 rius
1261 2991 1400 3030 regius;
1416 3001 1474 3022 see
1484 2991 1641 3032 Heusch,
1655 2994 1796 3024 Nomina
1804 2997 1932 3026 camni-

415 3034 741 3075 Vicepraepositus]
755 3035 819 3065 See
831 3035 894 3073 Ep.
904 3035 978 3072 867.
998 3043 1099 3072 117n.
1168 3043 1272 3063 corwm
1288 3037 1497 3073 Αᾳτιεηείαηι,
1515 3036 1610 3075 1892,
1629 3045 1686 3076 pp.
1709 3046 1758 3077 12,
1779 3047 1828 3077 15.
