2034 3433
143 158 241 213 780]
565 161 717 201 FROM
755 160 1016 200 RIOHARD
1055 160 1315 201 SAMPSON
1652 157 1732 195 233

143 265 338 315 Vtopiam
369 267 437 305 vel
470 265 570 305 alias
601 266 716 304 illius
749 265 1053 304 lucubrationes
1089 265 1189 303 velit
1226 264 1444 315 perlegere.
1513 263 1644 300 Taceo
1683 261 1732 299 de

144 330 274 379 ipsius
302 331 346 369 in
376 330 616 381 quotidiana
643 331 730 370 vita
764 331 970 379 facilitate,
1004 330 1195 369 comitate
1233 327 1577 377 facetissimisque
1615 324 1733 364 collo-

142 395 254 444 quiis
291 397 412 446 atque
451 396 640 434 omnium
673 395 968 434 honestissima
1009 409 1174 434 morum
1212 394 1428 444 probitate.
1489 393 1554 430 En
1593 389 1734 441 quales

144 461 297 499 amicos
329 460 435 499 mihi
468 463 606 499 tecum
640 462 906 500 communes!
944 460 1013 499 sed
1045 461 1103 499 ita
1135 472 1375 498 communes
1407 460 1455 497 vt
1487 460 1628 496 tamen
1665 467 1735 494 eos
1754 465 1795 497 50

146 525 250 564 mihi
279 539 363 564 non
394 526 551 565 debeas.
610 526 858 575 Quanquam
887 525 975 575 ipse
1003 526 1104 564 satis
1131 539 1174 564 es
1202 538 1309 564 vnus
1337 526 1384 563 vt
1406 526 1446 562 te
1473 534 1735 571 summopere

145 590 330 640 diligam.
389 590 502 638 Vale,
527 590 709 629 Tornaci.
733 603 789 628 VI.
814 603 944 628 nonas
965 590 1146 629 Martias.
1169 591 1296 628 Anno
1316 600 1533 628 M.D.XV111.

550 722 645 761 781.
708 720 772 761 ΤΟ
803 719 1039 773 <W1LL1AM
1073 720 1324 774 WARHAM>.

193 809 382 846 Deventer
400 809 475 845 MS.
495 821 553 856 91,
570 810 595 846 f.
615 811 658 846 88
677 814 726 845 νο.
1456 806 1632 842 Louvain.

194 867 267 902 LB.
285 869 382 914 App.
402 869 480 913 269.
1400 877 1416 912 5
1438 866 1567 901 March
1586 865 1688 910 1518.

192 948 318 990 [There
345 958 410 980 can
439 949 481 980 be
509 958 554 979 no
578 948 692 980 doubt
720 948 800 979 that
825 948 964 979 Leclerc
991 947 1021 977 is
1049 947 1144 986 right
1172 947 1211 978 in
1238 947 1448 987 addressing
1472 946 1547 977 this
1573 946 1680 976 letter
1702 948 1737 975 to

146 991 346 1033 Warham.]

202 1070 242 1109 S.
259 1070 320 1118 P.,
351 1070 693 1109 reuerendissime
720 1069 878 1117 Presul,
906 1070 1029 1108 decus
1055 1068 1225 1107 vnicum
1254 1082 1300 1107 ac
1328 1069 1583 1119 praesidium
1611 1065 1738 1105 studi-

149 1147 267 1172 orum
308 1148 507 1174 meorum.
577 1135 704 1173 Poete
741 1147 835 1173 suas
871 1134 1032 1172 fabulas
1070 1134 1114 1172 in
1153 1134 1337 1184 quinque
1376 1133 1571 1172 diuidunt
1608 1133 1734 1170 actus.

148 1199 253 1238 Mihi
272 1213 384 1239 nunc
412 1203 539 1239 restat
565 1202 680 1238 actus
709 1200 880 1250 quintus
905 1199 1032 1238 huius
1058 1199 1318 1247 comoediae;
1349 1212 1473 1249 quem
1497 1198 1660 1236 vtinam
1681 1196 1741 1234 sic

148 1277 340 1314 peragam
363 1267 410 1304 vt
432 1265 625 1315 plausum
653 1265 859 1303 bonorum
883 1278 1050 1313 merear,
1081 1265 1264 1303 maxime
1290 1266 1334 1302 vt
1361 1264 1562 1311 Christus,
1595 1274 1743 1311 agono-

149 1330 284 1369 thetes
312 1330 458 1370 vnicus
484 1333 637 1378 noster,
670 1330 893 1381 approbet!
949 1331 1038 1368 Aut
1065 1330 1262 1369 Venetias
1291 1331 1362 1368 aut
1391 1329 1600 1367 Basileam
1627 1327 1739 1374 adeo,
1760 1340 1777 1370 5

148 1397 355 1445 vtrunque
373 1395 453 1434 iter
471 1398 564 1434 tum
583 1396 792 1446 prolixum
811 1397 902 1433 tum
921 1394 1199 1444 periculosum
1215 1409 1224 1443 ;
1251 1394 1469 1444 presertim
1489 1406 1558 1442 per
1578 1393 1742 1431 Germa-

150 1460 262 1498 niam
287 1461 424 1509 preter
450 1462 590 1499 vetera
615 1460 832 1499 latrocinia
861 1460 945 1498 iam
971 1460 1077 1510 pesti
1102 1460 1332 1508 obnoxiam,
1357 1473 1436 1509 que
1465 1458 1739 1504 Lachnerum,

149 1525 436 1563 Frobenniane
483 1525 640 1564 officine
684 1525 924 1576 principem,
965 1525 1196 1574 absumpsit
1237 1537 1332 1563 cum
1374 1524 1467 1562 aliis
1507 1521 1738 1573 permultis.

150 1590 266 1639 Quod
300 1590 336 1628 si
364 1590 531 1629 Italiam
569 1591 678 1639 adeo,
710 1591 883 1641 largiore
911 1590 1060 1629 viatico
1094 1590 1222 1628 fuerit
1252 1603 1353 1640 opus
1383 1589 1434 1628 ob
1463 1588 1598 1627 varios
1627 1598 1744 1625 casus

148 1655 221 1704 qui
240 1655 374 1693 solent
393 1658 529 1705 preter
546 1669 663 1705 spem
683 1669 901 1695 occurrere.
961 1657 1035 1694 Est
1056 1656 1100 1693 in
1119 1656 1257 1694 animo
1280 1654 1576 1693 bibliothecam
1596 1664 1743 1701 augere
1765 1665 1804 1687 10

149 1720 266 1758 libris
307 1721 487 1770 optimis,
524 1721 595 1770 qui
632 1721 782 1760 cotidie
819 1721 919 1759 noui
956 1721 1216 1759 excuduntur
1251 1721 1359 1770 apud
1398 1719 1538 1758 Italos.
1614 1718 1744 1767 Cogar

149 1786 289 1824 adesse
327 1786 446 1824 Nouo
475 1786 749 1825 Testamento.
810 1786 924 1836 Opus
953 1788 1016 1824 est
1044 1785 1310 1836 perplexum:
1352 1785 1398 1823 ni
1427 1797 1565 1823 coram
1594 1782 1741 1829 adsim,

152 1850 259 1889 nihil
292 1863 342 1888 ex
373 1852 581 1889 sententia
619 1854 838 1901 gereretur.
898 1852 1144 1900 Vbicunque
1180 1853 1387 1889 terrarum
1424 1864 1503 1899 ero,
1541 1851 1638 1888 tuus
1676 1860 1744 1886 ero

150 1915 386 1954 clientulus.
445 1916 490 1954 Si
516 1916 728 1966 continget
754 1916 898 1963 redire,
922 1918 984 1955 est
1003 1916 1169 1954 animus
1189 1917 1234 1954 in
1254 1915 1455 1964 Angliam
1480 1915 1595 1954 velut
1622 1925 1744 1951 seces-

152 1993 248 2018 sum
272 1981 478 2029 quendam
504 1981 693 2019 abditum
716 1983 1004 2031 semotumque
1035 1981 1288 2031 demigrare3
1326 1982 1367 2019 et
1395 1980 1556 2018 confido
1585 1979 1671 2016 fore
1699 1979 1746 2016 vt
1766 1993 1804 2023 15

153 2049 222 2083 tua
241 2045 475 2094 benignitas
492 2046 724 2084 fortunulas
739 2049 902 2085 nostras
920 2048 1078 2096 augeat,
1097 2045 1431 2096 quandoquidem
1445 2046 1579 2083 indies
1593 2042 1746 2081 accedit

152 2110 329 2158 senium,
358 2113 399 2148 et
428 2110 576 2149 cotidie
604 2112 736 2160 magis
764 2124 808 2150 ac
836 2112 968 2161 magis
996 2110 1184 2160 intelligo
1213 2113 1471 2160 postremum
1500 2110 1622 2159 caput
1649 2107 1748 2145 libri

156 2176 412 2213 Ecclesiaste.
470 2175 515 2214 Si
549 2189 633 2214 non
671 2176 894 2226 continget,
926 2176 1085 2215 iuuabit
1122 2176 1189 2214 vel
1227 2176 1395 2214 immori
1426 2175 1503 2225 pio,
1537 2176 1582 2213 ni
1611 2173 1744 2222 fallor,

153 2240 279 2291 operi.
337 2240 505 2279 Grocini
533 2241 741 2280 calamitas
767 2241 872 2280 mihi
898 2255 994 2280 sane
1025 2241 1168 2279 acerba
1197 2243 1269 2278 est.
1329 2241 1518 2289 Optarim
1544 2238 1747 2277 eiusmodi

156 2306 336 2356 ingeniis
352 2305 460 2355 quod
481 2307 705 2353 merentur,
726 2308 770 2344 vt
786 2319 861 2344 nec
877 2306 1042 2344 senium
1057 2318 1241 2354 vnquam
1256 2305 1440 2342 sentiant
1460 2317 1534 2342 nec
1552 2306 1742 2343 mortem.
1768 2317 1807 2339 20

157 2372 236 2411 Sed
270 2371 329 2410 ita
356 2371 495 2409 visum
526 2373 589 2408 est
621 2371 788 2409 coelesti
820 2370 998 2409 numini.
1058 2369 1399 2408 Circumferimus
1436 2382 1600 2407 sacrum
1635 2370 1747 2408 hunc

155 2438 306 2486 ignem,
333 2439 380 2474 vt
412 2435 513 2474 olim
533 2436 729 2484 Vestales,
758 2437 805 2474 in
833 2435 1012 2475 vasculis
1039 2434 1227 2473 testaceis
1243 2449 1253 2482 ;
1282 2436 1323 2473 et
1354 2434 1492 2472 nescio
1521 2448 1601 2485 quo
1630 2438 1747 2485 pacto

156 2503 289 2552 magis
309 2501 477 2540 obnoxii
505 2502 603 2539 sunt
625 2501 892 2540 mortalitatis
915 2499 1191 2539 incommodis
1220 2499 1290 2549 qui
1315 2499 1494 2538 maxime
1514 2500 1631 2549 digni
1649 2502 1748 2539 sunt

158 2566 480 2605 immortalitate.

205 2660 280 2690 780.
305 2668 357 2698 52.
381 2659 488 2689 Anno
513 2667 680 2690 unxvrn
705 2661 781 2690 add.
798 2657 861 2689 N32
894 2659 1002 2688 Anno
1026 2666 1185 2687 M.n.xnn
1209 2659 1282 2687 adel.
1301 2658 1343 2686 H.
1519 2657 1593 2687 781.
1617 2668 1648 2695 4.
1672 2659 1748 2687 LB:

160 2702 393 2743 agonothetas
408 2705 477 2733 MS.
570 2712 618 2741 17.
642 2704 716 2732 LB:
738 2705 917 2741 postremo
932 2704 1000 2732 MS.
1096 2710 1146 2739 19.
1173 2703 1245 2730 LBz
1272 2700 1423 2731 Grocine
1436 2703 1505 2732 MS.
1596 2710 1648 2731 20.
1673 2710 1749 2731 sen—

160 2747 256 2777 tiant
271 2748 399 2782 scripsi:
425 2746 561 2776 sentiut
577 2748 643 2776 MS.
660 2756 668 2776 :
692 2746 869 2776 sentirent
885 2747 949 2776 LB.
1083 2753 1138 2774 22.
1161 2746 1232 2774 LB:
1258 2743 1416 2774 testaciis
1433 2746 1501 2774 MS.

206 2845 278 2875 781.
298 2854 325 2883 7.
351 2843 461 2883 pesti]
479 2843 552 2873 But
567 2843 611 2874 cf.
631 2843 718 2882 Epp.
737 2843 846 2883 801,2.
1034 2852 1087 2881 19.
1111 2840 1519 2881 calamitas]Thestroke
1532 2841 1751 2882 ofparalysis

248 2886 488 2927 Lachnerum]
514 2886 571 2917 He
590 2896 663 2917 was
686 2887 788 2926 lying
809 2887 848 2916 ill
874 2896 919 2917 on
988 2886 1108 2916 which
1127 2885 1172 2915 he
1189 2885 1342 2915 suffered
1363 2885 1469 2915 about
1490 2895 1510 2915 a
1531 2895 1616 2924 year
1633 2887 1750 2917 before

161 2933 204 2962 26
219 2931 299 2962 Jan.
320 2931 403 2970 1518
421 2941 428 2960 ε
451 2940 508 2960 see
523 2930 595 2961 Zw.
612 2928 669 2959 Ε]
683 2939 735 2970 31,
756 2930 874 2960 where
891 2931 921 2960 it
988 2929 1046 2960 his
1063 2929 1169 2960 death
1187 2939 1194 2966 ;
1212 2929 1253 2959 cf.
1272 2928 1335 2968 Ep.
1352 2929 1413 2958 821
1433 2928 1505 2958 and
1518 2928 1630 2960 Lond.
1647 2930 1747 2961 xxiii.

160 2977 191 3005 is
216 2974 332 3005 stated
357 2976 396 3004 in
424 2983 443 3003 a
470 2975 553 3004 note
577 2973 656 3004 that
681 2974 726 3004 he
750 2973 833 3004 died
856 2973 920 3004 the
988 2983 1017 3012 5,
1038 2973 1107 3003 LB.
1125 2974 1185 3011 671
1206 2972 1343 3011 (7893).

160 3018 345 3058 following
361 3016 442 3057 day.
1031 3026 1082 3047 22.
1110 3015 1246 3056 ignem]
1265 3015 1316 3046 Cf.
1334 3015 1397 3055 Ep.
1419 3015 1491 3053 784.
1508 3016 1562 3054 46.
