2034 3433
139 171 237 226 660]
647 174 717 213 ΤΟ
755 175 990 215 GERARD
1029 176 1231 216 LISTER

1680 182 1731 221 83

138 280 296 319 indoles
330 281 528 319 maiorem
559 280 604 319 in
637 280 809 318 modum
844 280 1009 330 placuit.
1062 283 1244 321 onrem
1278 295 1365 321 esse
1398 283 1474 322 tibi
1513 297 1564 322 ex
1601 285 1729 323 animi

137 345 343 384 sententia
373 358 471 384 sane
508 345 715 394 gratulor;
756 345 860 385 faxit
892 346 1086 386 Christus
1121 350 1167 386 vt
1202 347 1281 387 ista
1314 348 1491 388 felicitas
1524 351 1580 390 sit
1612 350 1731 388 vobis

138 412 345 460 perpetua.

138 476 251 514 enim
272 489 360 523 nos,
383 476 454 514 sed
482 478 554 514 tuo
579 476 730 514 animo.
789 476 920 515 Moria
939 478 999 515 sic
1020 477 1176 516 Gallice
1195 491 1313 517 versa
1332 481 1394 517 est
1415 481 1460 518 vt
1480 479 1562 518 alia
1582 480 1732 518 dixerit

137 539 352 590 interpres,
376 553 459 578 non
481 540 618 579 solum
638 541 758 579 aliter
776 555 786 588 ;
815 543 853 579 et
877 542 1071 592 pleraque
1091 543 1260 594 reliquit
1281 556 1382 593 quae
1404 557 1488 582 non
1508 544 1725 592 intellexit,

137 605 336 655 quaedam
356 606 516 655 assequi
544 619 627 644 non
654 607 800 655 potuit.
862 606 943 646 His
973 607 1174 646 nundinis
1200 608 1330 647 exibit
1350 621 1509 648 nouum
1530 609 1729 648 volumen

136 670 420 720 Epistolarum
453 671 556 709 satis
594 684 819 721 magnum:
860 673 1060 721 proximis
1098 686 1434 724 recognoscemus
1472 688 1652 723 excusas,
1691 678 1730 714 et

136 735 289 774 additis
319 736 411 774 aliis
439 736 484 774 in
512 736 674 775 iustum
693 736 892 775 volumen
921 737 1164 788 redigemus.
1225 739 1410 777 Scribam
1435 740 1660 779 Tilmanno
1685 742 1732 779 vt

136 800 264 847 iubes,
300 814 394 839 cum
435 801 600 839 dabitur
637 815 710 851 per
749 815 872 851 quem
907 802 948 840 id
983 803 1160 850 faciam;
1199 806 1240 842 et
1275 803 1443 842 dabitur
1481 805 1728 855 propediem.

137 866 198 904 De
223 866 466 905 Enchiridio
493 879 576 904 non
606 867 706 905 satis
734 867 923 917 intelligo
952 868 1050 917 quid
1079 868 1206 915 velis3
1237 869 1339 907 situ
1363 870 1596 919 explicabis,
1624 871 1731 909 mihi

136 933 373 981 pergratum
392 932 528 970 fuerit.
588 931 632 970 Si
651 945 674 970 a
694 944 760 969 me
781 932 845 970 vis
864 932 1070 982 explicari,
1095 935 1212 972 notes
1232 936 1391 983 oportet
1413 948 1515 984 quae
1532 936 1730 975 videntur

137 995 385 1035 obscuriora.
443 996 588 1046 Siquid
608 996 733 1034 isthic
757 996 958 1036 tribuitur
977 998 1161 1046 Erasmo,
1184 1001 1256 1037 tuo
1277 1000 1445 1038 candori
1466 1001 1728 1050 potissimum

137 1061 278 1100 debeo.

191 1126 274 1165 Hie
306 1127 411 1165 serio
439 1129 569 1176 agunt
600 1127 651 1165 de
682 1126 892 1165 sarcienda
922 1127 1147 1176 concordia,
1178 1132 1320 1178 postea
1343 1142 1466 1179 quam
1496 1130 1730 1169 effuderunt

137 1205 259 1230 omne
295 1192 409 1231 virus
446 1205 598 1238 suum;
641 1191 709 1229 sed
744 1193 886 1230 tamen
921 1195 1082 1231 certum
1120 1195 1182 1231 est
1216 1194 1404 1233 animum
1444 1195 1727 1234 Christianum

136 1257 286 1307 vbique
303 1259 523 1307 praestare.
582 1255 774 1294 Demiror
800 1255 901 1295 istos
930 1258 1210 1308 euangelicam
1234 1259 1461 1308 puritatem
1488 1261 1730 1310 profitentes

136 1325 221 1360 tam
255 1335 340 1360 non
374 1320 608 1370 euangelice
645 1321 884 1359 debacchari
921 1323 965 1360 in
998 1323 1152 1361 famam
1187 1324 1384 1371 hominis,
1418 1324 1468 1362 de
1506 1325 1573 1363 his
1610 1325 1731 1364 rebus

135 1386 386 1425 blaterantes
418 1399 519 1436 quas
549 1399 634 1424 non
662 1385 914 1436 intelligunt,
944 1390 985 1425 et
1013 1388 1123 1437 apud
1154 1401 1222 1427 eos
1250 1388 1322 1438 qui
1350 1402 1435 1427 non
1464 1389 1729 1441 intelligunt:

135 1464 237 1503 quos
266 1451 480 1501 oportebat
509 1464 596 1489 non
627 1451 764 1489 solum
799 1463 885 1489 esse
919 1451 1100 1491 ludibrio
1132 1454 1271 1502 pueris
1310 1455 1585 1494 verumetiam
1622 1455 1730 1494 foras

134 1517 305 1567 lapidari
323 1516 559 1566 publicitus.
618 1516 769 1554 Vincet
789 1518 930 1555 tamen
950 1517 1116 1565 veritas,
1138 1532 1192 1557 ne
1212 1519 1366 1557 dubita.

187 1582 384 1633 Resaluta
422 1581 469 1620 D.
512 1581 724 1620 Simonem
768 1583 807 1619 et
845 1581 1037 1621 Priorem
1075 1582 1334 1633 Montanum,
1375 1584 1444 1623 sed
1492 1584 1538 1624 in
1584 1585 1731 1636 primis

134 1647 428 1687 suauissimam
465 1641 720 1685 Iustinulam
752 1648 878 1694 tuam,
918 1648 984 1686 cui
1017 1649 1157 1687 omnia
1189 1649 1295 1688 laeta
1329 1649 1542 1700 feliciaque
1575 1663 1726 1700 precor.

133 1712 324 1752 Priorem
355 1712 397 1751 S.
430 1712 608 1762 Agnetis
643 1711 830 1750 nondum
864 1712 976 1760 vidi3
1015 1726 1088 1752 nec
1121 1714 1234 1753 enim
1265 1714 1394 1763 licuit,
1430 1717 1492 1754 tot
1523 1715 1639 1754 tricis
1671 1715 1728 1755 in-

134 1778 291 1818 uoluor.
350 1778 465 1816 Bene
483 1777 584 1825 vale,
612 1777 751 1826 Lystri
772 1777 1019 1816 doctissime.

187 1842 374 1882 Louanii.
397 1855 464 1881 111.
487 1842 591 1881 Idus
611 1841 840 1892 Septembr.
893 1844 1019 1882 Anno
1039 1857 1238 1884 M.D.xv11.

177 1983 208 2012 9.
231 1972 406 2012 proximis
428 1975 462 2002 in
485 1982 605 2002 versum
627 1975 816 2009 superiorem
834 1977 899 2010 post
923 1973 1102 2004 nundinis
1123 1975 1268 2011 transfert
1283 1976 1328 2004 H.

135 2015 221 2047 foris
236 2019 282 2047 F:
307 2015 397 2046 foria
412 2018 455 2046 H.
591 2025 643 2054 23.
670 2015 711 2046 D.
729 2025 787 2048 om.
804 2019 846 2047 H.

1471 1984 1523 2006 21.
1548 1977 1577 2006 F
1593 1978 1702 2015 Corriq.
1719 1986 1726 2007 :

983 2027 1034 2056 27.
1059 2017 1168 2048 Anno
1185 2027 1339 2049 M.D.xvn
1354 2019 1426 2047 add.
1446 2020 1488 2049 H.

177 2146 207 2175 3.
233 2136 404 2177 onrem]
427 2137 497 2167 The
519 2135 706 2167 Justinula
731 2137 768 2167 of
788 2135 812 2167 l.
837 2146 902 2175 243

137 2181 181 2212 cf.
197 2180 302 2212 BRE.
321 2190 392 2220 193.

965 2138 1027 2168 the
1043 2138 1196 2177 printer.
1235 2138 1304 2168 For
1321 2137 1388 2168 five
1406 2137 1566 2169 volumes
1580 2139 1729 2178 printed

965 2181 1013 2220 by
1028 2180 1106 2211 him
1123 2181 1163 2212 in
1183 2189 1334 2221 1519-20
1349 2191 1405 2212 see
1421 2181 1444 2212 l.
1466 2191 1504 2212 12
1520 2191 1557 2212 n.
1574 2182 1646 2212 and
1660 2182 1725 2222 Ep.

178 2225 211 2254 6.
236 2223 365 2264 Moria]
383 2224 447 2254 See
462 2233 497 2263 p.
513 2223 565 2261 63.

179 2268 210 2298 8.
236 2276 373 2298 nouum
392 2265 575 2306 volumen]
595 2265 636 2297 Cl
652 2276 659 2303 ;
687 2266 730 2296 cf.
749 2266 814 2305 Ep.
827 2266 900 2304 634.

137 2320 167 2349 2,
186 2312 268 2342 note
286 2321 316 2342 2.

182 2364 234 2385 10.
258 2354 392 2385 additis
407 2351 505 2393 aliis]
523 2352 573 2384 Cf.
592 2352 655 2392 Ep.
672 2353 747 2391 634.
764 2362 784 2391 3
796 2361 830 2382 n.

221 2397 430 2438 Tilmanno]
463 2396 621 2436 Perhaps
653 2396 807 2427 Gravius
841 2394 900 2436 (cf.

136 2441 200 2482 Ep.
227 2442 305 2473 610.
329 2451 370 2480 47
394 2441 472 2481 n.);
496 2449 535 2471 or
557 2439 620 2470 the
645 2448 710 2470 son
737 2439 775 2470 of
797 2438 902 2470 Peter

135 2494 206 2516 van
223 2485 280 2524 Os,
298 2485 360 2516 the
376 2485 527 2524 printer.

182 2538 232 2560 12.
257 2527 484 2568 Enchiridio]
523 2526 640 2557 Lister
678 2524 799 2556 edited
837 2526 900 2556 the

136 2573 354 2611 Emhiridion,
377 2570 521 2609 Zwolle,
544 2570 577 2601 S.
608 2569 750 2608 Corver,
777 2580 794 2609 7
820 2569 896 2600 Oet.

141 2624 224 2654 1519
238 2615 403 2656 (Panzer)
418 2625 425 2651 ;
444 2614 487 2645 cf.
506 2613 566 2644 his
583 2612 689 2643 letter
705 2613 740 2643 to
753 2612 899 2644 Goswin

137 2658 176 2688 of
194 2657 323 2698 Halen,
344 2668 383 2697 13
406 2657 486 2689 Feb.
509 2666 603 2696 1520,
627 2656 753 2687 affixed
776 2658 813 2687 to
835 2656 899 2687 the

138 2704 384 2733 commentarioli
398 2701 478 2741 (Ep.
497 2709 560 2740 495
576 2700 739 2739 introd.).

183 2745 232 2776 16.
256 2744 459 2785 concordia]
484 2744 537 2776 Cf.
565 2744 652 2783 Epp.
677 2744 797 2782 640-1,
821 2744 896 2783 643,

135 2789 254 2820 6·0—1.

157 2807 233 2874 ὖ23.
258 2832 300 2864 D.
330 2830 532 2868 Simonem]
559 2830 731 2870 Probably
755 2830 896 2868 Corver,

964 2233 1027 2263 495
1050 2223 1184 2255 introd.
1230 2224 1277 2254 In
1308 2225 1371 2255 the
1398 2224 1622 2255 Bibliotheca
1644 2225 1727 2256 Lin-

964 2267 1110 2298 desiana
1140 2276 1200 2298 are
1230 2267 1332 2298 three
1362 2267 1478 2298 works
1513 2268 1551 2298 of
1578 2268 1727 2306 Luther,

963 2310 1086 2341 which
1108 2310 1238 2341 Corver
1259 2310 1404 2350 printed
1421 2313 1460 2342 in
1478 2320 1601 2350 152o-1
1619 2322 1628 2350 ;
1650 2321 1728 2351 per-

964 2353 1054 2394 haps
1070 2363 1108 2384 as
1126 2363 1145 2384 a
1169 2353 1281 2385 result
1302 2354 1341 2384 of
1361 2353 1504 2384 Lister's
1528 2356 1726 2386 connexion

963 2397 1053 2427 with
1093 2397 1232 2428 Luther
1268 2397 1307 2427 in
1347 2406 1432 2436 1520
1466 2397 1626 2435 (NAKG.
1662 2399 1724 2435 vii,

967 2440 1059 2479 1898,
1077 2450 1135 2480 pp.
1158 2441 1294 2480 204-5).
1339 2440 1386 2471 In
1411 2449 1496 2479 1520
1514 2440 1560 2473 110
1580 2442 1726 2482 printed

964 2483 1144 2514 Erasmus’
1165 2486 1206 2514 De
1223 2486 1316 2521 Copia
1333 2483 1483 2523 (BEr.¹).

1048 2526 1278 2568 Montanum]
1311 2527 1448 2558 Gerard
1486 2527 1526 2559 of
1557 2528 1727 2567 Kloster3

962 2580 1020 2601 see
1036 2571 1100 2611 Ep.
1119 2580 1193 2610 504.
1212 2581 1231 2601 2
1245 2580 1280 2602 n.
1312 2571 1386 2602 The
1402 2571 1485 2602 title
1497 2571 1582 2602 here
1597 2572 1684 2603 used
1695 2572 1727 2603 is

961 2614 1068 2653 given
1083 2616 1121 2645 to
1138 2614 1216 2644 him
1234 2615 1273 2645 in
1289 2614 1434 2645 Lister’s
1454 2615 1594 2654 preface
1612 2617 1648 2646 to
1663 2616 1725 2647 the

962 2660 1004 2688 De
1012 2660 1128 2696 fiyurss
1144 2661 1170 2688 ec
1185 2660 1286 2696 tropis.
1325 2658 1370 2689 In
1381 2658 1472 2689 view
1489 2658 1527 2688 of
1539 2657 1726 2690 Horawitz

962 2710 996 2732 v.
1019 2711 1058 2740 13
1074 2701 1103 2732 it
1118 2710 1233 2732 seems
1248 2701 1329 2732 that
1346 2700 1392 2732 he
1408 2702 1438 2732 is
1453 2701 1526 2732 also
1542 2701 1605 2732 the
1622 2701 1726 2733 Prior

963 2744 1002 2775 of
1021 2744 1044 2776 l.
1068 2754 1109 2784 25
1135 2745 1193 2785 (cf.
1221 2744 1283 2784 Ep.
1306 2753 1380 2784 504.
1403 2745 1519 2785 25‚6);
1548 2745 1612 2775 but
1641 2745 1670 2778 it
1695 2746 1723 2776 is

962 2788 1025 2818 not
1049 2797 1132 2827 easy
1157 2790 1194 2818 to
1217 2791 1366 2819 account
1391 2788 1644 2829 satisfactorily
1670 2789 1725 2820 for

962 2831 1023 2862 the
1039 2831 1170 2863 double
1186 2832 1348 2863 mention
1365 2832 1461 2865 here.

899 3105 969 3130 02

403 410 520 459 Quod
551 410 672 448 nobis
706 411 830 449 etiam
868 411 990 458 fauet,
1021 425 1107 450 non
1136 410 1201 450 illi
1230 412 1300 451 sed
1330 413 1406 451 tibi
1437 413 1590 461 debeo;
1620 418 1729 453 amat
1749 432 1765 462 5

1752 758 1792 780 10

1750 1407 1788 1428 20
