2034 3433
1713 149 1719 167 ί

403 184 482 224 498
862 184 1110 224 LETTERS
1147 184 1217 223 OF
1254 184 1520 224 ERASMUS
1859 184 1983 240 [1519

401 289 464 320 the
479 298 557 328 way
573 290 663 321 from
678 288 781 319 Basle
799 287 917 318 would
934 288 997 318 not
1012 296 1050 318 so
1064 287 1247 326 naturally
1260 287 1301 317 be
1318 286 1501 317 described
1517 295 1555 317 as
1575 285 1710 318 ‘adhuc
1726 289 1924 328 spirantem
1940 289 1982 320 ab

401 331 537 364 officina
549 334 568 363 ’.
615 332 686 363 The
702 331 782 363 date
799 332 829 362 is
845 331 930 362 thus
945 330 1129 362 indicated
1145 329 1302 370 closely]

534 427 628 458 DES.
661 425 864 456 ERASMVS
897 424 1075 455 DOMINO
1106 424 1311 454 MARTINO
1342 423 1499 453 LYPSIO
1531 418 1852 455 BRVXELL'ENSI.

454 508 600 555 SALVE,
623 505 858 545 charissime
879 504 1066 543 Martine.
1126 503 1214 553 Quo
1235 505 1377 542 minus
1394 504 1610 543 inuiserim
1629 506 1680 553 te,
1701 505 1982 555 occupationes

398 572 442 609 in
462 584 583 611 causa
600 572 778 611 fuerunt.
838 570 1055 610 Caeterum
1081 582 1133 607 ne
1152 569 1294 608 videar
1318 570 1539 609 immemor
1556 570 1628 618 tui,
1650 570 1773 609 mitto
1791 570 1983 612 libellum

398 636 530 676 adhuc
550 637 774 687 spirantem
793 635 844 675 ab
864 634 1034 674 officina.
1096 634 1210 673 Bene
1228 634 1329 673 vale.

787 755 941 796 ⁹21922.
1002 753 1133 795 FROM
1165 753 1352 795 MARTIN
1383 753 1590 796 LYPSIUS.

444 840 610 877 Brussels
627 840 703 876 MS.
720 842 873 887 4850-7,
889 840 916 875 f.
937 849 1003 884 147
1023 843 1062 873 v⁰
1081 838 1144 884 (α).
1666 839 1846 875 Louvain.

443 898 631 935 Horawitz
648 898 724 934 MS.
742 912 778 945 p.
798 909 853 944 37.
1586 895 1641 943 (c.
1660 897 1814 944 March>
1836 907 1935 945 1519.

442 957 626 993 Horawitz
644 969 675 993 v.
694 968 713 992 2
733 957 801 1003 (β).

442 1031 532 1071 [The
553 1031 740 1063 difference
762 1032 923 1062 between
943 1031 1005 1062 the
1027 1031 1122 1061 texts
1144 1028 1182 1060 of
1203 1040 1223 1059 α
1245 1028 1316 1060 and
1336 1030 1358 1063 β
1384 1029 1415 1060 is
1439 1029 1694 1061 considerable.
1740 1031 1815 1062 One
1830 1031 1983 1072 perhaps

399 1076 599 1115 represents
619 1085 664 1105 an
689 1075 816 1106 earlier
836 1074 942 1114 draft,
961 1074 1024 1105 the
1045 1074 1150 1105 other
1172 1072 1233 1103 the
1258 1072 1364 1103 letter
1386 1073 1545 1113 actually
1567 1075 1657 1105 sent.
1704 1074 1757 1104 On
1781 1074 1843 1106 the
1865 1075 1983 1106 whole

400 1120 417 1149 1
433 1119 523 1149 have
539 1119 645 1158 given
662 1118 720 1149 the
736 1119 939 1158 preference
955 1120 992 1149 to
1009 1119 1032 1152 β
1048 1118 1088 1148 in
1100 1118 1175 1147 text
1187 1116 1258 1147 and
1272 1116 1384 1157 order,
1400 1117 1464 1147 but
1476 1117 1567 1148 have
1579 1117 1741 1148 followed
1754 1118 1817 1148 the
1830 1118 1983 1159 spelling

399 1162 437 1193 of
449 1174 478 1194 α.
527 1162 545 1192 Ι
561 1162 653 1192 have
667 1162 741 1193 also
757 1161 858 1193 made
874 1161 1030 1192 without
1046 1161 1210 1192 mention
1227 1169 1247 1190 a
1263 1159 1331 1190 few
1346 1169 1533 1200 necessary
1545 1162 1759 1192 corrections
1774 1162 1814 1192 in
1829 1161 1893 1193 the
1904 1164 1982 1194 text

400 1206 437 1236 of
455 1207 488 1239 β.
534 1206 584 1236 As
607 1206 669 1245 Ep.
691 1215 752 1244 921
778 1206 843 1236 has
866 1206 913 1236 its
936 1205 1135 1245 argument,
1154 1203 1297 1243 Lipsius
1321 1204 1405 1244 only
1420 1204 1569 1244 prefixes
1589 1204 1673 1236 here
1689 1205 1781 1235 ina:
1801 1205 1981 1245 ‘Epistola

398 1249 547 1281 Martini
563 1249 807 1280 Bruxellensis
823 1249 865 1280 D.
884 1249 1032 1280 Erasmo
1047 1246 1336 1288 respondentis.']

418 1335 591 1368 INSIGNI
622 1335 794 1367 SACRAE
823 1335 1111 1366 THEOLOGIAE
1140 1333 1412 1365 PROFESSORI
1442 1333 1538 1364 DES.
1563 1334 1742 1365 ERASMO
1772 1334 1967 1366 ROTERO-

608 1405 735 1435 DAMO
765 1404 998 1435 MARTINVS
1029 1403 1210 1434 LYPSIVS
1240 1402 1574 1433 BRVXELLENSIS
1605 1403 1641 1434 S.
1662 1403 1699 1434 P..
1722 1403 1764 1433 D.

449 1474 602 1514 FAonffl
631 1476 876 1515 crediderim
901 1478 942 1515 te
969 1476 1282 1526 occupationum
1308 1475 1580 1514 multitudine
1603 1475 1897 1526 praepeditum,
1921 1476 1981 1514 mi

395 1540 574 1589 Erasme,
591 1555 644 1580 ne
662 1543 703 1580 et
721 1554 789 1580 me
807 1541 999 1580 inutilem
1018 1541 1246 1579 amiculum
1266 1540 1475 1579 inuiseres.
1521 1540 1600 1579 Sed
1619 1541 1712 1591 quis
1729 1554 1814 1580 non
1832 1541 1981 1580 saltem

395 1605 598 1654 patienter
623 1606 786 1645 Erasmi
811 1607 919 1645 ferat
942 1606 1183 1654 absentiam,
1207 1605 1333 1644 etiam
1358 1605 1644 1654 amicissimus,
1669 1605 1706 1644 si
1732 1619 1815 1644 non
1835 1606 1981 1657 iniqua

395 1670 546 1709 mentis
574 1671 729 1710 amussi
762 1671 923 1710 librarit
956 1684 1080 1722 quam
1112 1671 1319 1721 frugifera,
1355 1683 1480 1720 quam
1513 1671 1657 1709 decora
1689 1672 1740 1720 et,
1772 1673 1819 1709 vt
1851 1672 1979 1710 semel

358 1752 376 1783 5
398 1735 540 1785 dicam,
565 1750 688 1786 quam
708 1737 944 1776 Christiana
964 1737 1048 1776 sint
1069 1736 1141 1775 illa
1158 1738 1229 1774 tua
1247 1736 1422 1786 negocia,
1442 1748 1544 1786 quae
1563 1738 1603 1774 te
1624 1749 1646 1774 a
1672 1749 1715 1774 se
1738 1736 1979 1776 diuellunt‘?

396 1800 499 1839 Mihi
531 1804 636 1840 certe
668 1815 752 1841 non
785 1802 909 1841 modo
942 1814 1185 1852 persuasmn
1219 1801 1289 1840 sed
1323 1801 1447 1839 etiam
1481 1801 1683 1840 creditum
1716 1803 1789 1849 est,
1820 1803 1861 1840 te
1893 1815 1977 1840 non

394 1867 558 1904 tantum
602 1869 673 1906 tua
714 1868 989 1906 verumetiam
1032 1867 1210 1917 teipsum
1254 1866 1492 1916 impendere
1529 1865 1705 1905 vtilitati
1747 1866 1978 1906 Catholicae

395 1931 608 1971 Ecclesiae.
668 1932 884 1971 Caeterum
904 1933 1013 1983 quod
1032 1931 1206 1982 plurimi
1224 1944 1309 1970 non
1329 1930 1464 1970 solum
1485 1930 1526 1969 id
1547 1944 1631 1969 non
1651 1931 1884 1980 attendunt,
1907 1932 1977 1970 sed

395 1995 561 2046 insuper
588 1998 637 2036 de
669 1997 862 2037 omnibus
892 1997 995 2036 bene
1025 1997 1173 2035 mereri
1201 1996 1438 2035 studentem
1469 1996 1560 2035 odio
1588 1999 1898 2047 prosequuntur,
1930 1999 1976 2036 vt

337 2076 376 2099 10
395 2062 627 2101 caecitatem
647 2062 800 2111 sileam,
823 2063 933 2102 istud
953 2075 1097 2102 causae
1116 2064 1188 2111 est,
1212 2061 1321 2112 quod
1341 2061 1554 2100 hominem
1572 2063 1735 2112 poetam
1755 2062 1974 2101 rhetorem-

393 2140 471 2177 que
491 2126 552 2176 (vt
571 2127 738 2177 dicunt),
756 2130 797 2166 at
812 2128 1052 2179 theologum
1071 2127 1341 2178 perexiguum
1359 2127 1437 2166 hoc
1457 2126 1663 2165 scribendi
1681 2129 1975 2178 argumentum

394 2191 612 2242 arripuisse
630 2193 895 2244 conspiciunt.
957 2193 1034 2233 Sed
1062 2193 1170 2232 absit
1192 2194 1238 2232 vt
1264 2192 1411 2230 horum
1439 2192 1674 2243 opinionem
1693 2194 1888 2243 sequatur
1907 2206 1975 2232 cor

392 2269 541 2296 meum.
1204 2265 1216 2274 ‘

446 2321 539 2361 Iam
572 2323 679 2373 quod
711 2323 914 2373 libellum,
950 2323 1036 2362 imo
1068 2323 1224 2362 librum
1258 2323 1308 2362 ad
1342 2336 1409 2362 me
1442 2322 1606 2371 misisti,
1641 2323 1764 2374 idque
1797 2323 1848 2362 ob
1881 2337 1971 2363 eam

337 2399 374 2431 15
393 2399 554 2426 causam
583 2400 634 2426 ne
663 2388 745 2426 mei
773 2388 993 2426 immemor
1020 2388 1208 2435 videaris,
1239 2388 1371 2427 fateor
1398 2387 1553 2426 erubui.
1612 2387 1691 2427 Sed
1720 2390 1816 2427 esto.
1878 2388 1973 2428 Non

392 2455 540 2500 tamen,
562 2453 622 2491 mi
649 2453 828 2499 Erasme,
853 2452 1083 2503 periculum
1108 2455 1171 2492 est
1199 2466 1266 2491 me
1291 2452 1354 2491 tui
1378 2452 1464 2491 fore
1491 2452 1787 2501 immemorem,
1811 2454 1883 2504 qui
1910 2455 1973 2493 tot

392 2517 631 2556 nominibus
651 2530 695 2557 ac
712 2518 943 2557 numerosis
958 2517 1125 2557 calculis
1139 2517 1392 2568 praeuenisti
1406 2519 1446 2556 et
1461 2517 1703 2557 subsecutus
1722 2531 1766 2557 es
1780 2518 1971 2558 friuolam

393 2584 575 2622 nostram
594 2583 834 2623 amiciciam.
885 2582 989 2621 Mihi
1010 2596 1115 2634 ergo,
1133 2582 1239 2621 mihi
1259 2583 1402 2621 haecce
1420 2582 1547 2622 verba
1566 2585 1810 2632 congruunt,
1830 2597 1970 2622 meum

394 2647 498 2686 istuc
531 2649 592 2686 est
623 2648 863 2698 suppliciter
893 2648 965 2687 abs
998 2649 1039 2686 te
1071 2648 1265 2698 flagitare,
1301 2647 1371 2697 qui
1407 2647 1515 2686 nihil
1547 2648 1753 2687 amiciciae
1786 2661 1967 2698 prosum,

333 2723 374 2745 20
395 2711 689 2751 necessitudini
717 2715 854 2763 presto
887 2713 1005 2752 nihil.
1065 2713 1144 2751 Sed
1173 2714 1214 2751 et
1242 2713 1319 2751 hoc
1347 2712 1430 2751 tuis
1458 2712 1614 2752 accedit
1642 2713 1842 2763 laudibus,
1874 2715 1968 2756 tuae

434 2814 509 2846 921.
532 2824 594 2846 ΤΠ.
618 2817 690 2846 add.
708 2816 743 2850 β.
844 2815 919 2846 922.
943 2824 1004 2846 rrr.
1029 2816 1051 2850 β
1067 2826 1073 2845 :
1097 2825 1128 2845 D.
1149 2824 1284 2846 ERASMO
1299 2824 1431 2845 msmm
1446 2824 1623 2846 THEOLOGO
1639 2824 1666 2847 s,
1685 2825 1716 2848 P.
1733 2827 1762 2847 α.
1863 2825 1892 2848 1.
1916 2816 1968 2846 mi

393 2857 536 2888 Erasme
552 2861 625 2890 add.
642 2860 675 2892 β.
777 2867 808 2897 3.
832 2859 855 2893 β
871 2869 878 2889 :
902 2858 990 2890 feret
1006 2869 1036 2890 α.
1139 2860 1169 2889 6.
1196 2859 1219 2893 β
1237 2870 1244 2890 :
1268 2860 1360 2898 certe
1375 2869 1405 2889 α.
1495 2860 1605 2889 etiam
1621 2861 1644 2893 β
1660 2870 1668 2890 z
1689 2860 1725 2889 et
1741 2871 1771 2889 a.
1877 2869 1906 2898 7.
1931 2860 1966 2890 te

392 2900 509 2939 ipsum
525 2902 567 2935 B:
592 2903 627 2932 et
642 2902 795 2942 teipsum
812 2913 842 2934 α.
995 2912 1028 2942 9.
1053 2902 1199 2941 insuper
1215 2926 1223 2933 .
1241 2925 1248 2932 .
1267 2925 1275 2933 .
1293 2904 1559 2941 prosequuntur
1574 2904 1597 2937 β
1613 2914 1620 2933 :
1643 2903 1887 2943 contemnunt,
1905 2902 1966 2933 sed

392 2944 529 2984 odiunt,
547 2944 607 2975 sed
622 2945 866 2976 naucifaciunt
881 2956 910 2977 α.
1023 2955 1072 2977 12.
1098 2945 1166 2976 Sed
1185 2970 1192 2977 .
1213 2968 1221 2977 .
1236 2969 1244 2976 .
1267 2954 1315 2983 13.
1335 2955 1456 2976 meum
1471 2947 1494 2980 β
1509 2957 1516 2976 :
1540 2946 1586 2976 In
1602 2945 1730 2977 horum
1746 2946 1866 2985 itaque
1883 2954 1964 2976 con·

391 2986 507 3018 silium
523 2997 595 3019 non
611 2987 721 3019 intret
737 2989 857 3019 anima
872 2998 950 3020 mea
965 3000 996 3020 α.
1090 2998 1138 3027 14.
1163 2988 1269 3027 idque
1283 2989 1324 3019 ob
1338 2998 1415 3020 eam
1426 2990 1450 3023 β
1466 3000 1472 3019 :
1495 2998 1644 3027 eamque
1657 2989 1699 3020 ob
1712 3001 1742 3021 a.
1832 2989 1880 3019 16.
1906 2997 1964 3019 me

390 3029 442 3059 tui
458 3029 531 3060 fore
547 3032 569 3065 β
584 3042 591 3061 :
613 3040 658 3062 ne
674 3032 745 3062 mei
762 3034 796 3063 te
811 3033 934 3071 putem
950 3043 980 3063 α.
1117 3041 1163 3071 19.
1189 3032 1249 3063 abs
1264 3033 1287 3066 β
1301 3043 1308 3064 z
1333 3042 1354 3063 a
1369 3043 1400 3063 α.
1488 3033 1530 3066 βε
1557 3032 1744 3073 efflagitare
1760 3043 1788 3062 a.
