2034 3433
150 152 248 233 937]
667 180 737 218 To
775 179 1039 219 WILLIAM
1079 179 1228 218 GROY
1659 181 1736 218 565

146 286 426 335 temperatura
453 284 587 334 fingit,
610 284 669 323 ita
695 285 810 323 decet
836 283 1109 322 summatium
1133 283 1267 323 vitam
1292 282 1477 322 vicissim
1507 283 1738 323 studiorum

147 349 236 388 ocio
254 363 473 400 rerumque
493 350 768 400 gerendarum
787 349 956 399 negocio
975 349 1205 399 temperari.

201 415 281 454 Sed
308 429 389 466 quo
408 416 555 465 rapior,
583 415 738 454 oblitus
757 414 976 465 epistolam
1000 414 1176 453 scribere
1199 427 1275 463 me,
1297 417 1339 453 et
1358 414 1531 453 scribere
1550 413 1739 463 Principi

147 483 234 520 tam
253 481 503 520 excellenti?
530 481 648 520 cuius
673 480 890 531 prudentia
914 493 981 518 me
1008 479 1214 518 monitore
1239 493 1324 518 non
1350 482 1450 530 eget,
1472 479 1543 518 sed
1567 478 1740 517 felicitas
1761 491 1822 513 120

148 546 282 596 magis
312 546 441 596 exigit
470 548 517 585 vt
547 546 815 596 gratulemur.
874 545 953 584 Sed
983 546 1132 595 volupe
1160 545 1240 583 fuit
1266 546 1311 584 in
1337 545 1542 584 bonorum
1570 546 1740 583 tuorum

150 611 539 650 commemoratione
569 611 725 650 diutius
753 611 919 659 versari,
949 610 1121 649 Praesul
1146 610 1272 649 huius
1299 610 1446 649 aetatis
1473 609 1740 660 praecipuum

147 679 469 716 ornamentum:
504 677 654 727 quibus
692 679 883 726 optamus
920 689 1082 726 semper
1115 675 1269 726 aliquid
1308 676 1507 723 accedere,
1539 677 1585 714 vt
1619 674 1740 713 nobis

147 753 305 779 nouum
325 741 500 780 subinde
520 741 755 791 gratulandi
780 742 1076 792 argumentum
1102 740 1396 789 suppeditetur,
1420 740 1522 778 dum
1540 741 1586 778 tu
1606 739 1740 778 indies

147 807 187 843 te
207 805 298 856 ipso
318 807 448 845 maior
467 820 511 845 ac
530 807 678 845 melior
697 807 892 845 redderis.
950 805 1066 854 Quod
1087 805 1260 843 alternis
1279 818 1390 843 nunc
1409 805 1607 854 linguam,
1627 817 1740 842 nunc
1761 818 1820 850 125

149 870 356 909 calamum
372 884 546 919 exerces,
561 871 762 910 maiorem
777 871 822 909 in
837 871 1008 909 modum
1024 869 1150 920 probo
1165 885 1174 909 t
1196 883 1277 919 quo
1292 869 1501 907 lubentius
1517 869 1596 908 tibi
1609 868 1737 918 parui,

150 935 246 974 licet
280 936 436 987 alioqui
474 936 816 985 districtissimus,
845 938 892 975 vt
924 935 1070 975 stilum
1109 937 1231 973 tuum
1269 930 1543 985 prouocarem.
1603 934 1741 973 Habet

149 1000 198 1040 R.
220 1001 264 1039 T.
290 1000 338 1039 D.
363 1001 579 1051 epistolam
607 1001 672 1040 bis
700 1001 809 1040 male
838 1002 1043 1051 scriptam,
1070 1013 1115 1039 ac
1143 1013 1287 1039 vereor
1316 1000 1441 1038 etiam
1469 1013 1521 1038 ne
1547 1000 1588 1038 τὸ
1618 1000 1741 1049 τρίτον

148 1065 376 1114 molestam,
401 1067 509 1116 quod
529 1079 614 1104 non
633 1066 775 1105 minus
800 1066 960 1116 prolixa
985 1066 1039 1105 sit
1064 1078 1188 1116 quam
1208 1064 1431 1103 incondita.
1488 1065 1644 1104 Verum
1663 1065 1740 1102 hac

146 1131 190 1168 in
220 1133 334 1181 parte
363 1132 483 1170 nobis
511 1131 678 1181 aequior
707 1132 764 1170 sis
795 1133 965 1182 oportet,
997 1132 1069 1182 qui
1098 1131 1314 1169 tibicinem
1342 1130 1598 1169 Arrhabium
1626 1129 1671 1168 in
1699 1131 1740 1168 te
1763 1147 1823 1178 130

149 1196 392 1245 prouocaris.
456 1197 501 1235 Si
529 1197 765 1247 dignaberis
793 1197 906 1236 hunc
932 1197 1153 1236 Erasmum
1177 1196 1386 1235 famulitio
1412 1198 1484 1234 tuo
1503 1195 1736 1243 asscribere,

146 1274 221 1310 ego
258 1261 350 1300 faxo
388 1262 572 1301 vicissim
610 1265 656 1301 vt
689 1263 767 1300 tibi
803 1263 914 1301 inter
946 1262 1208 1301 Guilhelmos
1241 1262 1295 1300 sit
1323 1262 1438 1300 locus
1470 1261 1740 1310 praecipuus3

149 1327 314 1375 quando
333 1340 488 1366 nomen
508 1328 585 1366 hoc
605 1328 711 1366 mihi
730 1341 803 1367 eeu
823 1329 907 1367 fato
927 1329 1106 1379 quodam
1125 1327 1305 1366 amicum
1324 1340 1370 1365 ac
1393 1339 1634 1377 prosperum
1654 1338 1741 1364 esse

147 1391 281 1430 video.
342 1393 534 1442 Longum
563 1393 618 1431 sit
646 1406 856 1432 recensere
885 1407 1051 1441 omnes;
1085 1393 1156 1431 sed
1184 1395 1225 1431 te
1253 1406 1339 1430 non
1367 1391 1548 1441 pudebit,
1583 1392 1738 1441 opinor,

150 1457 197 1496 Gr.
220 1457 593 1508 Archiepiscopum
623 1458 973 1508 Oantuariensem,
1005 1458 1295 1497 Guilhelmum
1324 1457 1604 1504 Monteioium,
1628 1456 1742 1494 (11111-
1761 1474 1820 1506 135

150 1521 340 1561 helmum
377 1523 594 1562 Budaeum
632 1523 781 1562 habere
820 1524 1003 1563 comites.
1062 1524 1107 1562 Si
1141 1524 1239 1574 quid
1269 1524 1348 1562 erit
1378 1523 1423 1561 in
1457 1536 1536 1572 quo
1565 1522 1612 1560 R.
1628 1521 1673 1560 T.
1690 1521 1738 1559 D.

150 1589 337 1626 nostram
354 1587 533 1638 opellam
548 1589 822 1639 desyderabit,
839 1590 948 1639 quod
963 1589 1075 1628 volet
1090 1589 1280 1639 iniunget
1294 1588 1457 1627 homini
1473 1586 1741 1638 cupidissimo

146 1652 225 1691 tibi
245 1655 410 1703 gratum
429 1653 620 1693 faciendi.
678 1654 793 1694 Bene
812 1655 948 1695 valeat
968 1655 1012 1694 E.
1030 1656 1074 1694 Τ.
1092 1655 1139 1693 R.
1156 1655 1205 1695 D.

201 1718 391 1767 Louanii,
413 1716 560 1771 [Anno
579 1717 820 1773 M.D.xv111].

542 1850 733 1907 ⁹⁵⁷958959
793 1850 924 1892 FRoM
958 1850 1176 1892 WILLIAM
1210 1849 1349 1893 Cnor.

195 1918 360 1964 Farrago
377 1931 412 1964 p.
433 1929 514 1964 349.
1445 1916 1624 1954 Louvain.

197 1975 235 2011 F.
254 1988 290 2021 p.
309 1984 402 2019 447:
429 1975 524 2011 HN:
552 1976 667 2012 Lond.
684 1977 733 2012 xi.
754 1986 795 2021 7:
822 1977 893 2014 LB.
913 1987 993 2022 350.
1381 1975 1434 2022 <c.
1453 1976 1542 2021 May
1564 1973 1689 2021 1519.)

314 2078 354 2108 G.
380 2077 543 2109 CROIVS
574 2078 852 2109 CARDINALIS
881 2078 1061 2109 ERASMO
1091 2078 1397 2109 ROI'ERODAMO
1430 2078 1511 2108 SVO
1543 2078 1577 2108 S.

204 2160 364 2197 Accam
391 2158 607 2208 epistolam
637 2160 768 2206 tuam,
788 2159 849 2196 mi
876 2159 1058 2207 Erasme,
1082 2172 1205 2209 quam
1235 2159 1384 2209 quibus
1411 2159 1550 2198 verbis
1577 2159 1741 2197 laudem

150 2223 333 2273 profecto
380 2224 527 2272 nescio,
577 2226 664 2262 tam
711 2225 772 2262 est
818 2224 995 2274 elegans,
1037 2225 1123 2263 tam
1171 2224 1343 2272 erudita,
1384 2224 1448 2262 tui
1494 2226 1741 2274 tuarumque

152 2288 393 2336 simillima3
423 2290 488 2327 cui
517 2289 618 2327 dum
648 2290 884 2339 respondeo,
907 2289 1011 2328 illud
1038 2291 1100 2328 est
1126 2289 1232 2328 mihi
1257 2290 1329 2328 abs
1354 2291 1396 2327 te
1418 2290 1736 2339 impetrandum,

151 2356 199 2393 vt
217 2353 335 2392 facile
353 2353 461 2392 feras
480 2367 546 2392 me
566 2367 652 2393 non
671 2354 792 2393 aliter
811 2354 978 2405 quidem
996 2357 1119 2404 atque
1137 2357 1184 2393 tu
1204 2355 1333 2393 sentis
1352 2356 1518 2405 sent-ire,
1533 2356 1604 2394 sed
1623 2355 1743 2394 aliter

152 2421 262 2458 certe
299 2418 522 2458 disserere:
553 2420 678 2470 idque
717 2433 791 2469 ego
825 2420 974 2458 faciam
1003 2421 1048 2458 vt
1081 2420 1152 2458 ille
1183 2420 1292 2470 apud
1326 2420 1547 2459 Platonem
1585 2421 1741 2461 Glauco
1759 2438 1777 2470 5

151 2483 357 2522 iusticiam
376 2483 628 2533 vituperans,
653 2498 733 2534 quo
759 2486 810 2523 ad
837 2485 978 2524 laudes
1003 2485 1118 2523 illius
1142 2486 1280 2523 tantae
1304 2485 1472 2524 virtutis
1490 2487 1741 2526 Socraticam

153 2550 391 2598 prouocaret
409 2549 656 2588 facundiam.
717 2550 854 2598 Quum
882 2551 998 2589 velut
1021 2564 1092 2600 per
1118 2551 1267 2600 gradus
1292 2551 1490 2600 quosdam
1510 2551 1560 2589 ad
1580 2551 1742 2591 animae

158 2613 370 2653 felicitatis
416 2614 849 2653 commemorationem
887 2615 1015 2664 venis,
1056 2615 1224 2665 probare
1261 2615 1395 2665 magis
1429 2615 1585 2655 videris
1632 2616 1742 2655 Peri-

201 2710 275 2741 957.
305 2719 375 2741 121.
401 2711 468 2742 Sed
484 2714 534 2742 E:
558 2712 607 2742 At
623 2716 658 2743 F.
796 2723 866 2752 127.
894 2713 1013 2744 Habet
1029 2713 1069 2744 R.
1087 2713 1123 2743 Τ.
1143 2713 1184 2743 D.
1203 2715 1252 2743 E:
1277 2713 1395 2744 Habes
1410 2716 1451 2745 H.
1600 2724 1660 2753 135
1697 2715 1739 2746 G.

159 2756 209 2784 E:
234 2753 455 2785 Gulielmum
472 2758 514 2786 H.
681 2757 751 2795 136.
778 2756 818 2787 R.
836 2757 873 2788 T.
892 2756 935 2787 D.
952 2759 981 2787 E
997 2768 1004 2787 :
1027 2758 1090 2787 tua
1107 2755 1309 2787 sublimitas
1324 2759 1366 2788 H.
1529 2758 1599 2796 138.
1624 2758 1741 2790 valeat

158 2797 197 2828 E.
214 2797 251 2827 T.
270 2797 310 2828 R.
328 2797 370 2828 D.
388 2800 417 2827 Ε
433 2809 440 2828 :
464 2798 543 2828 vale
559 2801 602 2830 H.
739 2809 808 2840 139.
834 2800 996 2840 Louanii,
1016 2799 1123 2830 Anno
1139 2808 1310 2831 M.n.xvx11
1324 2803 1398 2832 add.
1415 2803 1457 2831 H.

196 2896 271 2927 957.
293 2905 362 2934 130.
383 2896 619 2937 Arrhabium]
637 2897 723 2928 This
739 2898 842 2938 form,
860 2898 914 2929 for
979 2899 1057 2928 tum
1088 2897 1151 2936 qui
1180 2905 1200 2926 a
1235 2897 1343 2927 semel
1383 2898 1517 2938 coeptis
1553 2908 1739 2939 nunquam

151 2941 324 2977 Arabium,
342 2940 372 2970 is
387 2940 553 2979 repeated
570 2941 609 2971 in
625 2940 688 2980 Ep.
707 2951 782 2981 959.
800 2952 830 2981 2,
843 2942 914 2972 and
979 2940 1180 2972 desistunt?

154 2983 184 3012 is
201 2982 312 3013 found
328 2983 366 3013 in
383 2983 431 3013 all
447 2983 611 3014 editions.
659 2984 705 3014 In
723 2987 830 3022 Aclaq.
850 2986 913 3024 632
1026 2994 1096 3022 132.
1123 2983 1362 3025 Guilhelmos]
1382 2984 1431 3015 Cf.
1449 2984 1512 3024 Ep.
1528 2994 1601 3024 534.
1614 2996 1656 3025 32
1669 2997 1739 3026 seq.

154 3026 320 3057 Erasmus
340 3027 550 3066 interprets:
575 3027 639 3058 ‘In
662 3037 721 3059 eos
741 3027 812 3059 dici
834 3029 915 3059 soli·
1023 3028 1096 3059 958.
1124 3036 1154 3066 5.
1180 3027 1382 3069 Platonem]
1400 3030 1474 3066 Rep.
1493 3028 1552 3060 bk.
1569 3039 1602 3061 2.
