2034 3433
127 192 176 239 69
184 187 224 242 2]
566 188 717 228 FROM
757 189 1020 229 CHARLEs
1057 189 1290 229 OFHUYS
1648 193 1725 230 115

129 293 300 344 probaui
337 292 473 332 etiam.
547 293 716 332 Nouum
755 293 1092 332 Instrumentum
1135 306 1227 332 cum
1266 293 1350 332 tuis
1386 295 1727 334 annotationibus

130 359 345 398 exosculor
364 358 534 407 dudum,
554 358 613 397 sic
635 360 772 397 tamen
797 361 843 397 vt
862 360 1071 409 appetitus
1089 359 1252 410 legendi
1271 362 1423 398 crescat
1443 360 1618 408 cottidie,
1643 373 1727 398 non

132 425 350 463 decrescat.
388 424 389 427 ’
425 424 641 463 Praeterea
680 424 908 463 Christiani
951 424 1162 475 Principis
1205 424 1517 475 integerrimam
1556 425 1728 464 Institu-
1746 438 1762 468 5

133 490 304 538 tionem,
329 489 380 528 ad
408 489 655 539 Philippum
685 489 1000 540 Panegyricum,
1022 490 1203 540 lepidam
1232 492 1273 528 et
1301 503 1392 528 meo
1421 490 1574 529 iudicio
1604 490 1727 541 (quic-

135 556 234 606 quid
265 555 417 594 latrent
443 555 600 606 aliquot
639 554 885 604 nebulones)
913 569 1009 595 vere
1042 555 1272 605 sapientem
1301 555 1486 604 Moriam,
1518 557 1652 606 atque,
1686 557 1731 594 vt

133 620 263 659 semel
284 620 430 669 dicam,
453 620 520 658 hic
546 621 655 671 apud
681 620 926 670 bibliopolas
945 620 1090 659 venale
1110 623 1232 659 tuum
1252 621 1446 670 quicquid
1467 621 1727 671 conspicitur,

134 699 317 735 veneror,
340 686 461 736 atque
484 686 543 724 ita
568 698 742 724 veneror
766 687 813 724 vt
839 686 1011 724 fortasse
1037 698 1159 724 nemo
1183 687 1376 724 sanctius.
1434 687 1675 736 Dispeream
1694 686 1731 725 si

134 751 244 790 viuit
270 764 391 800 nunc,
419 752 528 801 quod
558 750 697 800 sciam,
728 752 800 789 aut
826 751 973 789 vixerit
1000 751 1071 789 vix
1097 751 1211 801 prius
1237 752 1398 802 aliquis,
1422 752 1540 791 cuius
1567 751 1731 801 scriptis
1752 763 1791 785 10

136 829 352 866 possemus
386 816 454 855 vel
486 815 682 855 oblectari
713 815 1014 864 vehementius,
1047 817 1083 854 si
1112 816 1227 855 mille
1261 830 1439 866 veneres,
1474 817 1539 856 vel
1570 816 1732 856 moneri

136 881 355 930 salubrius,
379 881 414 920 si
433 881 584 920 solidas
605 881 813 920 doctrinas
833 881 1171 932 concupiscimus.

191 947 360 985 Abhinc
398 960 540 995 annos,
581 947 625 985 ni
666 946 799 995 fallor,
839 946 1167 996 quattuordecim
1211 946 1256 984 in
1299 947 1544 986 Enchiridio
1588 947 1733 985 notaui

139 1012 313 1062 qualiter
348 1012 513 1050 volebas
543 1012 639 1062 (quo
671 1011 963 1061 proficeremus
996 1011 1268 1062 commodius)
1301 1012 1363 1050 vti
1397 1012 1576 1050 Paulum
1613 1011 1734 1050 nobis

139 1078 365 1116 faceremus
397 1077 659 1125 familiarem,
698 1076 806 1125 quod
842 1076 879 1114 is
917 1077 1106 1126 ‘semper
1143 1076 1380 1115 habendus'
1420 1077 1475 1115 sit
1517 1077 1581 1115 ‘in
1621 1076 1730 1125 sinu,
1754 1090 1791 1121 15

140 1144 342 1181 nocturna
357 1142 586 1181 versandus
601 1154 740 1188 manu,
759 1140 987 1179 versandus
1003 1141 1161 1189 diurna,
1178 1143 1387 1191 postremo
1402 1144 1444 1180 et
1458 1142 1509 1181 ad
1523 1142 1698 1181 verbum
1712 1144 1731 1191 ',

139 1209 173 1246 si
204 1208 294 1246 fieri
320 1208 462 1258 possit,
497 1206 806 1245 ‘ediscendus’z
849 1206 893 1244 in
924 1220 1059 1256 quem,
1094 1207 1443 1257 quemadmodum
1472 1207 1731 1254 adfirmabas,

141 1273 389 1323 iampridem
423 1272 741 1311 commentarios
771 1284 922 1321 magno
956 1272 1093 1310 studio
1123 1272 1305 1322 parabas.
1366 1272 1495 1311 Nouit
1529 1272 1736 1310 Dominus

141 1339 261 1377 Iesus
302 1351 350 1376 ex
393 1351 440 1376 ea
480 1351 524 1376 re
562 1339 649 1376 tam
688 1337 783 1375 vtili
826 1338 1031 1387 quantum
1071 1337 1311 1386 gaudebam,
1351 1338 1520 1376 omnino
1568 1337 1736 1376 credens

141 1404 330 1442 futurum
352 1402 460 1453 quod
482 1402 606 1441 dubio
633 1401 777 1451 procul
803 1415 902 1440 mox
924 1401 1154 1441 ederentur.
1216 1403 1295 1441 Sed
1315 1402 1596 1453 expectatione
1615 1402 1738 1452 longa
1758 1416 1797 1438 20

141 1470 274 1508 fessus
312 1469 526 1518 desperare
564 1467 699 1517 magis
737 1480 862 1518 quam
900 1480 1062 1517 sperare
1102 1469 1298 1517 poteram.
1372 1467 1538 1506 Interea
1574 1467 1738 1517 scripsit

143 1533 274 1572 Faber
302 1533 619 1581 enarrationem,
644 1546 769 1583 quam
800 1532 1009 1582 plerisque
1034 1533 1135 1571 locis
1159 1533 1221 1571 vti
1245 1533 1367 1581 iuste,
1393 1532 1451 1571 sic
1479 1533 1582 1571 item
1609 1532 1738 1571 amice

143 1599 285 1649 carpis,
321 1601 369 1637 vt
403 1612 456 1637 ne
491 1597 754 1648 Stapulensis
784 1598 870 1648 ipse
899 1597 966 1635 vel
999 1598 1215 1636 tantillum
1253 1598 1509 1648 refragetur:
1553 1598 1594 1636 id
1629 1598 1737 1648 quod

142 1678 166 1703 a
190 1665 332 1715 paucis
358 1663 503 1703 diebus
528 1663 686 1702 Badius
712 1665 862 1710 noster,
886 1663 986 1701 dum
1012 1677 1093 1702 vna
1112 1663 1368 1702 ientaculum
1393 1663 1619 1702 faceremus
1644 1663 1739 1701 fide-

142 1729 238 1768 liter
255 1729 411 1768 retulit.
1760 1743 1797 1773 25

196 1795 354 1834 Verum
381 1794 644 1833 humanitate
670 1796 743 1832 tua
768 1793 911 1841 fretus,
933 1795 980 1833 vt
1007 1807 1053 1832 eo
1079 1793 1252 1833 tandem
1277 1793 1442 1832 veniam
1470 1792 1587 1831 cuius
1611 1793 1741 1842 gratia

143 1860 241 1909 (sim
259 1859 358 1898 licet
376 1859 747 1910 ineruditissimus)
766 1859 968 1898 incultam
988 1859 1095 1897 hanc
1115 1859 1334 1909 epistolam
1356 1858 1583 1897 audaculus
1603 1858 1740 1905 mitto,

148 1926 259 1975 quod
279 1925 380 1964 alias
404 1924 449 1962 in
477 1924 733 1973 Enchiridio,
756 1937 866 1963 nunc
890 1924 1003 1963 idem
1029 1924 1181 1963 iterum
1207 1924 1251 1962 in
1279 1923 1363 1962 tuis
1388 1922 1742 1962 Annotationibus

149 1990 369 2041 polliceris,
393 1992 488 2029 tuos
507 1989 702 2028 videlicet
723 1990 1040 2028 commentarios
1058 1987 1198 2041 (peto).
1247 1989 1404 2038 Itaque,
1426 1988 1486 2026 mi
1506 1987 1743 2026 doctissime

148 2056 330 2103 Erasme,
359 2055 397 2093 si
427 2055 525 2104 quid
554 2054 744 2105 precibus
769 2067 950 2105 possum,
973 2054 1214 2104 suppliciter
1243 2067 1314 2093 oro
1343 2054 1385 2092 et
1409 2053 1535 2092 multi
1562 2065 1739 2100 mecum,
1762 2068 1802 2100 30

151 2134 204 2159 ne
235 2120 401 2158 differas
434 2119 604 2169 posthac
634 2120 792 2158 diutius
822 2121 990 2158 tantum
1017 2119 1176 2158 bonum
1204 2118 1400 2157 omnibus
1428 2118 1740 2157 communicare.

152 2186 245 2224 Hoc
265 2184 501 2224 Christiana
527 2184 761 2234 respublica
786 2184 981 2234 postulat,
1004 2184 1081 2222 hoc
1107 2197 1253 2223 omnes
1279 2183 1484 2222 bonarum
1511 2183 1744 2222 litterarum

149 2252 340 2304 (quarum
359 2251 406 2288 tu
427 2249 575 2287 merito
594 2249 787 2299 princeps
806 2262 850 2286 es
876 2250 917 2287 et
940 2249 1101 2297 diceris)
1122 2248 1297 2287 studiosi
1316 2249 1496 2286 studiose
1516 2247 1740 2298 postulant.

150 2315 262 2362 Vale,
296 2316 337 2353 et
371 2314 524 2352 nostris
555 2313 694 2352 verbis
726 2313 958 2363 aliquando,
990 2315 1136 2351 nactus
1167 2313 1529 2363 opportunitatem,
1562 2311 1745 2350 Gabrieli

149 2380 313 2430 thuys
332 2379 631 2428 Carthusiensi,
656 2379 691 2416 si
710 2378 856 2428 placet,
878 2378 1053 2417 salutem
1073 2378 1192 2416 dices.
1764 2393 1803 2424 35

203 2444 377 2484 Parisiis
397 2444 472 2482 iiio.
496 2444 565 2483 Kl.
590 2443 792 2482 Nouemb.

709 2508 911 2547 Seruulus
930 2510 1028 2546 tuus
1047 2507 1218 2546 Carolus
1238 2504 1403 2557 thuys
1422 2506 1633 2557 presbiter.

671 2638 723 2668 29.
748 2630 829 2668 peto
845 2630 970 2667 addidi,
987 2630 1096 2664 infime
1111 2637 1224 2658 versus.

199 2761 228 2789 5.
252 2749 545 2790 Institutionem]
564 2750 627 2789 Ep.
644 2759 719 2788 393.
983 2759 1015 2788 p.
1046 2757 1119 2788 411,
1150 2747 1201 2778 ed.
1245 2749 1353 2786 1516:
1389 2747 1542 2779 ‘Verum
1573 2748 1671 2779 hisce
1702 2748 1746 2779 de

197 2796 229 2824 6.
255 2792 532 2834 Panegyricum]
547 2793 609 2832 Ep.
631 2803 703 2832 179.
984 2792 1090 2822 rebus
1115 2792 1316 2822 accuratius
1344 2792 1569 2831 disputamus
1592 2792 1632 2823 in
1655 2801 1746 2823 com—

199 2847 227 2875 7.
253 2835 421 2877 Moriam]
436 2836 500 2875 Ep.
520 2846 593 2868 222.
984 2835 1174 2866 mentariis
1195 2844 1283 2873 quos
1305 2834 1390 2866 olim
1413 2836 1453 2865 in
1474 2835 1627 2866 Paulum
1645 2835 1747 2866 insti-

201 2890 250 2919 13.
274 2881 314 2910 in
330 2879 558 2920 Enchiridio]
581 2879 644 2919 Ep.
665 2881 737 2918 164.
753 2881 873 2918 36·40.
984 2880 1082 2909 tutos
1128 2879 1232 2909 breui
1283 2878 1516 2919 absoluemus,
1565 2879 1747 2918 aspirante

163 2946 167 2949 -
199 2925 251 2954 28.
278 2922 604 2963 Annotationibus]
631 2923 686 2954 On
712 2926 800 2954 Rom.
831 2933 858 2953 1.
889 2932 901 2951 1
987 2922 1108 2953 fauore
1132 2921 1290 2953 Christi!
1336 2922 1495 2953 Omitted
1519 2922 1558 2953 in
1584 2932 1677 2963 1527.

920 3104 981 3129 12
