<?xml version="1.0" encoding="UTF-8"?>
<!DOCTYPE html PUBLIC "-//W3C//DTD XHTML 1.0 Transitional//EN"
    "http://www.w3.org/TR/xhtml1/DTD/xhtml1-transitional.dtd">
<html xmlns="http://www.w3.org/1999/xhtml" xml:lang="en" lang="en">
 <head>
  <title>
</title>
<meta http-equiv="Content-Type" content="text/html;charset=utf-8" />
  <meta name='ocr-system' content='tesseract 3.04.00' />
  <meta name='ocr-capabilities' content='ocr_page ocr_carea ocr_par ocr_line ocrx_word'/>
</head>
<body>
  <div class='ocr_page' id='page_1' title='image "./opusepistolarumd03erasuoft_0624.png"; bbox 0 0 2034 3433; ppageno 0'>
   <div class='ocr_carea' id='block_1_1' title="bbox 322 154 1923 210">
    <p class='ocr_par' dir='ltr' id='par_1_1' title="bbox 322 154 1923 210">
     <span class='ocr_line' id='line_1_1' title="bbox 322 154 1923 210; baseline -0.001 -14"><span class='ocrx_word' id='word_1_1' title='bbox 322 158 405 196; x_wconf 89' lang='lat'>570</span> <span class='ocrx_word' id='word_1_2' title='bbox 790 155 1040 196; x_wconf 83' lang='lat' dir='ltr'>LETTERS</span> <span class='ocrx_word' id='word_1_3' title='bbox 1081 156 1152 195; x_wconf 83' lang='lat' dir='ltr'>oF</span> <span class='ocrx_word' id='word_1_4' title='bbox 1190 156 1456 197; x_wconf 86' lang='lat' dir='ltr'>ERASMUS</span> <span class='ocrx_word' id='word_1_5' title='bbox 1798 154 1923 210; x_wconf 87' lang='lat'><strong>[1519</strong></span> 
     </span>
    </p>
   </div>
   <div class='ocr_carea' id='block_1_2' title="bbox 259 260 1930 2803">
    <p class='ocr_par' dir='ltr' id='par_1_2' title="bbox 262 260 1925 444">
     <span class='ocr_line' id='line_1_2' title="bbox 262 260 1924 313; baseline -0.001 -11"><span class='ocrx_word' id='word_1_6' title='bbox 262 277 302 309; x_wconf 79' lang='lat'>35</span> <span class='ocrx_word' id='word_1_7' title='bbox 321 263 468 313; x_wconf 88' lang='lat' dir='ltr'>probat</span> <span class='ocrx_word' id='word_1_8' title='bbox 487 262 638 312; x_wconf 87' lang='lat' dir='ltr'>vulgus</span> <span class='ocrx_word' id='word_1_9' title='bbox 658 260 854 312; x_wconf 86' lang='lat' dir='ltr'>quicquid</span> <span class='ocrx_word' id='word_1_10' title='bbox 878 260 1215 311; x_wconf 71' lang='lat' dir='ltr'>frequentissime</span> <span class='ocrx_word' id='word_1_11' title='bbox 1240 261 1436 312; x_wconf 88' lang='lat' dir='ltr'>sequitur.</span> <span class='ocrx_word' id='word_1_12' title='bbox 1499 261 1630 300; x_wconf 89' lang='lat' dir='ltr'>Nemo</span> <span class='ocrx_word' id='word_1_13' title='bbox 1651 274 1734 300; x_wconf 93' lang='lat' dir='ltr'>non</span> <span class='ocrx_word' id='word_1_14' title='bbox 1755 261 1924 300; x_wconf 90' lang='lat' dir='ltr'>damnat</span> 
     </span>
     <span class='ocr_line' id='line_1_3' title="bbox 320 326 1925 376; baseline -0.001 -10"><span class='ocrx_word' id='word_1_15' title='bbox 320 328 583 367; x_wconf 80' lang='lat' dir='ltr'>inhonestam</span> <span class='ocrx_word' id='word_1_16' title='bbox 602 327 875 376; x_wconf 85' lang='lat' dir='ltr'>voluptatem,</span> <span class='ocrx_word' id='word_1_17' title='bbox 896 339 1020 364; x_wconf 90' lang='lat' dir='ltr'>nemo</span> <span class='ocrx_word' id='word_1_18' title='bbox 1048 326 1188 365; x_wconf 91' lang='lat' dir='ltr'>laudat</span> <span class='ocrx_word' id='word_1_19' title='bbox 1216 327 1518 366; x_wconf 75' lang='lat' dir='ltr'>temulentiam.</span> <span class='ocrx_word' id='word_1_20' title='bbox 1579 327 1664 366; x_wconf 90' lang='lat' dir='ltr'>Nos</span> <span class='ocrx_word' id='word_1_21' title='bbox 1693 327 1743 365; x_wconf 90' lang='lat' dir='ltr'>de</span> <span class='ocrx_word' id='word_1_22' title='bbox 1771 326 1925 366; x_wconf 89' lang='lat' dir='ltr'>iudicio</span> 
     </span>
     <span class='ocr_line' id='line_1_4' title="bbox 320 392 1549 444; baseline -0.002 -12"><span class='ocrx_word' id='word_1_23' title='bbox 320 394 544 444; x_wconf 88' lang='lat' dir='ltr'>loquimur,</span> <span class='ocrx_word' id='word_1_24' title='bbox 568 406 651 431; x_wconf 92' lang='lat' dir='ltr'>non</span> <span class='ocrx_word' id='word_1_25' title='bbox 671 393 721 431; x_wconf 91' lang='lat' dir='ltr'>de</span> <span class='ocrx_word' id='word_1_26' title='bbox 741 392 1040 442; x_wconf 82' lang='lat' dir='ltr'>cupiditatibus</span> <span class='ocrx_word' id='word_1_27' title='bbox 1060 405 1105 430; x_wconf 89' lang='lat' dir='ltr'>ac</span> <span class='ocrx_word' id='word_1_28' title='bbox 1126 392 1283 431; x_wconf 85' lang='lat' dir='ltr'>morbis</span> <span class='ocrx_word' id='word_1_29' title='bbox 1301 392 1549 431; x_wconf 92' lang='lat' dir='ltr'>animorum.</span> 
     </span>
    </p>

    <p class='ocr_par' dir='ltr' id='par_1_3' title="bbox 319 456 1927 574">
     <span class='ocr_line' id='line_1_5' title="bbox 376 456 1924 508; baseline -0.001 -11"><span class='ocrx_word' id='word_1_30' title='bbox 376 459 455 497; x_wconf 90' lang='lat' dir='ltr'>Sed</span> <span class='ocrx_word' id='word_1_31' title='bbox 483 472 536 497; x_wconf 93' lang='lat' dir='ltr'>ne</span> <span class='ocrx_word' id='word_1_32' title='bbox 561 458 712 508; x_wconf 81' lang='lat' dir='ltr'>prolixi</span> <span class='ocrx_word' id='word_1_33' title='bbox 739 458 884 505; x_wconf 88' lang='lat' dir='ltr'>simus,</span> <span class='ocrx_word' id='word_1_34' title='bbox 907 457 1041 507; x_wconf 86' lang='lat' dir='ltr'>primo</span> <span class='ocrx_word' id='word_1_35' title='bbox 1061 456 1152 496; x_wconf 94' lang='lat' dir='ltr'>loco</span> <span class='ocrx_word' id='word_1_36' title='bbox 1181 457 1239 495; x_wconf 88' lang='lat' dir='ltr'>sic</span> <span class='ocrx_word' id='word_1_37' title='bbox 1265 457 1545 498; x_wconf 88' lang='lat' dir='ltr'>ratiocinaris:</span> <span class='ocrx_word' id='word_1_38' title='bbox 1579 458 1646 496; x_wconf 88' lang='lat' dir='ltr'>‘Si</span> <span class='ocrx_word' id='word_1_39' title='bbox 1674 457 1855 508; x_wconf 90' lang='lat' dir='ltr'>corporis</span> <span class='ocrx_word' id='word_1_40' title='bbox 1880 470 1924 496; x_wconf 90' lang='lat' dir='ltr'>ac</span> 
     </span>
     <span class='ocr_line' id='line_1_6' title="bbox 319 522 1927 574; baseline -0.001 -12"><span class='ocrx_word' id='word_1_41' title='bbox 319 525 510 563; x_wconf 82' lang='lat' dir='ltr'>fortunae</span> <span class='ocrx_word' id='word_1_42' title='bbox 536 523 752 562; x_wconf 89' lang='lat' dir='ltr'>commoda</span> <span class='ocrx_word' id='word_1_43' title='bbox 775 523 883 561; x_wconf 91' lang='lat' dir='ltr'>bona</span> <span class='ocrx_word' id='word_1_44' title='bbox 910 524 1020 572; x_wconf 89' lang='lat' dir='ltr'>sunt,</span> <span class='ocrx_word' id='word_1_45' title='bbox 1044 536 1125 573; x_wconf 92' lang='lat' dir='ltr'>quo</span> <span class='ocrx_word' id='word_1_46' title='bbox 1146 522 1351 573; x_wconf 86' lang='lat' dir='ltr'>copiosius</span> <span class='ocrx_word' id='word_1_47' title='bbox 1376 537 1424 561; x_wconf 90' lang='lat' dir='ltr'>ea</span> <span class='ocrx_word' id='word_1_48' title='bbox 1450 523 1713 574; x_wconf 87' lang='lat' dir='ltr'>contingunt,</span> <span class='ocrx_word' id='word_1_49' title='bbox 1738 524 1814 561; x_wconf 88' lang='lat' dir='ltr'>hoc</span> <span class='ocrx_word' id='word_1_50' title='bbox 1840 523 1927 562; x_wconf 88' lang='lat' dir='ltr'>feli·</span> 
     </span>
    </p>

    <p class='ocr_par' dir='ltr' id='par_1_4' title="bbox 259 588 1926 902">
     <span class='ocr_line' id='line_1_7' title="bbox 259 588 1925 636; baseline 0.001 -10"><span class='ocrx_word' id='word_1_51' title='bbox 259 605 302 636; x_wconf 87' lang='lat'>40</span> <span class='ocrx_word' id='word_1_52' title='bbox 320 590 473 628; x_wconf 90' lang='lat' dir='ltr'>ciorem</span> <span class='ocrx_word' id='word_1_53' title='bbox 496 589 673 628; x_wconf 84' lang='lat' dir='ltr'>reddant</span> <span class='ocrx_word' id='word_1_54' title='bbox 694 601 859 628; x_wconf 91' lang='lat' dir='ltr'>necesse</span> <span class='ocrx_word' id='word_1_55' title='bbox 879 589 970 627; x_wconf 88' lang='lat' dir='ltr'>est.&#39;</span> <span class='ocrx_word' id='word_1_56' title='bbox 1025 588 1221 627; x_wconf 88' lang='lat' dir='ltr'>Primum</span> <span class='ocrx_word' id='word_1_57' title='bbox 1241 589 1486 627; x_wconf 86' lang='lat' dir='ltr'>meminisse</span> <span class='ocrx_word' id='word_1_58' title='bbox 1507 590 1626 628; x_wconf 90' lang='lat' dir='ltr'>debet</span> <span class='ocrx_word' id='word_1_59' title='bbox 1646 590 1694 628; x_wconf 81' lang='lat' dir='ltr'>R.</span> <span class='ocrx_word' id='word_1_60' title='bbox 1713 590 1758 629; x_wconf 84' lang='lat' dir='ltr'>T.</span> <span class='ocrx_word' id='word_1_61' title='bbox 1774 589 1824 629; x_wconf 88' lang='lat' dir='ltr'>D.</span> <span class='ocrx_word' id='word_1_62' title='bbox 1848 589 1925 628; x_wconf 89' lang='lat' dir='ltr'>hoc</span> 
     </span>
     <span class='ocr_line' id='line_1_8' title="bbox 319 654 1919 706; baseline -0.001 -12"><span class='ocrx_word' id='word_1_63' title='bbox 319 668 451 706; x_wconf 88' lang='lat' dir='ltr'>genus</span> <span class='ocrx_word' id='word_1_64' title='bbox 479 655 694 703; x_wconf 89' lang='lat' dir='ltr'>bonorum,</span> <span class='ocrx_word' id='word_1_65' title='bbox 724 654 998 704; x_wconf 90' lang='lat' dir='ltr'>quantumuis</span> <span class='ocrx_word' id='word_1_66' title='bbox 1026 654 1270 703; x_wconf 84' lang='lat' dir='ltr'>accumules,</span> <span class='ocrx_word' id='word_1_67' title='bbox 1301 667 1388 693; x_wconf 91' lang='lat' dir='ltr'>non</span> <span class='ocrx_word' id='word_1_68' title='bbox 1416 654 1577 693; x_wconf 88' lang='lat' dir='ltr'>adferre</span> <span class='ocrx_word' id='word_1_69' title='bbox 1604 654 1919 703; x_wconf 81' lang='lat' dir='ltr'>beatitudinem,</span> 
     </span>
     <span class='ocr_line' id='line_1_9' title="bbox 321 719 1924 770; baseline -0.001 -10"><span class='ocrx_word' id='word_1_70' title='bbox 321 721 390 760; x_wconf 90' lang='lat' dir='ltr'>sed</span> <span class='ocrx_word' id='word_1_71' title='bbox 408 720 640 760; x_wconf 84' lang='lat' dir='ltr'>accessione</span> <span class='ocrx_word' id='word_1_72' title='bbox 657 720 963 759; x_wconf 88' lang='lat' dir='ltr'>beatitudinem</span> <span class='ocrx_word' id='word_1_73' title='bbox 978 733 1102 770; x_wconf 87' lang='lat' dir='ltr'>quam</span> <span class='ocrx_word' id='word_1_74' title='bbox 1118 720 1206 758; x_wconf 88' lang='lat' dir='ltr'>sola</span> <span class='ocrx_word' id='word_1_75' title='bbox 1220 719 1356 758; x_wconf 89' lang='lat' dir='ltr'>virtus</span> <span class='ocrx_word' id='word_1_76' title='bbox 1374 721 1555 770; x_wconf 86' lang='lat' dir='ltr'>praestat</span> <span class='ocrx_word' id='word_1_77' title='bbox 1573 720 1797 769; x_wconf 90' lang='lat' dir='ltr'>absoluere,</span> <span class='ocrx_word' id='word_1_78' title='bbox 1816 722 1924 759; x_wconf 85' lang='lat' dir='ltr'>certe</span> 
     </span>
     <span class='ocr_line' id='line_1_10' title="bbox 321 785 1926 837; baseline -0.001 -11"><span class='ocrx_word' id='word_1_79' title='bbox 321 787 430 837; x_wconf 93' lang='lat' dir='ltr'>quod</span> <span class='ocrx_word' id='word_1_80' title='bbox 455 787 506 826; x_wconf 90' lang='lat' dir='ltr'>ad</span> <span class='ocrx_word' id='word_1_81' title='bbox 526 800 650 826; x_wconf 88' lang='lat' dir='ltr'>vsum</span> <span class='ocrx_word' id='word_1_82' title='bbox 669 786 841 826; x_wconf 88' lang='lat' dir='ltr'>virtutis</span> <span class='ocrx_word' id='word_1_83' title='bbox 868 786 1032 825; x_wconf 82' lang='lat' dir='ltr'>attinet.</span> <span class='ocrx_word' id='word_1_84' title='bbox 1092 785 1252 825; x_wconf 88' lang='lat' dir='ltr'>Deinde</span> <span class='ocrx_word' id='word_1_85' title='bbox 1273 799 1510 836; x_wconf 89' lang='lat' dir='ltr'>quanquam</span> <span class='ocrx_word' id='word_1_86' title='bbox 1535 785 1617 824; x_wconf 91' lang='lat' dir='ltr'>ista</span> <span class='ocrx_word' id='word_1_87' title='bbox 1636 787 1857 824; x_wconf 87' lang='lat' dir='ltr'>conferunt</span> <span class='ocrx_word' id='word_1_88' title='bbox 1875 785 1926 824; x_wconf 85' lang='lat' dir='ltr'>ad</span> 
     </span>
     <span class='ocr_line' id='line_1_11' title="bbox 320 851 1926 902; baseline 0 -12"><span class='ocrx_word' id='word_1_89' title='bbox 320 852 579 901; x_wconf 80' lang='lat' dir='ltr'>felicitatem,</span> <span class='ocrx_word' id='word_1_90' title='bbox 594 865 679 891; x_wconf 91' lang='lat' dir='ltr'>non</span> <span class='ocrx_word' id='word_1_91' title='bbox 699 851 899 891; x_wconf 89' lang='lat' dir='ltr'>continuo</span> <span class='ocrx_word' id='word_1_92' title='bbox 918 852 1108 902; x_wconf 91' lang='lat' dir='ltr'>sequitur</span> <span class='ocrx_word' id='word_1_93' title='bbox 1126 852 1242 890; x_wconf 89' lang='lat' dir='ltr'>iuxta</span> <span class='ocrx_word' id='word_1_94' title='bbox 1262 852 1436 890; x_wconf 92' lang='lat' dir='ltr'>modum</span> <span class='ocrx_word' id='word_1_95' title='bbox 1455 852 1606 890; x_wconf 90' lang='lat' dir='ltr'>horum</span> <span class='ocrx_word' id='word_1_96' title='bbox 1626 854 1668 890; x_wconf 91' lang='lat' dir='ltr'>et</span> <span class='ocrx_word' id='word_1_97' title='bbox 1685 851 1926 890; x_wconf 86' lang='lat' dir='ltr'>felicitatem</span> 
     </span>
    </p>

    <p class='ocr_par' dir='ltr' id='par_1_5' title="bbox 262 917 1927 1231">
     <span class='ocr_line' id='line_1_12' title="bbox 262 917 1926 967; baseline -0.001 -10"><span class='ocrx_word' id='word_1_98' title='bbox 262 930 302 963; x_wconf 83' lang='lat'>45</span> <span class='ocrx_word' id='word_1_99' title='bbox 320 930 560 957; x_wconf 85' lang='lat' dir='ltr'>accrescere.</span> <span class='ocrx_word' id='word_1_100' title='bbox 620 917 748 957; x_wconf 79' lang='lat' dir='ltr'>Cibus</span> <span class='ocrx_word' id='word_1_101' title='bbox 773 931 819 956; x_wconf 90' lang='lat' dir='ltr'>ac</span> <span class='ocrx_word' id='word_1_102' title='bbox 847 920 971 967; x_wconf 89' lang='lat' dir='ltr'>potus</span> <span class='ocrx_word' id='word_1_103' title='bbox 997 917 1190 956; x_wconf 90' lang='lat' dir='ltr'>conducit</span> <span class='ocrx_word' id='word_1_104' title='bbox 1214 917 1264 956; x_wconf 89' lang='lat' dir='ltr'>ad</span> <span class='ocrx_word' id='word_1_105' title='bbox 1289 917 1476 956; x_wconf 89' lang='lat' dir='ltr'>hominis</span> <span class='ocrx_word' id='word_1_106' title='bbox 1495 917 1625 956; x_wconf 88' lang='lat' dir='ltr'>vitam</span> <span class='ocrx_word' id='word_1_107' title='bbox 1652 917 1863 966; x_wconf 88' lang='lat' dir='ltr'>tuendam,</span> <span class='ocrx_word' id='word_1_108' title='bbox 1885 919 1926 955; x_wconf 88' lang='lat' dir='ltr'>at</span> 
     </span>
     <span class='ocr_line' id='line_1_13' title="bbox 321 983 1926 1033; baseline -0.001 -11"><span class='ocrx_word' id='word_1_109' title='bbox 321 998 408 1022; x_wconf 90' lang='lat' dir='ltr'>non</span> <span class='ocrx_word' id='word_1_110' title='bbox 436 984 633 1023; x_wconf 89' lang='lat' dir='ltr'>continuo</span> <span class='ocrx_word' id='word_1_111' title='bbox 660 983 842 1022; x_wconf 83' lang='lat' dir='ltr'>maxime</span> <span class='ocrx_word' id='word_1_112' title='bbox 861 983 969 1022; x_wconf 89' lang='lat' dir='ltr'>viuit</span> <span class='ocrx_word' id='word_1_113' title='bbox 989 983 1061 1033; x_wconf 89' lang='lat' dir='ltr'>qui</span> <span class='ocrx_word' id='word_1_114' title='bbox 1087 983 1270 1033; x_wconf 90' lang='lat' dir='ltr'>plurimo</span> <span class='ocrx_word' id='word_1_115' title='bbox 1290 984 1424 1022; x_wconf 86' lang='lat' dir='ltr'>vtitur</span> <span class='ocrx_word' id='word_1_116' title='bbox 1448 983 1549 1022; x_wconf 90' lang='lat' dir='ltr'>cibo.</span> <span class='ocrx_word' id='word_1_117' title='bbox 1609 983 1780 1022; x_wconf 88' lang='lat' dir='ltr'>Praeter</span> <span class='ocrx_word' id='word_1_118' title='bbox 1798 995 1926 1022; x_wconf 84' lang='lat' dir='ltr'>vnam</span> 
     </span>
     <span class='ocr_line' id='line_1_14' title="bbox 321 1048 1927 1099; baseline -0.001 -11"><span class='ocrx_word' id='word_1_119' title='bbox 321 1049 573 1099; x_wconf 89' lang='lat' dir='ltr'>sapientiam</span> <span class='ocrx_word' id='word_1_120' title='bbox 609 1048 716 1088; x_wconf 87' lang='lat' dir='ltr'>nihil</span> <span class='ocrx_word' id='word_1_121' title='bbox 749 1051 811 1087; x_wconf 90' lang='lat' dir='ltr'>est</span> <span class='ocrx_word' id='word_1_122' title='bbox 840 1049 886 1087; x_wconf 91' lang='lat' dir='ltr'>in</span> <span class='ocrx_word' id='word_1_123' title='bbox 918 1049 1041 1088; x_wconf 89' lang='lat' dir='ltr'>rebus</span> <span class='ocrx_word' id='word_1_124' title='bbox 1069 1049 1266 1088; x_wconf 89' lang='lat' dir='ltr'>humanis</span> <span class='ocrx_word' id='word_1_125' title='bbox 1295 1050 1382 1088; x_wconf 90' lang='lat' dir='ltr'>tam</span> <span class='ocrx_word' id='word_1_126' title='bbox 1411 1049 1689 1093; x_wconf 89' lang='lat' dir='ltr'>commodum,</span> <span class='ocrx_word' id='word_1_127' title='bbox 1722 1049 1824 1099; x_wconf 93' lang='lat' dir='ltr'>quin</span> <span class='ocrx_word' id='word_1_128' title='bbox 1854 1048 1927 1088; x_wconf 90' lang='lat' dir='ltr'>fiat</span> 
     </span>
     <span class='ocr_line' id='line_1_15' title="bbox 321 1115 1927 1155; baseline 0 -2"><span class='ocrx_word' id='word_1_129' title='bbox 321 1115 635 1154; x_wconf 86' lang='lat' dir='ltr'>incommodum</span> <span class='ocrx_word' id='word_1_130' title='bbox 655 1115 691 1154; x_wconf 87' lang='lat' dir='ltr'>si</span> <span class='ocrx_word' id='word_1_131' title='bbox 714 1115 767 1154; x_wconf 92' lang='lat' dir='ltr'>sit</span> <span class='ocrx_word' id='word_1_132' title='bbox 787 1115 1073 1155; x_wconf 88' lang='lat' dir='ltr'>immodicum.</span> <span class='ocrx_word' id='word_1_133' title='bbox 1134 1116 1284 1154; x_wconf 86' lang='lat' dir='ltr'>Forma</span> <span class='ocrx_word' id='word_1_134' title='bbox 1302 1115 1515 1154; x_wconf 88' lang='lat' dir='ltr'>moderata</span> <span class='ocrx_word' id='word_1_135' title='bbox 1539 1116 1696 1154; x_wconf 91' lang='lat' dir='ltr'>multos</span> <span class='ocrx_word' id='word_1_136' title='bbox 1723 1128 1927 1153; x_wconf 91' lang='lat' dir='ltr'>commen-</span> 
     </span>
     <span class='ocr_line' id='line_1_16' title="bbox 322 1181 1924 1231; baseline 0.001 -12"><span class='ocrx_word' id='word_1_137' title='bbox 322 1181 446 1229; x_wconf 90' lang='lat' dir='ltr'>dauit,</span> <span class='ocrx_word' id='word_1_138' title='bbox 474 1181 622 1220; x_wconf 90' lang='lat' dir='ltr'>multis</span> <span class='ocrx_word' id='word_1_139' title='bbox 648 1181 775 1220; x_wconf 87' lang='lat' dir='ltr'>exitio</span> <span class='ocrx_word' id='word_1_140' title='bbox 803 1181 884 1220; x_wconf 89' lang='lat' dir='ltr'>fuit</span> <span class='ocrx_word' id='word_1_141' title='bbox 912 1181 1146 1220; x_wconf 85' lang='lat' dir='ltr'>immodica.</span> <span class='ocrx_word' id='word_1_142' title='bbox 1207 1181 1480 1231; x_wconf 85' lang='lat' dir='ltr'>Pythagorae,</span> <span class='ocrx_word' id='word_1_143' title='bbox 1509 1181 1693 1231; x_wconf 80' lang='lat' dir='ltr'>Scipioni</span> <span class='ocrx_word' id='word_1_144' title='bbox 1717 1181 1924 1227; x_wconf 86' lang='lat' dir='ltr'>Africano,</span> 
     </span>
    </p>

    <p class='ocr_par' dir='ltr' id='par_1_6' title="bbox 264 1246 1929 1559">
     <span class='ocr_line' id='line_1_17' title="bbox 264 1246 1926 1297; baseline 0.002 -16"><span class='ocrx_word' id='word_1_145' title='bbox 264 1260 303 1291; x_wconf 87' lang='lat'>50</span> <span class='ocrx_word' id='word_1_146' title='bbox 323 1246 500 1285; x_wconf 85' lang='lat' dir='ltr'>Traiano</span> <span class='ocrx_word' id='word_1_147' title='bbox 525 1246 688 1285; x_wconf 87' lang='lat' dir='ltr'>Caesari</span> <span class='ocrx_word' id='word_1_148' title='bbox 719 1260 804 1285; x_wconf 91' lang='lat' dir='ltr'>non</span> <span class='ocrx_word' id='word_1_149' title='bbox 833 1260 982 1297; x_wconf 87' lang='lat' dir='ltr'>parum</span> <span class='ocrx_word' id='word_1_150' title='bbox 1011 1247 1252 1285; x_wconf 87' lang='lat' dir='ltr'>autoritatis</span> <span class='ocrx_word' id='word_1_151' title='bbox 1281 1246 1516 1285; x_wconf 89' lang='lat' dir='ltr'>conciliauit</span> <span class='ocrx_word' id='word_1_152' title='bbox 1544 1247 1702 1285; x_wconf 87' lang='lat' dir='ltr'>formae</span> <span class='ocrx_word' id='word_1_153' title='bbox 1732 1246 1926 1297; x_wconf 88' lang='lat' dir='ltr'>dignitas.</span> 
     </span>
     <span class='ocr_line' id='line_1_18' title="bbox 322 1311 1929 1362; baseline 0 -12"><span class='ocrx_word' id='word_1_154' title='bbox 322 1312 415 1351; x_wconf 89' lang='lat' dir='ltr'>Iam</span> <span class='ocrx_word' id='word_1_155' title='bbox 443 1326 540 1351; x_wconf 86' lang='lat' dir='ltr'>vero</span> <span class='ocrx_word' id='word_1_156' title='bbox 571 1312 649 1350; x_wconf 90' lang='lat' dir='ltr'>tibi</span> <span class='ocrx_word' id='word_1_157' title='bbox 679 1312 846 1351; x_wconf 84' lang='lat' dir='ltr'>videtur</span> <span class='ocrx_word' id='word_1_158' title='bbox 879 1312 1007 1351; x_wconf 85' lang='lat' dir='ltr'>etiam</span> <span class='ocrx_word' id='word_1_159' title='bbox 1041 1312 1206 1362; x_wconf 88' lang='lat' dir='ltr'>impius,</span> <span class='ocrx_word' id='word_1_160' title='bbox 1239 1312 1306 1350; x_wconf 89' lang='lat' dir='ltr'>cui</span> <span class='ocrx_word' id='word_1_161' title='bbox 1335 1312 1522 1351; x_wconf 85' lang='lat' dir='ltr'>Socrates</span> <span class='ocrx_word' id='word_1_162' title='bbox 1551 1312 1618 1351; x_wconf 88' lang='lat' dir='ltr'>vel</span> <span class='ocrx_word' id='word_1_163' title='bbox 1650 1312 1735 1362; x_wconf 91' lang='lat' dir='ltr'>pilo</span> <span class='ocrx_word' id='word_1_164' title='bbox 1768 1311 1929 1351; x_wconf 88' lang='lat' dir='ltr'>felicior</span> 
     </span>
     <span class='ocr_line' id='line_1_19' title="bbox 322 1377 1928 1428; baseline 0 -13"><span class='ocrx_word' id='word_1_165' title='bbox 322 1377 521 1425; x_wconf 86' lang='lat' dir='ltr'>videatur,</span> <span class='ocrx_word' id='word_1_166' title='bbox 540 1378 576 1416; x_wconf 90' lang='lat' dir='ltr'>si</span> <span class='ocrx_word' id='word_1_167' title='bbox 592 1377 686 1428; x_wconf 90' lang='lat' dir='ltr'>quis</span> <span class='ocrx_word' id='word_1_168' title='bbox 706 1378 808 1416; x_wconf 92' lang='lat' dir='ltr'>deus</span> <span class='ocrx_word' id='word_1_169' title='bbox 824 1377 939 1416; x_wconf 93' lang='lat' dir='ltr'>illius</span> <span class='ocrx_word' id='word_1_170' title='bbox 958 1377 1100 1416; x_wconf 86' lang='lat' dir='ltr'>animo</span> <span class='ocrx_word' id='word_1_171' title='bbox 1115 1378 1306 1426; x_wconf 87' lang='lat' dir='ltr'>formam,</span> <span class='ocrx_word' id='word_1_172' title='bbox 1332 1390 1428 1427; x_wconf 92' lang='lat' dir='ltr'>opes</span> <span class='ocrx_word' id='word_1_173' title='bbox 1449 1391 1494 1416; x_wconf 86' lang='lat' dir='ltr'>ac</span> <span class='ocrx_word' id='word_1_174' title='bbox 1515 1391 1643 1427; x_wconf 87' lang='lat' dir='ltr'>genus</span> <span class='ocrx_word' id='word_1_175' title='bbox 1658 1377 1928 1416; x_wconf 88' lang='lat' dir='ltr'>adiunxisset.</span> 
     </span>
     <span class='ocr_line' id='line_1_20' title="bbox 322 1442 1928 1494; baseline 0 -13"><span class='ocrx_word' id='word_1_176' title='bbox 322 1443 380 1481; x_wconf 89' lang='lat' dir='ltr'>Vt</span> <span class='ocrx_word' id='word_1_177' title='bbox 415 1443 525 1481; x_wconf 89' lang='lat' dir='ltr'>nihil</span> <span class='ocrx_word' id='word_1_178' title='bbox 563 1443 686 1492; x_wconf 90' lang='lat' dir='ltr'>aliud,</span> <span class='ocrx_word' id='word_1_179' title='bbox 720 1445 831 1482; x_wconf 88' lang='lat' dir='ltr'>certe</span> <span class='ocrx_word' id='word_1_180' title='bbox 868 1443 1060 1492; x_wconf 87' lang='lat' dir='ltr'>pluribus</span> <span class='ocrx_word' id='word_1_181' title='bbox 1098 1443 1311 1494; x_wconf 88' lang='lat' dir='ltr'>profuerit.</span> <span class='ocrx_word' id='word_1_182' title='bbox 1372 1444 1433 1481; x_wconf 92' lang='lat' dir='ltr'>At</span> <span class='ocrx_word' id='word_1_183' title='bbox 1461 1443 1633 1483; x_wconf 87' lang='lat' dir='ltr'>virtutis</span> <span class='ocrx_word' id='word_1_184' title='bbox 1661 1443 1759 1482; x_wconf 87' lang='lat' dir='ltr'>finis</span> <span class='ocrx_word' id='word_1_185' title='bbox 1788 1444 1853 1482; x_wconf 91' lang='lat' dir='ltr'>est</span> <span class='ocrx_word' id='word_1_186' title='bbox 1881 1442 1928 1481; x_wconf 83' lang='lat' dir='ltr'>in</span> 
     </span>
     <span class='ocr_line' id='line_1_21' title="bbox 323 1508 1926 1559; baseline 0.001 -13"><span class='ocrx_word' id='word_1_187' title='bbox 323 1522 446 1551; x_wconf 85' lang='lat' dir='ltr'>vsum</span> <span class='ocrx_word' id='word_1_188' title='bbox 483 1509 715 1548; x_wconf 90' lang='lat' dir='ltr'>multorum</span> <span class='ocrx_word' id='word_1_189' title='bbox 755 1510 957 1548; x_wconf 86' lang='lat' dir='ltr'>diffundi:</span> <span class='ocrx_word' id='word_1_190' title='bbox 996 1523 1110 1548; x_wconf 90' lang='lat' dir='ltr'>nunc</span> <span class='ocrx_word' id='word_1_191' title='bbox 1148 1509 1263 1548; x_wconf 91' lang='lat' dir='ltr'>illius</span> <span class='ocrx_word' id='word_1_192' title='bbox 1296 1509 1432 1549; x_wconf 90' lang='lat' dir='ltr'>virtus</span> <span class='ocrx_word' id='word_1_193' title='bbox 1468 1509 1730 1559; x_wconf 88' lang='lat' dir='ltr'>paucissimis</span> <span class='ocrx_word' id='word_1_194' title='bbox 1767 1508 1926 1547; x_wconf 89' lang='lat' dir='ltr'>ciuium</span> 
     </span>
    </p>

    <p class='ocr_par' dir='ltr' id='par_1_7' title="bbox 262 1573 1928 1887">
     <span class='ocr_line' id='line_1_22' title="bbox 262 1573 1928 1625; baseline 0 -13"><span class='ocrx_word' id='word_1_195' title='bbox 262 1588 302 1619; x_wconf 84' lang='lat'>55</span> <span class='ocrx_word' id='word_1_196' title='bbox 323 1573 434 1612; x_wconf 89' lang='lat' dir='ltr'>bono</span> <span class='ocrx_word' id='word_1_197' title='bbox 463 1575 555 1622; x_wconf 89' lang='lat' dir='ltr'>fuit,</span> <span class='ocrx_word' id='word_1_198' title='bbox 585 1574 666 1624; x_wconf 88' lang='lat' dir='ltr'>ipsi</span> <span class='ocrx_word' id='word_1_199' title='bbox 695 1575 820 1613; x_wconf 86' lang='lat' dir='ltr'>etiam</span> <span class='ocrx_word' id='word_1_200' title='bbox 850 1575 1086 1614; x_wconf 81' lang='lat' dir='ltr'>exitiabilis.</span> <span class='ocrx_word' id='word_1_201' title='bbox 1147 1576 1277 1614; x_wconf 86' lang='lat' dir='ltr'>Porro</span> <span class='ocrx_word' id='word_1_202' title='bbox 1297 1577 1397 1625; x_wconf 90' lang='lat' dir='ltr'>quot</span> <span class='ocrx_word' id='word_1_203' title='bbox 1425 1575 1665 1625; x_wconf 83' lang='lat' dir='ltr'>parasangis</span> <span class='ocrx_word' id='word_1_204' title='bbox 1694 1576 1928 1625; x_wconf 88' lang='lat' dir='ltr'>praecurrat</span> 
     </span>
     <span class='ocr_line' id='line_1_23' title="bbox 323 1639 1927 1691; baseline 0 -13"><span class='ocrx_word' id='word_1_205' title='bbox 323 1639 391 1678; x_wconf 89' lang='lat' dir='ltr'>his</span> <span class='ocrx_word' id='word_1_206' title='bbox 420 1640 541 1678; x_wconf 91' lang='lat' dir='ltr'>bonis</span> <span class='ocrx_word' id='word_1_207' title='bbox 570 1640 809 1689; x_wconf 89' lang='lat' dir='ltr'>instructus,</span> <span class='ocrx_word' id='word_1_208' title='bbox 833 1654 919 1679; x_wconf 91' lang='lat' dir='ltr'>non</span> <span class='ocrx_word' id='word_1_209' title='bbox 945 1642 1008 1679; x_wconf 90' lang='lat' dir='ltr'>est</span> <span class='ocrx_word' id='word_1_210' title='bbox 1033 1654 1175 1679; x_wconf 88' lang='lat' dir='ltr'>meum</span> <span class='ocrx_word' id='word_1_211' title='bbox 1203 1641 1365 1687; x_wconf 88' lang='lat' dir='ltr'>metiri;</span> <span class='ocrx_word' id='word_1_212' title='bbox 1398 1641 1506 1679; x_wconf 91' lang='lat' dir='ltr'>mihi</span> <span class='ocrx_word' id='word_1_213' title='bbox 1531 1641 1630 1680; x_wconf 90' lang='lat' dir='ltr'>satis</span> <span class='ocrx_word' id='word_1_214' title='bbox 1659 1643 1722 1679; x_wconf 88' lang='lat' dir='ltr'>est</span> <span class='ocrx_word' id='word_1_215' title='bbox 1748 1641 1927 1691; x_wconf 86' lang='lat' dir='ltr'>aliquam</span> 
     </span>
     <span class='ocr_line' id='line_1_24' title="bbox 323 1705 1927 1756; baseline 0.001 -14"><span class='ocrx_word' id='word_1_216' title='bbox 323 1705 537 1744; x_wconf 83' lang='lat' dir='ltr'>felicitatis</span> <span class='ocrx_word' id='word_1_217' title='bbox 573 1706 849 1745; x_wconf 89' lang='lat' dir='ltr'>accessionem</span> <span class='ocrx_word' id='word_1_218' title='bbox 888 1706 1071 1755; x_wconf 84' lang='lat' dir='ltr'>adiungi.</span> <span class='ocrx_word' id='word_1_219' title='bbox 1133 1706 1292 1745; x_wconf 86' lang='lat' dir='ltr'>Rursus</span> <span class='ocrx_word' id='word_1_220' title='bbox 1328 1707 1556 1756; x_wconf 89' lang='lat' dir='ltr'>expendere</span> <span class='ocrx_word' id='word_1_221' title='bbox 1593 1706 1791 1745; x_wconf 86' lang='lat' dir='ltr'>conuenit</span> <span class='ocrx_word' id='word_1_222' title='bbox 1826 1706 1927 1745; x_wconf 85' lang='lat' dir='ltr'>haec</span> 
     </span>
     <span class='ocr_line' id='line_1_25' title="bbox 325 1771 1927 1822; baseline 0.001 -14"><span class='ocrx_word' id='word_1_223' title='bbox 325 1771 442 1818; x_wconf 90' lang='lat' dir='ltr'>bona,</span> <span class='ocrx_word' id='word_1_224' title='bbox 469 1785 555 1822; x_wconf 87' lang='lat' dir='ltr'>non</span> <span class='ocrx_word' id='word_1_225' title='bbox 586 1784 814 1820; x_wconf 86' lang='lat' dir='ltr'>numerare,</span> <span class='ocrx_word' id='word_1_226' title='bbox 838 1773 947 1822; x_wconf 89' lang='lat' dir='ltr'>quod</span> <span class='ocrx_word' id='word_1_227' title='bbox 976 1775 1023 1811; x_wconf 91' lang='lat' dir='ltr'>tu</span> <span class='ocrx_word' id='word_1_228' title='bbox 1052 1773 1163 1821; x_wconf 84' lang='lat' dir='ltr'>facis,</span> <span class='ocrx_word' id='word_1_229' title='bbox 1189 1773 1260 1822; x_wconf 90' lang='lat' dir='ltr'>qui</span> <span class='ocrx_word' id='word_1_230' title='bbox 1282 1773 1484 1810; x_wconf 84' lang='lat' dir='ltr'>virtutem</span> <span class='ocrx_word' id='word_1_231' title='bbox 1513 1772 1625 1811; x_wconf 89' lang='lat' dir='ltr'>hisce</span> <span class='ocrx_word' id='word_1_232' title='bbox 1654 1772 1778 1811; x_wconf 88' lang='lat' dir='ltr'>rebus</span> <span class='ocrx_word' id='word_1_233' title='bbox 1807 1772 1927 1810; x_wconf 88' lang='lat' dir='ltr'>desti-</span> 
     </span>
     <span class='ocr_line' id='line_1_26' title="bbox 323 1837 1927 1887; baseline 0.002 -13"><span class='ocrx_word' id='word_1_234' title='bbox 323 1838 459 1874; x_wconf 89' lang='lat' dir='ltr'>tutam</span> <span class='ocrx_word' id='word_1_235' title='bbox 488 1837 559 1875; x_wconf 85' lang='lat' dir='ltr'>vix</span> <span class='ocrx_word' id='word_1_236' title='bbox 587 1851 720 1875; x_wconf 89' lang='lat' dir='ltr'>vnum</span> <span class='ocrx_word' id='word_1_237' title='bbox 748 1838 849 1876; x_wconf 84' lang='lat' dir='ltr'>facis</span> <span class='ocrx_word' id='word_1_238' title='bbox 876 1838 1051 1887; x_wconf 86' lang='lat' dir='ltr'>gradum</span> <span class='ocrx_word' id='word_1_239' title='bbox 1080 1838 1130 1876; x_wconf 91' lang='lat' dir='ltr'>ad</span> <span class='ocrx_word' id='word_1_240' title='bbox 1159 1838 1411 1877; x_wconf 87' lang='lat' dir='ltr'>felicitatem.</span> <span class='ocrx_word' id='word_1_241' title='bbox 1472 1838 1566 1877; x_wconf 91' lang='lat' dir='ltr'>Vna</span> <span class='ocrx_word' id='word_1_242' title='bbox 1594 1839 1727 1877; x_wconf 89' lang='lat' dir='ltr'>virtus</span> <span class='ocrx_word' id='word_1_243' title='bbox 1760 1840 1927 1877; x_wconf 90' lang='lat' dir='ltr'>tantum</span> 
     </span>
    </p>

    <p class='ocr_par' dir='ltr' id='par_1_8' title="bbox 264 1894 1928 2217">
     <span class='ocr_line' id='line_1_27' title="bbox 264 1894 1927 1954; baseline 0.002 -16"><span class='ocrx_word' id='word_1_244' title='bbox 264 1907 305 1938; x_wconf 90' lang='lat'>60</span> <span class='ocrx_word' id='word_1_245' title='bbox 324 1902 448 1940; x_wconf 90' lang='lat' dir='ltr'>habet</span> <span class='ocrx_word' id='word_1_246' title='bbox 476 1903 683 1941; x_wconf 87' lang='lat' dir='ltr'>momenti</span> <span class='ocrx_word' id='word_1_247' title='bbox 710 1905 756 1941; x_wconf 90' lang='lat' dir='ltr'>vt</span> <span class='ocrx_word' id='word_1_248' title='bbox 785 1904 874 1942; x_wconf 84' lang='lat' dir='ltr'>sola</span> <span class='ocrx_word' id='word_1_249' title='bbox 902 1904 1092 1942; x_wconf 82' lang='lat' dir='ltr'>conficiat</span> <span class='ocrx_word' id='word_1_250' title='bbox 1121 1894 1387 1951; x_wconf 80' lang='lat' dir='ltr'>felicitatem3</span> <span class='ocrx_word' id='word_1_251' title='bbox 1421 1905 1621 1953; x_wconf 88' lang='lat' dir='ltr'>tantoque</span> <span class='ocrx_word' id='word_1_252' title='bbox 1650 1904 1927 1954; x_wconf 88' lang='lat' dir='ltr'>praestantior</span> 
     </span>
     <span class='ocr_line' id='line_1_28' title="bbox 324 1967 1926 2019; baseline 0.002 -14"><span class='ocrx_word' id='word_1_253' title='bbox 324 1969 386 2005; x_wconf 89' lang='lat' dir='ltr'>est</span> <span class='ocrx_word' id='word_1_254' title='bbox 415 1967 584 2006; x_wconf 87' lang='lat' dir='ltr'>caeteris</span> <span class='ocrx_word' id='word_1_255' title='bbox 611 1968 817 2007; x_wconf 89' lang='lat' dir='ltr'>bonorum</span> <span class='ocrx_word' id='word_1_256' title='bbox 851 1969 1081 2019; x_wconf 85' lang='lat' dir='ltr'>generibus,</span> <span class='ocrx_word' id='word_1_257' title='bbox 1114 1971 1161 2008; x_wconf 88' lang='lat' dir='ltr'>vt</span> <span class='ocrx_word' id='word_1_258' title='bbox 1190 1983 1265 2007; x_wconf 88' lang='lat' dir='ltr'>nec</span> <span class='ocrx_word' id='word_1_259' title='bbox 1295 1969 1340 2007; x_wconf 91' lang='lat' dir='ltr'>in</span> <span class='ocrx_word' id='word_1_260' title='bbox 1370 1968 1691 2019; x_wconf 87' lang='lat' dir='ltr'>appellationem</span> <span class='ocrx_word' id='word_1_261' title='bbox 1721 1969 1926 2008; x_wconf 89' lang='lat' dir='ltr'>bonorum</span> 
     </span>
     <span class='ocr_line' id='line_1_29' title="bbox 324 2033 1928 2085; baseline 0.002 -15"><span class='ocrx_word' id='word_1_262' title='bbox 324 2033 578 2083; x_wconf 88' lang='lat' dir='ltr'>recipiantur</span> <span class='ocrx_word' id='word_1_263' title='bbox 603 2034 685 2083; x_wconf 91' lang='lat' dir='ltr'>illa,</span> <span class='ocrx_word' id='word_1_264' title='bbox 712 2035 796 2073; x_wconf 88' lang='lat' dir='ltr'>nisi</span> <span class='ocrx_word' id='word_1_265' title='bbox 823 2037 1028 2084; x_wconf 91' lang='lat' dir='ltr'>quatenus</span> <span class='ocrx_word' id='word_1_266' title='bbox 1052 2035 1203 2074; x_wconf 86' lang='lat' dir='ltr'>virtuti</span> <span class='ocrx_word' id='word_1_267' title='bbox 1229 2035 1497 2074; x_wconf 88' lang='lat' dir='ltr'>famulantur.</span> <span class='ocrx_word' id='word_1_268' title='bbox 1557 2034 1622 2073; x_wconf 89' lang='lat' dir='ltr'>Ex</span> <span class='ocrx_word' id='word_1_269' title='bbox 1647 2035 1798 2085; x_wconf 90' lang='lat' dir='ltr'>quibus</span> <span class='ocrx_word' id='word_1_270' title='bbox 1826 2035 1928 2074; x_wconf 87' lang='lat' dir='ltr'>satis</span> 
     </span>
     <span class='ocr_line' id='line_1_30' title="bbox 323 2099 1928 2151; baseline 0.002 -15"><span class='ocrx_word' id='word_1_271' title='bbox 323 2099 457 2148; x_wconf 88' lang='lat' dir='ltr'>liquet</span> <span class='ocrx_word' id='word_1_272' title='bbox 477 2100 554 2137; x_wconf 92' lang='lat' dir='ltr'>hoc</span> <span class='ocrx_word' id='word_1_273' title='bbox 574 2099 663 2138; x_wconf 91' lang='lat' dir='ltr'>loco</span> <span class='ocrx_word' id='word_1_274' title='bbox 682 2113 766 2139; x_wconf 92' lang='lat' dir='ltr'>non</span> <span class='ocrx_word' id='word_1_275' title='bbox 787 2100 889 2139; x_wconf 87' lang='lat' dir='ltr'>satis</span> <span class='ocrx_word' id='word_1_276' title='bbox 909 2101 953 2139; x_wconf 91' lang='lat' dir='ltr'>in</span> <span class='ocrx_word' id='word_1_277' title='bbox 974 2103 1159 2151; x_wconf 89' lang='lat' dir='ltr'>tempore</span> <span class='ocrx_word' id='word_1_278' title='bbox 1175 2101 1385 2139; x_wconf 87' lang='lat' dir='ltr'>Neronem</span> <span class='ocrx_word' id='word_1_279' title='bbox 1405 2100 1770 2139; x_wconf 85' lang='lat' dir='ltr'>sceleratissimum</span> <span class='ocrx_word' id='word_1_280' title='bbox 1791 2102 1928 2151; x_wconf 90' lang='lat' dir='ltr'>tyran-</span> 
     </span>
     <span class='ocr_line' id='line_1_31' title="bbox 324 2165 1928 2217; baseline 0.002 -15"><span class='ocrx_word' id='word_1_281' title='bbox 324 2177 429 2203; x_wconf 88' lang='lat' dir='ltr'>num</span> <span class='ocrx_word' id='word_1_282' title='bbox 462 2177 557 2203; x_wconf 90' lang='lat' dir='ltr'>cum</span> <span class='ocrx_word' id='word_1_283' title='bbox 587 2165 778 2215; x_wconf 85' lang='lat' dir='ltr'>Epicteto</span> <span class='ocrx_word' id='word_1_284' title='bbox 809 2166 1056 2216; x_wconf 87' lang='lat' dir='ltr'>philosopho</span> <span class='ocrx_word' id='word_1_285' title='bbox 1084 2166 1354 2217; x_wconf 85' lang='lat' dir='ltr'>integerrimo</span> <span class='ocrx_word' id='word_1_286' title='bbox 1383 2166 1623 2215; x_wconf 85' lang='lat' dir='ltr'>comparari.</span> <span class='ocrx_word' id='word_1_287' title='bbox 1684 2166 1743 2205; x_wconf 94' lang='lat' dir='ltr'>Vt</span> <span class='ocrx_word' id='word_1_288' title='bbox 1771 2167 1928 2205; x_wconf 87' lang='lat' dir='ltr'>Neroni</span> 
     </span>
    </p>

    <p class='ocr_par' dir='ltr' id='par_1_9' title="bbox 265 2230 1927 2410">
     <span class='ocr_line' id='line_1_32' title="bbox 265 2230 1927 2282; baseline 0.002 -15"><span class='ocrx_word' id='word_1_289' title='bbox 265 2236 304 2277; x_wconf 81' lang='lat'>65</span> <span class='ocrx_word' id='word_1_290' title='bbox 325 2243 411 2268; x_wconf 91' lang='lat' dir='ltr'>non</span> <span class='ocrx_word' id='word_1_291' title='bbox 444 2230 602 2280; x_wconf 88' lang='lat' dir='ltr'>profuit</span> <span class='ocrx_word' id='word_1_292' title='bbox 635 2232 859 2281; x_wconf 87' lang='lat' dir='ltr'>imperium</span> <span class='ocrx_word' id='word_1_293' title='bbox 899 2234 973 2271; x_wconf 90' lang='lat' dir='ltr'>aut</span> <span class='ocrx_word' id='word_1_294' title='bbox 1006 2246 1114 2282; x_wconf 88' lang='lat' dir='ltr'>opes,</span> <span class='ocrx_word' id='word_1_295' title='bbox 1151 2246 1232 2282; x_wconf 86' lang='lat' dir='ltr'>quo</span> <span class='ocrx_word' id='word_1_296' title='bbox 1266 2233 1409 2271; x_wconf 91' lang='lat' dir='ltr'>minus</span> <span class='ocrx_word' id='word_1_297' title='bbox 1445 2234 1553 2270; x_wconf 90' lang='lat' dir='ltr'>esset</span> <span class='ocrx_word' id='word_1_298' title='bbox 1585 2231 1758 2280; x_wconf 89' lang='lat' dir='ltr'>infelix;</span> <span class='ocrx_word' id='word_1_299' title='bbox 1801 2231 1859 2271; x_wconf 87' lang='lat' dir='ltr'>ita</span> <span class='ocrx_word' id='word_1_300' title='bbox 1890 2232 1927 2271; x_wconf 86' lang='lat' dir='ltr'>si</span> 
     </span>
     <span class='ocr_line' id='line_1_33' title="bbox 326 2292 1927 2343; baseline 0.002 -13"><span class='ocrx_word' id='word_1_301' title='bbox 326 2292 514 2341; x_wconf 88' lang='lat' dir='ltr'>Epicteto</span> <span class='ocrx_word' id='word_1_302' title='bbox 548 2294 706 2343; x_wconf 90' lang='lat' dir='ltr'>optimo</span> <span class='ocrx_word' id='word_1_303' title='bbox 737 2294 828 2333; x_wconf 85' lang='lat' dir='ltr'>viro</span> <span class='ocrx_word' id='word_1_304' title='bbox 859 2295 959 2333; x_wconf 90' lang='lat' dir='ltr'>haec</span> <span class='ocrx_word' id='word_1_305' title='bbox 992 2295 1210 2334; x_wconf 87' lang='lat' dir='ltr'>commoda</span> <span class='ocrx_word' id='word_1_306' title='bbox 1243 2294 1522 2341; x_wconf 87' lang='lat' dir='ltr'>accessissent,</span> <span class='ocrx_word' id='word_1_307' title='bbox 1555 2294 1700 2333; x_wconf 88' lang='lat' dir='ltr'>fuisset</span> <span class='ocrx_word' id='word_1_308' title='bbox 1733 2295 1784 2334; x_wconf 87' lang='lat' dir='ltr'>ad</span> <span class='ocrx_word' id='word_1_309' title='bbox 1818 2307 1927 2334; x_wconf 84' lang='lat' dir='ltr'>exer-</span> 
     </span>
     <span class='ocr_line' id='line_1_34' title="bbox 325 2358 1245 2410; baseline 0.002 -14"><span class='ocrx_word' id='word_1_310' title='bbox 325 2359 499 2396; x_wconf 88' lang='lat' dir='ltr'>cendam</span> <span class='ocrx_word' id='word_1_311' title='bbox 518 2358 721 2397; x_wconf 87' lang='lat' dir='ltr'>virtutem</span> <span class='ocrx_word' id='word_1_312' title='bbox 742 2373 828 2398; x_wconf 92' lang='lat' dir='ltr'>non</span> <span class='ocrx_word' id='word_1_313' title='bbox 849 2361 971 2410; x_wconf 90' lang='lat' dir='ltr'>paulo</span> <span class='ocrx_word' id='word_1_314' title='bbox 992 2360 1245 2399; x_wconf 85' lang='lat' dir='ltr'>instructior.</span> 
     </span>
    </p>

    <p class='ocr_par' dir='ltr' id='par_1_10' title="bbox 326 2424 1926 2541">
     <span class='ocr_line' id='line_1_35' title="bbox 380 2424 1926 2474; baseline 0.002 -13"><span class='ocrx_word' id='word_1_315' title='bbox 380 2424 448 2462; x_wconf 89' lang='lat' dir='ltr'>Ad</span> <span class='ocrx_word' id='word_1_316' title='bbox 474 2424 574 2462; x_wconf 88' lang='lat' dir='ltr'>haec</span> <span class='ocrx_word' id='word_1_317' title='bbox 601 2425 859 2464; x_wconf 89' lang='lat' dir='ltr'>ratiocinaris</span> <span class='ocrx_word' id='word_1_318' title='bbox 884 2426 998 2464; x_wconf 87' lang='lat' dir='ltr'>hunc</span> <span class='ocrx_word' id='word_1_319' title='bbox 1022 2426 1068 2464; x_wconf 91' lang='lat' dir='ltr'>in</span> <span class='ocrx_word' id='word_1_320' title='bbox 1095 2426 1287 2465; x_wconf 87' lang='lat' dir='ltr'>modum:</span> <span class='ocrx_word' id='word_1_321' title='bbox 1322 2425 1387 2464; x_wconf 84' lang='lat' dir='ltr'>‘Si</span> <span class='ocrx_word' id='word_1_322' title='bbox 1412 2425 1520 2464; x_wconf 88' lang='lat' dir='ltr'>bona</span> <span class='ocrx_word' id='word_1_323' title='bbox 1545 2427 1656 2474; x_wconf 89' lang='lat' dir='ltr'>sunt,</span> <span class='ocrx_word' id='word_1_324' title='bbox 1680 2439 1754 2464; x_wconf 88' lang='lat' dir='ltr'>cur</span> <span class='ocrx_word' id='word_1_325' title='bbox 1775 2425 1926 2464; x_wconf 90' lang='lat' dir='ltr'>horum</span> 
     </span>
     <span class='ocr_line' id='line_1_36' title="bbox 326 2489 1926 2541; baseline 0.003 -15"><span class='ocrx_word' id='word_1_326' title='bbox 326 2489 531 2539; x_wconf 83' lang='lat' dir='ltr'>praesidio</span> <span class='ocrx_word' id='word_1_327' title='bbox 563 2503 686 2528; x_wconf 90' lang='lat' dir='ltr'>nemo</span> <span class='ocrx_word' id='word_1_328' title='bbox 719 2490 767 2528; x_wconf 92' lang='lat' dir='ltr'>fit</span> <span class='ocrx_word' id='word_1_329' title='bbox 800 2491 1002 2530; x_wconf 69' lang='lat' dir='ltr'>melior-‘2³&#39;</span> <span class='ocrx_word' id='word_1_330' title='bbox 1059 2491 1254 2529; x_wconf 85' lang='lat' dir='ltr'>Primum</span> <span class='ocrx_word' id='word_1_331' title='bbox 1293 2491 1364 2540; x_wconf 93' lang='lat' dir='ltr'>qui</span> <span class='ocrx_word' id='word_1_332' title='bbox 1398 2503 1492 2529; x_wconf 90' lang='lat' dir='ltr'>suas</span> <span class='ocrx_word' id='word_1_333' title='bbox 1523 2503 1621 2541; x_wconf 92' lang='lat' dir='ltr'>opes</span> <span class='ocrx_word' id='word_1_334' title='bbox 1648 2503 1672 2528; x_wconf 92' lang='lat' dir='ltr'>a</span> <span class='ocrx_word' id='word_1_335' title='bbox 1701 2490 1926 2530; x_wconf 88' lang='lat' dir='ltr'>maioribus</span> 
     </span>
    </p>

    <p class='ocr_par' dir='ltr' id='par_1_11' title="bbox 269 2555 1930 2803">
     <span class='ocr_line' id='line_1_37' title="bbox 269 2555 1926 2606; baseline -0.001 -11"><span class='ocrx_word' id='word_1_336' title='bbox 269 2572 308 2605; x_wconf 83' lang='lat'>70</span> <span class='ocrx_word' id='word_1_337' title='bbox 326 2555 489 2593; x_wconf 87' lang='lat' dir='ltr'>relictas</span> <span class='ocrx_word' id='word_1_338' title='bbox 508 2558 580 2594; x_wconf 90' lang='lat' dir='ltr'>aut</span> <span class='ocrx_word' id='word_1_339' title='bbox 599 2555 754 2606; x_wconf 88' lang='lat' dir='ltr'>alioqui</span> <span class='ocrx_word' id='word_1_340' title='bbox 774 2556 879 2595; x_wconf 89' lang='lat' dir='ltr'>bene</span> <span class='ocrx_word' id='word_1_341' title='bbox 905 2559 1044 2606; x_wconf 87' lang='lat' dir='ltr'>partas</span> <span class='ocrx_word' id='word_1_342' title='bbox 1071 2557 1248 2595; x_wconf 89' lang='lat' dir='ltr'>effundit</span> <span class='ocrx_word' id='word_1_343' title='bbox 1267 2557 1311 2595; x_wconf 91' lang='lat' dir='ltr'>in</span> <span class='ocrx_word' id='word_1_344' title='bbox 1331 2556 1566 2595; x_wconf 87' lang='lat' dir='ltr'>subsidium</span> <span class='ocrx_word' id='word_1_345' title='bbox 1591 2569 1830 2606; x_wconf 89' lang='lat' dir='ltr'>pauperum,</span> <span class='ocrx_word' id='word_1_346' title='bbox 1853 2558 1926 2595; x_wconf 93' lang='lat' dir='ltr'>aut</span> 
     </span>
     <span class='ocr_line' id='line_1_38' title="bbox 327 2620 1926 2672; baseline 0.001 -14"><span class='ocrx_word' id='word_1_347' title='bbox 327 2620 363 2658; x_wconf 91' lang='lat' dir='ltr'>si</span> <span class='ocrx_word' id='word_1_348' title='bbox 384 2620 476 2670; x_wconf 91' lang='lat' dir='ltr'>quis</span> <span class='ocrx_word' id='word_1_349' title='bbox 497 2634 623 2670; x_wconf 91' lang='lat' dir='ltr'>opum</span> <span class='ocrx_word' id='word_1_350' title='bbox 642 2634 742 2660; x_wconf 90' lang='lat' dir='ltr'>vsus</span> <span class='ocrx_word' id='word_1_351' title='bbox 766 2623 956 2669; x_wconf 87' lang='lat' dir='ltr'>sanctior,</span> <span class='ocrx_word' id='word_1_352' title='bbox 979 2636 1064 2661; x_wconf 89' lang='lat' dir='ltr'>non</span> <span class='ocrx_word' id='word_1_353' title='bbox 1089 2622 1188 2661; x_wconf 88' lang='lat' dir='ltr'>huic</span> <span class='ocrx_word' id='word_1_354' title='bbox 1208 2635 1305 2672; x_wconf 91' lang='lat' dir='ltr'>opes</span> <span class='ocrx_word' id='word_1_355' title='bbox 1330 2621 1584 2660; x_wconf 89' lang='lat' dir='ltr'>adminiculo</span> <span class='ocrx_word' id='word_1_356' title='bbox 1603 2624 1704 2660; x_wconf 89' lang='lat' dir='ltr'>sunt</span> <span class='ocrx_word' id='word_1_357' title='bbox 1723 2624 1770 2661; x_wconf 82' lang='lat' dir='ltr'>vt</span> <span class='ocrx_word' id='word_1_358' title='bbox 1789 2621 1926 2660; x_wconf 86' lang='lat' dir='ltr'>indies</span> 
     </span>
     <span class='ocr_line' id='line_1_39' title="bbox 325 2686 1930 2738; baseline -0.001 -12"><span class='ocrx_word' id='word_1_359' title='bbox 325 2687 461 2736; x_wconf 88' lang='lat' dir='ltr'>seipso</span> <span class='ocrx_word' id='word_1_360' title='bbox 477 2686 625 2724; x_wconf 92' lang='lat' dir='ltr'>melior</span> <span class='ocrx_word' id='word_1_361' title='bbox 639 2687 816 2726; x_wconf 78' lang='lat' dir='ltr'>euadat?</span> <span class='ocrx_word' id='word_1_362' title='bbox 844 2688 928 2726; x_wconf 91' lang='lat' dir='ltr'>nisi</span> <span class='ocrx_word' id='word_1_363' title='bbox 943 2688 1048 2727; x_wconf 86' lang='lat' dir='ltr'>forte</span> <span class='ocrx_word' id='word_1_364' title='bbox 1064 2701 1150 2726; x_wconf 92' lang='lat' dir='ltr'>non</span> <span class='ocrx_word' id='word_1_365' title='bbox 1164 2690 1360 2738; x_wconf 88' lang='lat' dir='ltr'>putemus</span> <span class='ocrx_word' id='word_1_366' title='bbox 1375 2687 1606 2727; x_wconf 89' lang='lat' dir='ltr'>accessione</span> <span class='ocrx_word' id='word_1_367' title='bbox 1620 2687 1930 2726; x_wconf 86' lang='lat' dir='ltr'>benefactorum</span> 
     </span>
     <span class='ocr_line' id='line_1_40' title="bbox 326 2752 1925 2803; baseline 0.001 -13"><span class='ocrx_word' id='word_1_368' title='bbox 326 2754 368 2790; x_wconf 93' lang='lat' dir='ltr'>et</span> <span class='ocrx_word' id='word_1_369' title='bbox 387 2752 556 2791; x_wconf 87' lang='lat' dir='ltr'>virtutis</span> <span class='ocrx_word' id='word_1_370' title='bbox 581 2753 777 2802; x_wconf 86' lang='lat' dir='ltr'>gradibus</span> <span class='ocrx_word' id='word_1_371' title='bbox 805 2753 977 2803; x_wconf 83' lang='lat' dir='ltr'>adiungi</span> <span class='ocrx_word' id='word_1_372' title='bbox 1008 2753 1213 2791; x_wconf 89' lang='lat' dir='ltr'>nonnihil.</span> <span class='ocrx_word' id='word_1_373' title='bbox 1274 2753 1432 2791; x_wconf 88' lang='lat' dir='ltr'>Deinde</span> <span class='ocrx_word' id='word_1_374' title='bbox 1460 2766 1545 2791; x_wconf 92' lang='lat' dir='ltr'>non</span> <span class='ocrx_word' id='word_1_375' title='bbox 1571 2753 1679 2803; x_wconf 86' lang='lat' dir='ltr'>fugit</span> <span class='ocrx_word' id='word_1_376' title='bbox 1705 2752 1781 2791; x_wconf 90' lang='lat' dir='ltr'>hoc</span> <span class='ocrx_word' id='word_1_377' title='bbox 1807 2754 1925 2791; x_wconf 90' lang='lat' dir='ltr'>tuam</span> 
     </span>
    </p>
   </div>
   <div class='ocr_carea' id='block_1_3' title="bbox 382 2872 1868 2912">
    <p class='ocr_par' dir='ltr' id='par_1_12' title="bbox 382 2872 1868 2912">
     <span class='ocr_line' id='line_1_41' title="bbox 382 2872 1868 2912; baseline 0 -10"><span class='ocrx_word' id='word_1_378' title='bbox 382 2882 435 2909; x_wconf 86' lang='lat'>40.</span> <span class='ocrx_word' id='word_1_379' title='bbox 462 2872 566 2902; x_wconf 79' lang='lat' dir='ltr'>debet</span> <span class='ocrx_word' id='word_1_380' title='bbox 584 2872 623 2903; x_wconf 80' lang='lat' dir='ltr'>R.</span> <span class='ocrx_word' id='word_1_381' title='bbox 642 2872 678 2903; x_wconf 88' lang='lat' dir='ltr'>T.</span> <span class='ocrx_word' id='word_1_382' title='bbox 697 2872 739 2903; x_wconf 90' lang='lat' dir='ltr'>D.</span> <span class='ocrx_word' id='word_1_383' title='bbox 758 2875 808 2903; x_wconf 87' lang='lat' dir='ltr'>E:</span> <span class='ocrx_word' id='word_1_384' title='bbox 833 2873 937 2904; x_wconf 84' lang='lat' dir='ltr'>debes</span> <span class='ocrx_word' id='word_1_385' title='bbox 954 2876 995 2904; x_wconf 89' lang='lat' dir='ltr'>H.</span> <span class='ocrx_word' id='word_1_386' title='bbox 1132 2882 1184 2912; x_wconf 83' lang='lat'>55.</span> <span class='ocrx_word' id='word_1_387' title='bbox 1211 2873 1367 2903; x_wconf 83' lang='lat' dir='ltr'>exitialis</span> <span class='ocrx_word' id='word_1_388' title='bbox 1382 2876 1426 2904; x_wconf 90' lang='lat' dir='ltr'>H.</span> <span class='ocrx_word' id='word_1_389' title='bbox 1562 2882 1614 2911; x_wconf 88' lang='lat'>72.</span> <span class='ocrx_word' id='word_1_390' title='bbox 1640 2874 1809 2912; x_wconf 79' lang='lat' dir='ltr'>putamus</span> <span class='ocrx_word' id='word_1_391' title='bbox 1826 2874 1868 2902; x_wconf 91' lang='lat' dir='ltr'>H.</span> 
     </span>
    </p>
   </div>
   <div class='ocr_carea' id='block_1_4' title="bbox 371 2981 1816 3065">
    <p class='ocr_par' dir='ltr' id='par_1_13' title="bbox 371 2981 1816 3065">
     <span class='ocr_line' id='line_1_42' title="bbox 371 2981 1816 3022; baseline 0.002 -13"><span class='ocrx_word' id='word_1_392' title='bbox 371 2981 424 3018; x_wconf 81' lang='lat'>38.</span> <span class='ocrx_word' id='word_1_393' title='bbox 452 2981 693 3022; x_wconf 79' lang='lat' dir='ltr'>ratiocinaris]</span> <span class='ocrx_word' id='word_1_394' title='bbox 714 2982 778 3021; x_wconf 86' lang='lat' dir='ltr'>Ep.</span> <span class='ocrx_word' id='word_1_395' title='bbox 796 2982 871 3020; x_wconf 85' lang='lat'>958.</span> <span class='ocrx_word' id='word_1_396' title='bbox 892 2983 934 3012; x_wconf 79' lang='lat'>28</span> <span class='ocrx_word' id='word_1_397' title='bbox 951 2992 1022 3021; x_wconf 86' lang='lat' dir='ltr'>seq.</span> <span class='ocrx_word' id='word_1_398' title='bbox 1215 2982 1268 3013; x_wconf 88' lang='lat'>68.</span> <span class='ocrx_word' id='word_1_399' title='bbox 1296 2981 1536 3022; x_wconf 85' lang='lat' dir='ltr'>ratiocinaris]</span> <span class='ocrx_word' id='word_1_400' title='bbox 1554 2982 1615 3021; x_wconf 87' lang='lat' dir='ltr'>Ep.</span> <span class='ocrx_word' id='word_1_401' title='bbox 1633 2982 1708 3021; x_wconf 88' lang='lat'>958.</span> <span class='ocrx_word' id='word_1_402' title='bbox 1729 2984 1816 3021; x_wconf 90' lang='lat'>48,9.</span> 
     </span>
     <span class='ocr_line' id='line_1_43' title="bbox 375 3025 853 3065; baseline 0.008 -13"><span class='ocrx_word' id='word_1_403' title='bbox 375 3033 426 3062; x_wconf 86' lang='lat'>51.</span> <span class='ocrx_word' id='word_1_404' title='bbox 456 3025 607 3065; x_wconf 86' lang='lat' dir='ltr'>impius]</span> <span class='ocrx_word' id='word_1_405' title='bbox 625 3025 688 3064; x_wconf 90' lang='lat' dir='ltr'>Ep.</span> <span class='ocrx_word' id='word_1_406' title='bbox 707 3026 785 3064; x_wconf 83' lang='lat'>958.</span> <span class='ocrx_word' id='word_1_407' title='bbox 801 3035 853 3064; x_wconf 83' lang='lat'>37.</span> 
     </span>
    </p>
   </div>
  </div>
 </body>
</html>
