2034 3433
326 163 406 202 458
786 158 1036 199 LETTERS
1075 158 1143 196 OF
1181 157 1449 197 ERASMUS
1792 156 1831 210 [1
1840 168 1862 205 5
1871 168 1885 193 1
1895 159 1917 193 S

327 279 415 306 esse
439 266 605 305 amicus.
666 263 720 301 Et
744 264 838 312 post
865 261 965 299 haec
991 273 1057 298 me
1085 259 1317 299 violentum
1345 272 1391 298 ac
1417 259 1595 298 ferocem
1624 260 1734 299 facis.
1792 260 1921 309 optas

326 333 371 369 vt
395 331 473 369 hoc
496 330 627 367 famae
656 327 954 366 vulnusculum
982 324 1118 375 aliqua
1147 325 1334 363 cicatrice
1363 325 1602 363 obducatur.
1660 325 1792 375 Atqui
1819 324 1919 374 quid

326 395 439 434 aliud
458 394 583 433 efficit
602 393 683 431 ista
702 394 774 430 tua
791 391 975 441 epistola,
998 392 1061 430 tot
1085 390 1222 429 verbis
1247 390 1466 440 deplorans
1487 389 1701 440 vtriusque
1720 389 1855 429 vicem
1873 403 1920 428 ac

245 466 305 507 385
328 474 414 499 rem
434 459 552 498 miris
569 456 793 508 tragoediis
810 469 1071 506 exaggerans,
1093 455 1176 494 nisi
1191 458 1237 494 vt
1256 455 1486 493 cicatricem
1504 456 1712 505 vtcunque
1732 457 1920 505 coeptam

328 524 475 564 obduci
494 523 658 562 refricet
674 523 694 560 ?

381 589 449 627 Ad
469 590 569 627 haec
588 587 766 626 hortaris
788 600 854 625 me
884 588 955 624 tuo
984 584 1186 635 exemplo,
1210 599 1262 623 ne
1285 586 1455 635 posthac
1482 587 1688 635 vtcunque
1708 584 1922 624 lacessitus

327 656 372 694 in
407 656 613 692 certamen
643 652 907 691 descendam:
942 651 1058 701 quasi
1092 651 1314 701 quiequam
1346 650 1526 689 habeant
1559 650 1695 689 simile
1725 652 1846 688 tuum
1876 662 1922 688 ac

328 732 469 759 meum
507 718 737 767 negocium.
809 716 1013 755 Fortassis
1051 716 1095 754 in
1134 716 1218 754 tuis
1259 715 1571 754 commentariis
1608 715 1826 754 cauillatus
1861 716 1925 753 est

248 799 309 832 390
326 784 476 835 aliquis
495 786 535 822 te
554 783 692 821 locum
713 782 896 832 aliquem
916 795 1032 820 secus
1058 794 1183 832 quam
1206 781 1287 831 ipsi
1315 781 1504 820 videatur
1526 793 1746 819 enarrasse.
1806 779 1921 828 Quod

328 854 373 889 vt
393 849 574 888 maxime
593 848 767 896 euincat,
790 848 854 886 τὸν
872 847 1077 897 ἡττηθέντα
1099 860 1183 885 11011
1202 846 1284 885 alia
1302 848 1443 884 manet
1462 859 1593 896 poena
1613 859 1739 896 quam
1766 846 1814 885 vt
1836 844 1923 883 illic

326 915 392 955 vel
412 927 560 965 parum
579 915 764 952 attentus
783 912 910 951 fuisse
929 911 1110 951 videaris
1128 911 1196 950 vel
1219 911 1375 961 aliquid
1404 911 1668 950 existimetur
1694 910 1848 960 fugisse
1867 911 1922 958 te,

327 980 437 1031 quod
469 993 552 1018 non
586 979 746 1017 venerit
780 978 824 1016 in
853 980 1052 1024 mentem,
1085 979 1156 1015 aut
1185 977 1312 1015 etiam
1341 989 1425 1015 non
1454 976 1612 1026 legeris.
1674 976 1757 1015 Hic
1786 974 1922 1014 multo

326 1046 409 1085 alia
434 1057 596 1095 pugnae
616 1043 797 1082 conditio
817 1057 826 1091 3
856 1044 892 1081 si
918 1043 1042 1081 modo
1063 1042 1162 1081 haec
1189 1055 1328 1092 pugna
1355 1041 1437 1080 dici
1457 1041 1588 1089 debet,
1612 1041 1656 1079 in
1676 1054 1758 1092 qua
1776 1041 1920 1091 capita-

248 1127 307 1159 395
327 1112 423 1151 liter
440 1110 659 1161 impetitus
685 1109 793 1147 nihil
816 1108 928 1147 aliud
952 1121 1076 1158 quam
1106 1120 1173 1145 me
1197 1107 1385 1146 defendo.
1443 1107 1499 1145 Et
1524 1108 1663 1145 tamen
1684 1108 1731 1145 tu
1761 1119 1923 1157 quoque

328 1177 407 1216 tibi
436 1176 481 1215 in
511 1188 631 1215 causa
658 1174 814 1224 dispari
842 1173 1044 1223 reliquam
1072 1172 1136 1211 vis
1163 1184 1253 1211 esse
1281 1185 1408 1210 vnam
1436 1172 1731 1223 exceptionem,
1760 1172 1822 1211 ‘si
1845 1171 1923 1210 tibi

329 1242 548 1282 silentium
586 1242 707 1279 tuum
737 1239 840 1278 vitio
879 1239 986 1277 verti
1014 1237 1154 1277 videas
1181 1239 1255 1276 aut
1284 1237 1495 1276 luculente
1528 1237 1665 1276 fraudi
1702 1236 1922 1276 futurum.'

328 1309 388 1347 At
407 1321 480 1347 cur
499 1307 576 1345 hac
596 1319 663 1345 me
692 1319 776 1344 non
801 1305 865 1343 vis
890 1304 984 1343 vti?
1041 1303 1147 1342 Nam
1171 1303 1279 1353 quod
1307 1306 1354 1341 tu
1380 1315 1507 1354 negas
1527 1302 1770 1341 obfuturum
1790 1302 1925 1340 famae

328 1387 454 1422 meae,
476 1373 513 1411 si
532 1371 811 1418 obticuissem,
835 1383 911 1408 nec
931 1368 1091 1419 tibiipsi
1110 1369 1223 1417 satis,
1247 1370 1294 1407 vt
1318 1367 1477 1418 opinor,
1509 1368 1759 1418 persuasisti,
1783 1380 1924 1418 quam-

247 1455 310 1486 400
328 1438 394 1478 uis
428 1438 534 1476 mihi
566 1436 809 1487 persuadere
842 1435 1013 1474 conaris.
1072 1435 1213 1484 Atque
1249 1435 1414 1472 vtinam
1451 1434 1557 1472 mihi
1594 1433 1698 1472 tales
1734 1433 1924 1472 adessent

329 1503 462 1551 amici,
486 1502 667 1552 vndique
700 1500 855 1539 cordati
883 1499 1126 1549 oculatique,
1160 1499 1232 1549 qui
1260 1501 1369 1537 certo
1396 1498 1722 1549 praescriberent
1759 1498 1925 1549 quando

328 1571 370 1607 et
403 1570 607 1619 quatenus
645 1568 752 1605 esset
789 1566 1022 1604 aduersario
1060 1564 1420 1614 respondendum!
1477 1565 1569 1603 Hoc
1606 1577 1739 1614 genus
1771 1563 1924 1603 amicos

329 1633 515 1672 fortassis
534 1633 634 1671 haec
655 1633 796 1670 nostra
811 1631 1017 1670 barbaries
1036 1643 1121 1668 non
1140 1630 1275 1677 habet,
1295 1630 1366 1668 sed
1385 1642 1548 1668 mecum
1563 1630 1747 1680 lippiunt
1763 1641 1924 1667 omneS.

330 1699 416 1738 Nec
436 1698 515 1737 tibi
535 1697 768 1744 concedam,
787 1696 963 1744 Budaee,
981 1698 1027 1734 vt
1046 1697 1092 1734 tu
1113 1695 1367 1734 virulentam
1382 1695 1729 1734 concertationem
1743 1693 1924 1733 validius

248 1781 311 1813 405
330 1764 463 1803 oderis
481 1766 604 1813 atque
623 1761 825 1801 execreris
843 1774 969 1812 quam
984 1774 1070 1811 ego.
1128 1761 1213 1799 Nec
1231 1763 1332 1811 puto
1352 1774 1419 1799 me
1437 1761 1529 1799 ideo
1543 1760 1707 1799 affinem
1722 1772 1812 1798 esse
1826 1759 1923 1798 huic

331 1829 508 1877 crimini,
532 1828 569 1866 si
588 1827 826 1878 compulsus
844 1829 885 1864 et
904 1826 963 1865 sic
983 1828 1231 1875 prouocatus
1251 1826 1382 1864 Fabro
1401 1825 1606 1876 respondi.

385 1895 516 1933 Porro
540 1893 647 1944 quod
674 1892 843 1931 interim
874 1904 940 1930 me
970 1891 1144 1930 collocas
1168 1891 1213 1929 in
1239 1891 1393 1940 gloriae
1421 1891 1601 1941 fastigio,
1625 1890 1736 1941 quod
1759 1890 1925 1928 Erasmi

330 1972 485 1998 nomen
513 1959 615 1998 facis
644 1956 1012 2008 opiniosissinium,
1034 1957 1195 2007 aliaque
1219 1956 1261 1995 id
1287 1969 1429 2007 genus,
1451 1956 1572 2007 plane
1599 1956 1725 1995 iocari
1746 1958 1788 1994 te
1808 1957 1923 2005 puto,

331 2026 603 2076 quantumuis
637 2024 742 2062 seria
774 2023 1032 2074 professum:
1074 2022 1281 2073 siquidem
1318 2024 1361 2060 et
1392 2022 1495 2062 alias
1526 2022 1689 2061 inducis
1720 2021 1827 2060 mihi
1858 2021 1926 2070 τὴν

249 2108 312 2139 410
330 2093 496 2140 λεοντῆν,
528 2103 574 2128 ac
602 2102 773 2139 prorsus
801 2091 999 2138 ἱεροπρεπῆ
1030 2087 1267 2139 quempiam
1298 2087 1465 2138 pietatis
1496 2101 1541 2127 ac
1571 2087 1788 2126 literarum
1822 2087 1925 2125 anti-

330 2156 474 2195 stitem
501 2155 614 2203 facis,
644 2154 718 2205 qui
746 2154 830 2192 iam
859 2153 1166 2193 immortalitati
1195 2155 1457 2192 consecratus
1484 2155 1598 2192 extra
1629 2153 1762 2192 famae
1793 2152 1924 2192 aleam

329 2222 384 2261 sit
403 2221 574 2272 positus.
633 2220 766 2270 Atqui
783 2219 896 2258 hunc
915 2219 1192 2258 reuerendum
1210 2219 1452 2269 theologum
1478 2220 1526 2257 tu
1551 2231 1636 2257 non
1662 2218 1781 2257 aliter
1801 2230 1926 2269 quam

330 2287 558 2326 matercula
576 2286 780 2325 infantem
799 2285 994 2335 obiurgas
1011 2299 1020 2323 :
1047 2285 1133 2324 imo
1153 2298 1238 2324 non
1258 2298 1374 2324 secus
1391 2287 1513 2335 atque
1531 2297 1656 2323 seuus
1674 2285 1925 2334 praeceptor,

332 2366 442 2392 nunc
460 2352 594 2391 ferula
616 2364 726 2390 nunc
754 2351 914 2401 flagello
937 2353 1068 2390 terres
1092 2350 1358 2402 castigasque.
1415 2350 1531 2390 Certe
1552 2349 1687 2389 laudis
1710 2349 1788 2388 hoc
1813 2349 1927 2400 quic-

251 2447 312 2478 415
332 2419 431 2469 quid
450 2420 523 2466 est,
541 2417 650 2468 quod
669 2417 775 2456 mihi
790 2419 927 2455 tecum
942 2417 1007 2455 vis
1022 2429 1110 2455 esse
1127 2429 1362 2464 commune,
1379 2429 1476 2455 cum
1494 2417 1554 2454 ais
1571 2417 1579 2434 ‘
1595 2415 1665 2466 qui
1680 2415 1924 2454 seruitutem

332 2485 554 2523 molestam
572 2496 825 2534 grauemque
844 2482 1065 2522 ambitioni
1083 2482 1335 2521 sen-uiuimus
1349 2482 1367 2530 ⁹,
1390 2495 1472 2521 non
1491 2495 1679 2532 agnosco,
1697 2494 1926 2532 moneoque

331 2552 377 2588 vt
395 2563 534 2588 meam
549 2549 783 2600 portionem
796 2549 842 2587 in
856 2548 987 2587 alium
1003 2548 1195 2598 quemuis
1210 2547 1441 2587 transferas.
1493 2548 1610 2587 Nihil
1630 2561 1698 2587 me
1715 2546 1925 2586 infelicius

331 2616 367 2653 si
386 2616 551 2654 tantum
571 2614 809 2665 vigiliarum
827 2614 1047 2653 ambitioni
1066 2613 1211 2652 datum
1231 2617 1305 2654 est.

388 2680 469 2718 Hic
498 2680 632 2719 multa
661 2693 805 2718 rursus
843 2692 988 2730 parum
1021 2679 1248 2730 prudenter
1279 2680 1469 2727 assumis,
1497 2693 1564 2719 me
1592 2679 1928 2719 recriminatione

375 2793 451 2823 397.
476 2787 513 2823 E,
533 2785 569 2822 cs.
587 2786 645 2821 Ep.
662 2784 737 2815 810.
755 2783 839 2814 268:
864 2782 1073 2814 luculentae
1090 2785 1127 2815 F.
1289 2793 1364 2822 413.
1391 2793 1499 2814 senus
1512 2785 1567 2814 H:
1590 2793 1695 2827 senus
1709 2781 1776 2814 Nl:
1800 2792 1929 2814 saeuus

334 2825 399 2857 N²z
423 2828 536 2858 serius
552 2830 591 2859 E.
683 2837 759 2865 414.
782 2826 954 2866 quicquid
970 2828 1023 2858 est
1039 2829 1111 2858 add.
1132 2828 1166 2856 F.
1268 2836 1341 2867 419.
1367 2827 1541 2866 pudenter
1552 2829 1601 2867 1⁰3
1617 2829 1656 2865 qs.
1671 2830 1730 2865 Ep.
1749 2828 1820 2858 108.
1835 2827 1922 2865 85‚6.

379 2927 451 2964 ¹382.
479 2926 601 2967 Optas]
620 2926 683 2966 Ep.
701 2927 776 2957 810.
797 2927 911 2966 198-9.
1207 2926 1282 2964 398.
1308 2925 1431 2966 negas]
1449 2925 1512 2966 Ep.
1529 2926 1603 2957 810.
1623 2935 1683 2956 102
1700 2935 1770 2964 seq.

378 2970 451 3007 387.
475 2969 646 3010 hortaris]
663 2970 727 3010 Ep.
745 2970 818 3001 810.
835 2979 899 3008 255
915 2978 986 3009 seq.
1207 2979 1282 3007 407.
1306 2969 1472 3011 collocas]
1490 2969 1553 3009 Ep.
1569 2970 1644 3000 810.
1660 2969 1736 3008 280,
1752 2977 1869 3008 301-2.

377 3014 451 3051 396.
477 3013 508 3042 si
523 3013 606 3052 tibi]
624 3012 688 3052 Ep.
705 3013 778 3045 810.
799 3013 914 3051 267-8.
1209 3022 1284 3051 415.
1308 3013 1373 3053 ais]
1389 3013 1452 3053 Ep.
1471 3014 1546 3044 810.
1565 3022 1683 3051 274-5.
