2034 3433
117 208 141 211 “
173 198 271 252 906]
627 201 698 241 ΤΟ
735 200 999 241 WILLIAM
1036 202 1307 242 BUDAEUS
1681 201 1760 239 449

170 302 330 352 habere,
355 303 549 354 quicquid
568 304 642 342 abs
663 306 704 343 te
724 317 794 343 seu
814 304 904 343 ioco
923 317 995 343 seu
1015 306 1119 343 serio
1138 305 1341 353 scribitur,
1358 306 1408 344 ab
1426 304 1558 343 amico
1573 316 1759 353 syncero·

170 381 250 418 que
269 370 433 418 pectore
451 368 664 418 proficisci,
682 371 809 418 vtque
828 369 938 407 idem
954 369 1031 408 tibi
1045 370 1095 408 de
1115 383 1182 408 me
1198 371 1452 420 persuadeas,
1472 371 1532 408 καὶ
1549 370 1614 410 τὸν
1633 369 1761 417 φίλιον
1782 381 1819 410 25

171 432 354 482 ὀμόσαντι
372 433 485 482 fidas,
509 433 545 471 si
563 446 710 483 parum
730 433 825 472 fidis
843 434 1034 473 iniurato.

227 497 345 536 Nihil
378 498 494 547 prius
526 511 652 548 quam
683 498 733 536 de
763 498 894 536 animi
931 499 996 537 tui
1029 500 1280 548 synceritate
1316 501 1494 538 testatus
1525 512 1620 538 sum
1652 499 1759 549 apud

172 563 351 602 Beatum
381 563 640 602 Rhenanum.
702 563 822 602 Idem
851 563 958 601 clare
991 566 1123 602 testor
1155 565 1200 603 in
1231 565 1452 614 postremis
1484 564 1626 612 literis,
1660 576 1762 613 quas

171 631 218 666 tu
247 640 409 677 semper
437 629 510 666 tuo
544 641 658 666 more
691 627 839 666 ludens
876 628 1248 668 stomachabundas
1278 642 1410 668 vocas.
1483 629 1569 678 Ego
1602 628 1761 667 nullius

173 692 306 731 literis
343 705 465 742 aeque
503 692 682 731 delector
718 706 762 731 ac
796 692 890 740 tuis,
928 706 978 731 ex
1016 694 1168 743 quibus
1204 693 1481 743 multiplicem
1518 693 1631 742 capio
1669 694 1760 731 tum
1781 702 1823 733 30

172 758 354 795 fructum
390 759 482 796 tum
512 757 778 807 voluptatem.
838 757 1031 796 Primum
1061 759 1148 796 siue
1177 772 1340 797 mecum
1369 759 1509 808 litigas
1537 758 1626 796 siue
1654 757 1762 796 rides

174 821 262 860 siue
294 822 468 870 lacessis,
501 822 664 861 discedo
692 823 876 868 doctior-3
914 822 1021 861 nihil
1050 823 1163 861 enim
1193 824 1264 862 abs
1293 826 1335 862 te
1363 822 1635 872 proficiscitur
1663 822 1762 860 adeo

174 887 408 936 neglectum
438 887 546 936 quod
575 887 754 925 aliorum
783 887 1043 937 quantalibet
1073 901 1169 927 cura
1196 889 1325 938 possit
1352 901 1533 937 aequare.
1603 886 1762 926 Deinde

174 956 272 990 tuus
300 952 379 990 iste
405 951 611 990 sermonis
644 954 806 991 torrens
837 965 975 990 meam
1004 953 1275 1002 expergefacit
1304 952 1637 999 somnolentiam,
1666 955 1764 990 tuus

173 1016 295 1054 ardor
313 1029 454 1055 meum
473 1017 605 1067 frigus
624 1017 746 1065 acuit,
769 1020 841 1056 tua
862 1018 976 1067 copia
995 1031 1200 1067 nusquam
1221 1031 1305 1056 non
1334 1017 1562 1055 exuberans
1582 1016 1762 1054 ieiunam
1782 1029 1823 1059 35

174 1081 402 1120 exilitatem
420 1095 557 1120 meam
585 1083 778 1121 emendat
799 1085 923 1132 atque
945 1083 1129 1132 castigat.
1188 1083 1406 1121 Postremo
1433 1095 1527 1120 cum
1549 1081 1763 1131 praecipua

177 1147 284 1184 vitae
303 1147 495 1195 voluptas
527 1147 597 1194 sit,
617 1160 708 1185 meo
737 1147 901 1194 iudicio,
923 1160 1072 1186 vacuas
1098 1148 1219 1186 horas
1239 1161 1333 1186 cum
1360 1147 1455 1185 fidis
1476 1147 1618 1184 amicis
1638 1149 1764 1184 trans-

176 1211 353 1259 mittere,
377 1212 475 1261 quid
494 1211 624 1261 possit
642 1212 824 1251 accidere
843 1212 1064 1252 iucundius
1086 1226 1209 1263 quam
1230 1226 1328 1251 cum
1347 1212 1478 1250 amico
1506 1215 1594 1251 tam
1614 1211 1764 1250 eximio

175 1275 462 1314 vicissitudine
498 1276 714 1315 literarum
751 1277 1039 1316 confabulari?
1106 1278 1199 1316 Imo
1237 1291 1333 1316 cum
1371 1279 1463 1315 tuas
1504 1277 1593 1326 lego
1630 1276 1764 1314 multo

175 1340 478 1379 literatissimas
506 1341 656 1389 literas,
686 1341 780 1390 plus
808 1342 1006 1391 quiddam
1034 1343 1140 1380 mihi
1168 1342 1320 1381 sentire
1347 1342 1490 1380 videor
1518 1354 1642 1392 quam
1665 1340 1701 1378 si
1725 1341 1766 1381 te
1782 1354 1827 1385 40

176 1418 315 1444 coram
344 1406 543 1453 audirem,
574 1406 739 1445 etiamsi
767 1420 904 1445 coram
934 1421 1095 1457 quoque
1128 1420 1323 1458 perquam
1356 1407 1532 1445 festiuus
1560 1419 1648 1445 esse
1677 1419 1766 1444 con-

177 1483 295 1518 gerro
315 1471 435 1509 soles.

231 1534 353 1573 Hanc
372 1535 628 1585 voluptatem
647 1536 755 1573 mihi
774 1535 947 1574 subinde
968 1549 1121 1575 renouo
1147 1536 1332 1585 epistolis
1361 1536 1445 1574 tuis
1467 1548 1519 1574 ex
1544 1534 1765 1573 interuallo

177 1599 350 1638 relectis.
412 1600 595 1638 Rursum
620 1601 691 1639 vbi
718 1613 785 1639 eas
806 1600 951 1639 amicis
977 1601 1158 1649 ostendo,
1183 1600 1241 1639 sic
1267 1601 1317 1639 de
1342 1601 1503 1650 integro
1523 1600 1702 1638 delector
1719 1612 1765 1637 ac

177 1665 214 1703 si
232 1667 325 1704 tum
343 1665 528 1715 primum
547 1665 654 1704 mihi
673 1665 853 1704 fuissent
871 1665 1064 1705 redditae.
1122 1665 1178 1704 Vt
1194 1665 1360 1705 nullum
1375 1665 1546 1704 interim
1561 1664 1766 1703 calculum
1783 1680 1823 1710 45

178 1730 342 1779 habeat,
369 1730 521 1780 gloriae
549 1730 713 1769 lucrum
748 1730 858 1780 quod
888 1730 988 1768 hinc
1016 1730 1129 1779 facio,
1164 1743 1255 1769 mea
1285 1731 1488 1769 sententia
1519 1743 1602 1768 non
1636 1742 1767 1779 asper-

178 1795 365 1834 nandum
396 1795 434 1833 ei
463 1795 535 1845 qui
561 1795 847 1845 posteritatem
875 1796 1054 1843 spectet;
1092 1798 1138 1834 vt
1168 1808 1282 1834 meae
1310 1794 1618 1834 lucubrationes
1644 1794 1766 1832 inter-

178 1860 411 1899 moriantur
438 1873 520 1899 vna
547 1873 643 1898 cum
671 1873 747 1898 suo
776 1862 930 1907 autore,
961 1860 1028 1899 vel
1066 1860 1392 1909 praemoriantur
1425 1859 1585 1908 magis:
1626 1861 1766 1897 tamen

178 1926 333 1975 posteri
369 1925 591 1975 loquentur
628 1926 852 1964 Erasmum
889 1925 1015 1964 fuisse
1055 1925 1263 1974 quendam
1302 1937 1426 1974 quem
1466 1923 1660 1962 Budaeus
1696 1922 1767 1962 ille

179 2002 356 2040 magnus
393 2002 468 2028 nec
500 1990 631 2028 oderit
665 2002 739 2028 nec
778 1989 950 2028 omnino
987 1989 1290 2040 contempserit.
1353 1989 1491 2027 Huius
1527 1987 1768 2027 ambitionis
1784 2005 1827 2036 50

179 2055 241 2102 (vt
259 2054 435 2105 ingenue
455 2055 603 2104 dicam)
624 2068 692 2093 me
711 2067 784 2093 nec
804 2054 931 2104 pudet
953 2055 1085 2093 adhuc
1116 2067 1190 2093 nec
1216 2054 1411 2104 poenitet.
1472 2052 1652 2091 Proinde
1672 2065 1768 2091 cum

180 2120 455 2170 perspicerem
482 2122 713 2158 accuratam
736 2119 852 2157 illam
875 2121 916 2158 et
942 2120 1138 2169 grandem
1167 2119 1385 2169 epistolam
1411 2119 1457 2156 in
1479 2118 1557 2156 hoc
1581 2119 1769 2167 paratam

182 2188 226 2224 vt
252 2185 477 2233 aederetur,
509 2185 667 2223 veritus
694 2197 789 2224 sum
815 2197 867 2223 ne
893 2184 991 2234 quid
1017 2184 1113 2223 huic
1137 2184 1287 2234 gloriae
1314 2183 1539 2230 decederet,
1569 2194 1614 2220 ac
1640 2183 1767 2231 poste-

182 2250 283 2289 ritas
320 2249 520 2288 iudicaret
558 2249 669 2287 inter
706 2249 924 2287 Budaeum
963 2251 1004 2287 et
1039 2248 1262 2287 Erasmum
1299 2260 1384 2286 non
1425 2250 1513 2286 tam
1553 2259 1768 2296 synceram

182 2315 462 2354 intercessisse
491 2314 839 2353 necessitudinem
873 2325 999 2362 quam
1031 2326 1106 2362 ego
1136 2312 1268 2352 videri
1296 2312 1496 2359 volebam,
1532 2311 1617 2349 imo
1644 2324 1767 2361 quam
1786 2327 1826 2358 55

181 2394 269 2420 esse
289 2381 403 2430 puto.
461 2381 602 2429 Atque
626 2379 738 2417 idem
761 2378 904 2417 damni
933 2377 1039 2416 mihi
1068 2377 1339 2416 metuendum
1362 2378 1449 2415 erat
1471 2376 1580 2426 apud
1601 2375 1765 2420 amicos,

185 2445 336 2496 quibus
355 2446 474 2483 tuum
489 2444 705 2494 ingenium
720 2443 890 2494 propius
901 2456 948 2481 ac
964 2442 1186 2481 domestice
1201 2442 1414 2492 cognitum
1428 2443 1768 2491 perspectumque

184 2523 269 2550 non
288 2512 404 2549 esset.
462 2509 515 2547 Id
534 2508 833 2560 propemodum
852 2510 926 2546 tua
946 2507 1078 2558 magis
1096 2507 1248 2545 referre
1269 2507 1408 2546 visum
1430 2508 1493 2544 est
1516 2518 1640 2555 quam
1663 2518 1767 2552 mea,

183 2576 398 2626 propterea
423 2574 532 2624 quod
554 2587 622 2612 me
643 2573 694 2612 ab
717 2572 954 2612 istiusmodi
976 2572 1207 2622 suspicione
1231 2571 1328 2610 libri
1351 2570 1444 2618 mei,
1471 2570 1506 2608 si
1531 2569 1768 2619 contigisset

183 2652 403 2690 superesse,
435 2640 645 2690 vtcunque
674 2638 926 2678 vindicaturi
952 2637 1202 2677 viderentur.
1258 2638 1319 2676 At
1346 2635 1575 2685 periculum
1602 2636 1690 2673 erat
1717 2647 1768 2672 ne
1785 2639 1829 2672 60

182 2705 278 2756 quis
298 2704 348 2743 de
367 2703 526 2742 Budaei
543 2706 716 2753 pectore,
738 2716 818 2753 quo
841 2702 949 2741 nihil
977 2714 1066 2741 esse
1088 2702 1221 2752 potest
1250 2700 1477 2747 candidius,
1501 2711 1618 2738 secus
1645 2711 1769 2749 quam

186 2769 361 2819 dignum
388 2770 450 2807 est
475 2768 760 2818 suspicaretur.
818 2767 967 2817 Itaque
991 2766 1184 2807 videbam
1212 2765 1457 2804 alterutrum
1482 2764 1683 2811 futurum,
1709 2766 1767 2810 vt,

185 2834 222 2872 si
240 2833 512 2873 ostendissem
530 2833 690 2880 amicis,
702 2833 837 2872 famae
856 2831 1056 2870 nonnulla
1075 2831 1190 2869 fieret
1208 2830 1387 2876 iactura;
1414 2829 1451 2868 si
1471 2841 1555 2866 non
1575 2827 1771 2866 ostendis·

186 2912 286 2946 sem,
327 2897 464 2947 aliqua
499 2897 726 2947 voluptatis
761 2899 875 2947 parte
911 2896 1126 2935 fraudarer.
1199 2894 1282 2933 Hic
1321 2895 1457 2932 metus
1493 2892 1535 2931 id
1574 2892 1772 2944 temporis

823 2974 875 3004 26.
901 2971 990 3002 fidas
1006 2972 1078 3001 add.
1097 2972 1134 3001 F.

594 3054 645 3084 52.
671 3042 874 3084 epistolam]
892 3042 954 3083 Ep.
975 3042 1056 3081 778;
1081 3041 1121 3072 ef.
1142 3041 1205 3080 Ep.
1223 3040 1296 3079 896.
1313 3049 1368 3079 39.

251 3111 357 3132 Anum
375 3111 417 3131 ux
940 3112 964 3136 G
985 3111 1012 3147 g
