2034 3433
161 137 258 192 794]
631 139 701 178 ΤΟ
739 139 925 178 PETER
963 138 1277 178 BARBIRIUS
1669 139 1747 177 249

160 243 294 282 tribus
322 242 597 282 incommodis
623 243 841 290 deterreor,
871 243 1144 293 hypocaustis,
1176 242 1401 282 latrociniis
1427 243 1468 280 et
1491 244 1614 292 peste,
1643 255 1747 291 quae

160 311 297 357 preter
332 308 435 347 alios
463 307 729 347 Lachnerum
759 308 943 357 sustulit,
981 308 1162 346 officinae
1192 307 1473 347 Frobenianae
1501 307 1743 357 principem.

160 373 229 411 Ab
267 373 390 412 Italia
426 372 642 423 prolixitas
683 372 844 411 itineris
888 375 930 411 et
967 372 1130 412 instans
1167 374 1312 412 aestas.
1384 372 1462 411 Sed
1502 385 1747 422 quocunque
1766 377 1806 417 65

160 451 227 476 me
254 439 478 487 contulero,
508 437 655 476 faciam
684 437 746 476 vti
780 450 1010 487 cognoscas.
1069 437 1367 477 Existimabam
1399 451 1466 476 me
1499 438 1547 477 D.
1585 437 1748 476 Cancel-

159 503 262 542 lario
294 503 479 550 scribere,
517 502 677 552 quoties
707 502 782 541 tibi
815 502 1060 541 scriberem:
1102 516 1200 542 nam
1232 503 1370 552 ipsum
1408 505 1468 541 tot
1501 502 1748 541 immersum

161 567 338 617 negociis
378 568 548 607 verebar
583 567 856 617 interpellare.
928 568 1016 617 Ego
1053 567 1121 606 hic
1153 567 1334 618 vndique
1370 567 1502 606 literis
1538 567 1748 606 amatoriis

161 633 321 672 obruor.
381 633 553 683 Scripsit
571 632 918 682 Archiepiscopus
940 632 1283 682 Maguntinensis,
1308 633 1437 671 semel
1456 635 1577 683 atque
1595 632 1747 672 iterum

160 697 388 748 Episcopus
407 698 690 744 Traiectensis,
710 697 838 736 semel
857 697 1104 746 Leodiensis,
1128 698 1256 736 semel
1278 698 1523 738 Baiocensis.
1583 698 1747 737 Inuitor
1769 710 1809 742 70

158 763 209 801 ad
230 764 480 813 complexus.
539 763 699 802 Inuitat
725 762 814 801 Rex
838 762 1015 812 Angliae
1034 764 1077 802 et
1095 763 1221 802 huius
1243 763 1425 802 Achates
1445 762 1748 802 Reuerendissi-

159 841 256 867 mus
284 828 562 867 Eboracensis.
624 828 785 867 Inuitat
809 828 896 866 Rex
922 828 1089 867 Galliae.
1149 829 1331 867 Tantum
1357 831 1418 867 est
1441 831 1673 867 amatorum
1702 831 1746 867 vt

157 893 322 932 difficile
360 893 415 932 sit
451 893 519 932 vel
556 893 741 942 epistolis
778 892 966 931 omnium
1008 894 1265 942 respondere.
1326 892 1480 943 Scripsi
1516 896 1656 932 tamen
1694 894 1743 932 D.

161 958 411 997 Cancellario
439 960 511 996 tuo
539 958 666 1005 iussu,
697 958 762 996 cui
790 971 875 996 non
901 970 1041 1006 parere
1071 970 1155 996 non
1185 957 1285 996 satis
1313 959 1452 996 tutum
1481 958 1668 1006 arbitror,
1703 961 1747 996 vt

156 1036 203 1061 es
221 1023 346 1062 homo
366 1023 585 1061 violentus.
644 1023 707 1060 Ex
733 1022 989 1072 bilinguibus
1014 1021 1081 1060 hic
1109 1035 1252 1061 omnes
1278 1023 1498 1073 trilingues
1523 1023 1744 1061 reddimur.
1769 1036 1807 1069 75

161 1087 406 1136 Matthaeus,
443 1088 509 1126 vir
540 1101 635 1126 suae
668 1087 843 1138 linguae,
878 1087 923 1125 in
954 1100 1034 1137 qua
1066 1089 1188 1125 natus
1221 1090 1295 1136 est,
1329 1088 1373 1126 in
1407 1088 1546 1137 paucis
1578 1088 1745 1138 perit-us,

159 1153 321 1201 publice
357 1153 575 1203 profitetur
614 1152 840 1192 Hebraice:
889 1152 1005 1202 quasi
1042 1165 1190 1201 parum
1233 1153 1300 1191 hic
1343 1153 1470 1191 fuerit
1512 1153 1746 1193 ebriorum!

159 1217 342 1268 Dorpius
355 1218 580 1256 Hebraicae
595 1217 787 1256 factionis
803 1217 886 1256 dux
899 1219 971 1256 est.
1007 1217 1179 1256 Videbis
1192 1218 1309 1256 breui
1324 1232 1482 1257 nouum
1496 1219 1743 1265 Louanium‚

157 1284 201 1320 et
229 1283 579 1322 exosculabuntur
606 1282 730 1320 illum
758 1282 882 1332 paulo
910 1284 1007 1320 ante
1035 1281 1265 1332 lapidatum
1294 1284 1542 1322 Erasmum:
1584 1284 1744 1322 etiamsi

158 1347 430 1398 Paraphrasis
463 1348 659 1386 omnibus
689 1348 878 1386 omnium
909 1347 1078 1386 calculis
1110 1348 1309 1387 laudatur.
1379 1349 1455 1387 Est
1489 1349 1647 1398 aliquid
1680 1348 1746 1388 vel
1768 1357 1808 1387 80

158 1413 281 1451 vnico
313 1412 455 1451 libello
487 1412 691 1462 placuisse
719 1415 805 1451 tam
838 1413 994 1462 iniquis
1022 1425 1067 1450 ac
1095 1414 1281 1452 morosis.
1341 1414 1482 1463 Atque
1509 1414 1674 1452 vtinam
1703 1414 1747 1451 in

159 1478 314 1516 talibus
329 1477 485 1527 campis
504 1491 571 1515 me
591 1478 900 1524 continuissem,
919 1478 964 1515 in
979 1477 1128 1527 quibus
1143 1491 1228 1517 non
1243 1478 1366 1528 paulo
1386 1479 1480 1529 plus
1494 1481 1582 1517 erat
1597 1479 1748 1529 gloriae

159 1543 373 1593 multoque
391 1543 532 1581 minus
553 1542 718 1581 laboris.

213 1607 292 1646 Sed
328 1608 435 1655 fatis,
475 1608 535 1645 mi
573 1607 750 1656 Barbiri‚
788 1609 960 1658 agimur,
1000 1608 1098 1647 fatis
1135 1609 1327 1648 cedamus
1365 1611 1538 1659 oportet.
1610 1610 1659 1648 D.
1699 1609 1748 1647 de

160 1671 340 1711 Heloino
365 1673 428 1711 fac
451 1685 519 1711 me
540 1673 762 1723 diligenter
788 1673 1064 1712 commendes.
1124 1673 1171 1712 R.
1196 1674 1243 1713 P.
1265 1674 1528 1723 Marlianum,
1553 1675 1602 1713 D.
1631 1674 1747 1712 Iodo·
1768 1683 1807 1723 85

157 1751 253 1776 cum
289 1737 766 1785 iurisconsultissimum,
797 1738 846 1776 D.
892 1738 1126 1777 Guidonem
1162 1739 1416 1778 Morilonum
1456 1752 1749 1790 congerronem

159 1806 280 1842 tuum
307 1804 412 1842 meis
440 1803 577 1841 verbis
600 1804 726 1842 etiam
750 1805 874 1853 atque
902 1804 1028 1842 etiam
1053 1803 1196 1843 saluta.
1255 1805 1372 1843 Bene
1394 1805 1497 1854 vale,
1518 1805 1749 1843 amicorum

159 1868 462 1918 syncerissime.
523 1868 698 1907 Louanii
717 1868 820 1918 prid.
844 1867 948 1907 Non.
975 1868 1095 1908 Mart.

203 1971 255 2009 65.
279 1970 470 2010 prolixitas
493 1973 585 2001 MS:
610 1980 690 2001 cum
715 1973 754 2001 D.
937 1973 973 2001 et
988 1974 1078 2003 MS.:
1112 1971 1310 2013 longitudo,
1337 1974 1416 2004 tum
1439 1976 1477 2006 D.
1626 1974 1677 2003 66.
1704 1974 1744 2004 D.

161 2024 220 2044 om.
237 2016 281 2045 H.
447 2023 496 2052 71.
521 2014 606 2044 Rm¹¹⁵
621 2017 710 2046 MS.:
735 2014 775 2046 R.
795 2014 897 2046 Card.
913 2017 961 2046 F:
986 2015 1090 2046 Card.
1105 2017 1148 2047 H.
1316 2026 1366 2055 73.
1392 2016 1433 2047 D.
1453 2020 1540 2048 MS.:
1565 2016 1691 2055 Syluio
1706 2020 1748 2050 H.

164 2067 214 2096 74.
238 2066 314 2088 non
330 2061 402 2087 ante
417 2067 541 2097 parere
556 2060 631 2088 add.
646 2061 784 2088 secunda
799 2068 925 2097 manus,
931 2059 1074 2095 forsitan
1088 2061 1226 2097 Erasmi,
1246 2061 1281 2090 in
1297 2062 1368 2091 MS.
1486 2069 1556 2091 non
1574 2063 1643 2091 MS.
1658 2072 1663 2090 :
1688 2061 1749 2090 vix

162 2103 207 2130 H.
294 2101 447 2131 arbitror
463 2103 538 2131 add.
553 2103 590 2132 F.
718 2102 768 2139 76.
791 2102 849 2131 vir
866 2126 873 2132 .
892 2126 898 2132 .
916 2126 921 2131 .
939 2103 1076 2140 peritus
1091 2105 1163 2133 add.
1184 2105 1222 2133 D.
1354 2114 1404 2143 77.
1430 2104 1604 2135 Hebraice
1620 2106 1694 2135 add.
1710 2107 1747 2134 D.

164 2145 214 2183 78.
239 2144 440 2175 Louanium
456 2147 526 2176 MS.
541 2155 549 2174 :
572 2144 731 2175 seculum
747 2144 809 2175 hic
823 2145 951 2175 exoriri
966 2147 1005 2176 D.
1099 2146 1152 2177 81.
1175 2148 1250 2176 tam
1267 2170 1275 2177 .
1292 2169 1300 2178 .
1321 2171 1328 2177 .
1345 2148 1495 2178 morosis
1510 2150 1559 2179 D:
1582 2147 1749 2178 omnibus

161 2190 231 2219 ΜΞ.
379 2187 432 2225 84.
457 2187 499 2218 D.
518 2187 561 2217 de
578 2187 734 2218 Heloino
749 2191 818 2220 MS.
835 2201 840 2219 :
863 2189 1099 2220 Ornatissimo
1115 2190 1193 2220 viro
1208 2189 1368 2221 Haloino
1383 2194 1425 2222 H.
1579 2191 1630 2229 85.
1648 2191 1687 2221 R.
1708 2190 1744 2221 P.

163 2230 381 2262 Marlianum
397 2233 471 2261 add.
489 2233 518 2260 D
535 2230 591 2271 (R.
609 2231 646 2261 P.
664 2241 721 2262 om.
738 2233 798 2270 H).
918 2232 971 2269 85,
989 2232 1041 2263 86.
1066 2232 1107 2263 D.
1125 2243 1182 2264 om.
1201 2235 1242 2263 H.
1259 2236 1314 2264 bis.
1445 2234 1497 2263 86.
1525 2233 1746 2264 Morilonum

162 2276 236 2306 add.
257 2277 294 2305 F.
470 2274 522 2313 87.
548 2274 648 2305 Bene
664 2298 671 2305 .
690 2297 698 2305 .
719 2299 726 2306 .
743 2276 796 2305 88.
821 2274 922 2306 Mart.
942 2278 1024 2314 MS„
1042 2279 1181 2313 sequente
1201 2279 1258 2313 Ep.
1283 2278 1369 2315 803:
1394 2277 1487 2308 Cura
1509 2277 1620 2307 etiam
1641 2280 1748 2317 atque

163 2319 286 2357 etiam,
310 2318 361 2348 mi
385 2317 537 2358 Barbiri‚
554 2320 594 2348 vt
617 2320 712 2349 recte
733 2319 860 2349 valeas.
909 2318 1001 2349 Nam
1025 2319 1085 2350 hic
1106 2329 1222 2350 annus
1245 2320 1379 2351 multos
1401 2320 1553 2351 eximios
1575 2321 1670 2351 viros
1692 2322 1748 2352 tui

163 2361 302 2392 similes
324 2361 533 2400 absumpsit,
551 2361 597 2392 M.
615 2361 801 2392 Musurum
826 2361 995 2401 Rhomae,
1019 2363 1092 2393 iam
1114 2362 1433 2402 Archiepiscopum
1457 2364 1693 2404 designatum,
1713 2368 1749 2395 et

163 2407 246 2436 ante
262 2405 360 2435 hunc
377 2404 561 2435 Paleotum
577 2405 769 2436 Camillum
782 2416 790 2444 ;
806 2406 968 2436 Lutetiae
985 2405 1156 2436 Faustum
1172 2406 1445 2438 immortalitate
1460 2407 1630 2447 dignum;
1653 2409 1748 2448 apud

163 2448 298 2489 Anglos
314 2448 499 2479 Andream
514 2449 750 2479 Ammonium
771 2449 968 2480 Lucensem
988 2450 1153 2480 omnibus
1174 2450 1322 2489 egregiis
1345 2451 1489 2481 dotibus
1512 2451 1745 2482 cumulatum.

165 2492 198 2523 Ii
228 2492 357 2531 quibus
387 2494 482 2523 astra
513 2494 597 2522 sunt
626 2502 647 2522 a
676 2492 845 2532 consiliis,
878 2492 1060 2524 affirmant
1090 2493 1147 2523 his
1181 2494 1287 2524 annis
1317 2496 1471 2533 quatuor
1500 2496 1641 2526 tantam
1673 2495 1748 2526 fore

163 2535 409 2575 pestilentiam
432 2538 472 2566 vt
494 2535 590 2566 nulli
613 2535 688 2566 sint
715 2536 829 2567 futuri
856 2537 1067 2576 superstites
1093 2538 1233 2576 praeter
1256 2538 1395 2577 egregie
1418 2537 1538 2569 doctos
1561 2548 1601 2569 ac
1623 2539 1750 2579 probos

163 2579 269 2610 viros.
315 2578 415 2618 Quod
439 2579 468 2609 si
491 2588 617 2610 verum
640 2581 707 2618 est,
729 2579 845 2610 ausim
868 2582 903 2611 et
926 2589 989 2619 ego
1012 2580 1227 2610 vaticinium
1250 2590 1371 2611 meum
1394 2581 1600 2621 adiungere,
1619 2582 1749 2613 miram

163 2622 237 2653 fore
260 2621 438 2652 vilitatem
462 2631 636 2654 annonae.
682 2622 756 2662 Quo
779 2624 891 2663 magis
913 2623 982 2654 tibi
1006 2623 1205 2654 cauendum
1230 2633 1366 2664 censeo,
1390 2634 1435 2655 ne
1459 2625 1506 2656 sis
1530 2625 1574 2656 de
1597 2635 1749 2656 numero

211 2732 259 2760 70.
285 2720 448 2761 Inuitor]
470 2720 523 2751 Cf.
542 2720 606 2760 Ep.
624 2721 700 2760 809.
722 2731 781 2760 127
798 2730 869 2760 seq.
1034 2723 1087 2761 85.
1111 2721 1285 2762 Heloino]
1310 2722 1374 2753 See
1389 2732 1447 2762 pp.
1465 2724 1555 2762 62,3.

208 2775 258 2803 74.
284 2762 520 2804 Cancellario]
565 2764 612 2794 Le
651 2764 806 2804 Sauvage
822 2777 829 2804 ;
879 2765 921 2797 ef.
1077 2765 1308 2801 Marlianuml
1333 2765 1398 2797 See
1414 2766 1478 2806 Ep.
1496 2777 1569 2805 411.
1586 2768 1606 2797 8
1622 2777 1660 2799 n.

165 2809 187 2841 l,
212 2818 264 2848 30,
292 2806 365 2838 and
387 2806 452 2846 Ep.
479 2816 551 2846 793.
1076 2808 1261 2849 Iodocum]
1286 2809 1444 2849 Perhaps
1460 2810 1558 2841 Josse
1577 2811 1745 2851 Laurens,

210 2861 258 2890 75.
288 2850 528 2891 bilinguibus]
550 2849 602 2882 Cf.
621 2850 686 2890 Ep.
705 2852 777 2890 761.
793 2853 836 2891 63
847 2862 883 2883 n.
989 2862 1009 2883 a
1030 2851 1091 2882 Dr.
1111 2852 1149 2882 of
1166 2852 1267 2882 Laws
1285 2853 1357 2883 and
1373 2853 1562 2893 Theology,
1579 2855 1660 2885 who
1676 2865 1749 2886 was

210 2896 260 2933 76.
286 2892 506 2933 Matthaeus]
552 2893 691 2925 Adrian
710 2905 718 2932 ;
764 2904 820 2925 see
858 2896 921 2935 Ep.
989 2905 1009 2926 a
1024 2896 1186 2926 member
1200 2895 1239 2926 of
1255 2895 1413 2927 Charles⁷
1431 2896 1578 2928 Council
1593 2897 1633 2928 in
1653 2908 1745 2939 1517,

165 2939 239 2969 686.
265 2948 283 2977 5
300 2947 336 2968 n.
992 2948 1096 2978 15213
1130 2949 1186 2969 see
1209 2939 1374 2970 Gachard
1400 2941 1437 2971 ii.
1463 2950 1536 2980 492,
1563 2950 1638 2982 509,
1663 2952 1748 2981 5173

208 2983 259 3020 84.
286 2981 369 3012 fatis
385 3005 391 3012 .
412 3003 419 3010 .
441 3003 447 3010 .
464 2980 618 3022 agimur]
636 2980 716 3012 Sen.
737 2983 804 3013 Oecl.
823 2982 899 3022 980.
989 2982 1119 3014 Henne
1135 2983 1188 3013 iii.
1205 2984 1268 3020 284
1284 2992 1319 3014 n.
