2034 3433
313 145 366 182 50
772 142 1024 181 LETTERS
1063 141 1132 180 oF
1170 139 1434 179 ERASMUS
1785 137 1908 192 [1517

842 273 937 312 627.
1001 269 1065 311 To
1097 270 1237 311 Louis
1269 269 1379 311 BER.

361 364 546 400 Deventer
564 362 640 398 MS.
662 373 716 407 91,
738 362 762 397 f.
787 363 839 406 56.
1607 359 1786 396 Louvain.

359 422 430 458 LB.
450 422 545 467 App.
568 423 644 456 162.
1531 428 1574 462 23
1593 417 1741 464 August
1763 428 1861 464 1517.

332 519 538 549 ERASMVS
569 517 807 548 THEOLOGO
839 515 996 546 SVMMO
1028 514 1257 545 LVDOVICO
1288 514 1404 544 BERO
1433 514 1640 545 PATRONO
1673 515 1756 545 SVO
1787 515 1819 545 S.
1847 516 1889 546 D.

365 600 482 648 Qvon
516 601 624 637 recte
656 597 769 637 valet
799 598 945 636 vnicus
983 597 1182 646 patronus
1221 608 1338 633 meus
1377 595 1520 643 Berus,
1557 609 1654 634 sane
1693 609 1742 634 ex
1770 597 1910 636 animo

310 664 476 715 gaudeo.
538 664 631 702 Non
665 663 935 701 abhorrebam
965 675 988 701 a
1019 661 1193 708 Basilea‚
1227 673 1351 710 quam
1381 661 1487 698 mihi
1520 674 1602 699 non
1635 661 1778 700 minus
1809 663 1911 702 coeli

309 729 536 767 amoenitas
557 740 680 778 quam
696 727 775 765 iste
789 728 888 765 tuus
902 726 1070 765 animus
1090 725 1365 764 commendat.
1425 725 1582 763 Verum
1604 726 1773 765 Carolus
1794 727 1912 766 Prin-

310 807 403 843 ceps
432 794 516 831 iam
545 793 649 831 duos
676 792 806 830 ferme
834 804 999 830 menses
1026 791 1168 829 haeret
1200 789 1245 826 111
1270 789 1419 836 littore,
1451 789 1592 827 ventis
1619 793 1817 830 nontam
1846 792 1910 830 illi

273 871 290 901 5
310 871 431 908 quam
454 857 572 895 nobis
591 856 784 895 omnibus
810 855 1137 895 aduersantibus.
1199 854 1252 892 Et
1273 853 1504 903 Syluagius,
1528 854 1792 904 Burgondiae
1812 857 1912 896 Can-

310 923 511 970 cellarius,
535 924 753 961 numerata
772 922 821 960 de
842 935 916 960 suo
936 921 1134 972 pensione
1151 932 1252 969 quae
1269 933 1320 958 ex
1333 918 1543 968 Principis
1559 919 1656 958 fisco
1672 920 1907 971 debebatur,

309 1001 389 1037 quo
404 987 511 1025 nihil
526 989 588 1025 est
603 986 779 1035 inanius,
798 986 964 1036 magnis
978 985 1194 1035 promissis
1210 997 1277 1022 me
1289 983 1477 1022 onerauit
1489 983 1589 1021 hinc
1601 984 1646 1022 in
1660 984 1909 1036 Hispaniam

307 1052 579 1101 proficiscens.
613 1050 839 1100 Cupiebam
852 1050 1028 1101 experiri
1040 1049 1247 1100 paulisper
1259 1061 1458 1098 quorsum
1472 1061 1536 1086 res
1549 1049 1751 1089 euaderet.
1777 1050 1911 1099 Quan-

309 1130 433 1166 quam
462 1116 703 1155 huiusmodi
731 1117 918 1166 tempora
946 1115 1185 1154 inciderunt
1210 1116 1267 1162 vt,
1302 1113 1337 1151 si
1367 1113 1546 1151 maxime
1566 1114 1800 1164 voluissem,
1824 1129 1908 1155 non

254 1197 292 1218 10
308 1182 432 1220 fuerit
450 1183 592 1220 tutum
611 1181 719 1220 istuc
738 1180 818 1218 iter
838 1179 1008 1230 ingredi.
1069 1179 1252 1218 Interim
1281 1179 1457 1217 Louanii
1477 1178 1679 1228 sedemus,
1705 1180 1911 1231 theologis

309 1246 505 1285 omnibus
520 1259 683 1285 summa
702 1245 963 1284 humanitate
983 1258 1060 1284 nos
1080 1244 1388 1294 accipientibus.
1449 1244 1499 1282 Id
1520 1257 1567 1282 eo
1587 1243 1691 1282 facio
1711 1245 1911 1285 libentius

309 1313 415 1362 quod
438 1312 604 1351 audiam
632 1311 767 1350 adhuc
797 1310 1040 1350 Carmelitas
1068 1309 1205 1349 nescio
1237 1322 1338 1359 quos
1361 1308 1502 1347 moliri
1532 1309 1670 1348 nescio
1696 1310 1808 1360 quid,
1839 1312 1908 1350 sed

307 1388 458 1424 paucos
477 1375 644 1424 aliquot.
707 1374 767 1412 De
786 1373 919 1412 Fabro
935 1374 1062 1422 doleo,
1082 1373 1154 1423 qui
1170 1386 1236 1410 me
1252 1371 1391 1410 odiosa
1411 1371 1692 1421 disputatione
1707 1374 1910 1424 compulit

307 1440 387 1478 sibi
406 1440 680 1490 respondere;
708 1442 771 1478 tot
792 1440 883 1478 odia
902 1440 1123 1478 verborum
1150 1438 1340 1477 inculcat.
1400 1438 1505 1476 Rem
1532 1451 1581 1476 ex
1605 1438 1746 1478 libello
1768 1453 1910 1490 cogno-

252 1523 288 1553 15
308 1517 405 1544 sees.
466 1505 706 1555 Dispeream
733 1504 777 1541 ni
800 1504 1043 1543 maluissem
1063 1505 1211 1554 ingens
1230 1503 1428 1541 volumen
1457 1502 1530 1541 illo
1558 1502 1764 1542 laudando
1784 1519 1909 1555 quam

308 1571 531 1609 refellendo
561 1582 767 1619 occupare.
844 1569 1022 1620 Dorpius
1056 1583 1105 1608 ex
1139 1569 1280 1607 animo
1314 1570 1376 1606 est
1408 1568 1577 1607 amicus.
1656 1569 1770 1608 Bene
1802 1570 1905 1617 vale,

307 1640 544 1688 praeceptor
564 1636 729 1686 optime.
792 1635 967 1675 Louanii
987 1635 1120 1686 pridie
1140 1634 1428 1673 Bai-tholomei
1448 1635 1532 1672 An.
1553 1647 1642 1672 Μ.1).
1672 1646 1730 1681 17.

706 1748 860 1790 594628.
919 1747 983 1789 To
1015 1749 1199 1789 BEATUS
1233 1748 1501 1789 RHENANUS.

354 1808 541 1869 Deventer
558 1832 633 1868 MS.
656 1843 712 1877 91,
732 1832 756 1868 f.
777 1842 831 1876 47.
1576 1832 1751 1871 Louvain.

354 1891 425 1927 LB.
447 1892 540 1937 App.
565 1892 640 1934 164.
1475 1901 1518 1935 23
1538 1890 1686 1937 August
1706 1891 1858 1939 (1517).

426 1971 600 2012 [Perhaps
616 1970 776 2002 received
795 1980 839 2001 on
860 1980 873 2000 1
893 1970 999 2010 Sept„
1020 1971 1062 2001 cf.
1081 1969 1182 2000 BRE.
1202 1971 1255 2009 69.
1304 1970 1330 2000 F
1333 1981 1371 2001 or
1385 1981 1405 2000 α
1421 1970 1493 2002 and
1509 1971 1532 2005 β
1549 1981 1605 2002 533
1621 1971 1684 2011 Ep.
1703 1972 1798 2013 629.]

788 2058 994 2088 ERASMVS
1026 2058 1172 2088 BEATO
1203 2057 1286 2087 SVO
1319 2059 1352 2089 S.
1381 2059 1422 2088 D.

360 2140 425 2178 DE
444 2137 646 2177 Frobenio
666 2137 773 2176 nihil
800 2139 950 2176 mirer:
979 2139 1080 2177 noui
1109 2138 1295 2177 hominis
1323 2138 1551 2189 ingenium.
1612 2141 1674 2178 De
1694 2141 1907 2181 Lachnero

306 2204 434 2242 miror
457 2216 529 2242 cur
556 2203 663 2241 nolit
685 2204 757 2241 tuo
777 2203 839 2241 vti
867 2203 1047 2251 consilio,
1079 2204 1323 2253 praesertim
1350 2217 1447 2242 cum
1476 2204 1519 2242 id
1545 2205 1768 2255 diligenter
1794 2221 1907 2246 man-

307 2269 449 2308 darim.
509 2268 751 2319 Quanquam
781 2269 817 2306 is
845 2282 919 2318 per
947 2282 1070 2318 quem
1090 2269 1195 2307 mihi
1219 2270 1478 2320 respondent,
1503 2270 1648 2308 scribit
1671 2273 1713 2309 te
1741 2272 1787 2310 in
1816 2286 1906 2312 con-

307 2333 448 2372 silium
486 2333 724 2371 adhibitum
761 2332 825 2381 iri,
860 2347 955 2372 cum
994 2333 1256 2372 adornabunt
1293 2334 1533 2374 editionem.
1595 2335 1705 2383 Quos
1741 2340 1907 2377 autores

272 2412 288 2442 5
309 2398 522 2445 excudant,
555 2398 614 2436 mi
642 2398 777 2445 Beate,
810 2399 954 2436 nostra
983 2411 1068 2436 11011
1102 2399 1245 2448 magni
1283 2399 1418 2446 refert,
1453 2399 1575 2438 modo
1605 2400 1725 2438 nobis
1754 2402 1906 2441 faciant

308 2462 418 2501 satis.
479 2462 594 2510 Quod
617 2463 652 2500 si
671 2462 765 2501 illos
787 2463 917 2501 nostri
939 2463 1086 2513 pigeat,
1111 2463 1195 2502 iam
1215 2464 1265 2502 ad
1286 2477 1352 2502 me
1373 2464 1536 2514 scripsit
1556 2465 1782 2514 Asulanus,
1803 2467 1905 2505 Aldi

352 2555 425 2585 627.
453 2564 483 2593 5.
509 2554 703 2594 Syluagrus
719 2557 788 2585 MS.
879 2556 908 2585 6.
937 2564 999 2585 suo
1015 2556 1090 2584 LB:
1115 2564 1177 2585 sua
1194 2558 1261 2585 MS.
1364 2555 1440 2587 628.
1468 2565 1494 2586 1.
1523 2557 1688 2588 mirera:
1714 2558 1825 2589 miror
1839 2562 1905 2591 ΖΒ.

309 2609 337 2627 2.
363 2599 474 2628 miror
490 2599 512 2631 β
528 2610 535 2628 :
560 2598 651 2627 miro
666 2609 696 2628 α.

331 2682 405 2712 627.
431 2692 460 2719 4.
488 2681 575 2712 (11105
591 2681 702 2712 ferme
719 2681 875 2723 menses]
894 2683 945 2714 Of.
962 2693 995 2723 p.
1015 2693 1044 2722 3.
1138 2685 1177 2715 11.
1209 2695 1276 2724 4,5,
1306 2685 1449 2725 implies
1475 2686 1536 2716 the
1567 2689 1796 2727 expectation
1823 2689 1901 2721 that

352 2726 381 2755 6.
408 2722 594 2764 pensione]
611 2725 663 2756 Cf.
682 2726 744 2765 Ep.
765 2735 838 2765 597.
856 2729 908 2758 26.
1139 2728 1307 2759 Erasmus
1322 2729 1442 2759 would
1458 2729 1561 2760 make
1578 2741 1596 2761 a
1614 2732 1697 2771 long
1713 2734 1802 2772 stay.

357 2777 404 2799 10.
433 2768 569 2808 tutum]
588 2769 640 2800 Cf.
658 2768 719 2808 Ep.
737 2779 811 2808 597.
828 2780 880 2809 49.
1181 2771 1257 2803 628.
1287 2781 1313 2802 1.
1341 2772 1434 2802 nihil
1452 2773 1578 2814 mirer]
1593 2774 1661 2805 For
1672 2777 1830 2808 coolness
1846 2777 1902 2808 be—

356 2822 403 2841 12.
428 2811 652 2852 Carmelitas]
670 2813 722 2843 Cf.
743 2813 805 2851 Ep.
827 2823 900 2853 597.
920 2823 1010 2853 5711.
1138 2817 1255 2845 tween
1287 2815 1456 2846 Erasmus
1486 2818 1558 2848 and
1590 2818 1729 2850 Froben
1759 2821 1796 2851 at
1827 2821 1902 2851 this

357 2857 405 2885 16.
430 2854 598 2896 DorpIus]
616 2856 677 2887 Dr.
695 2855 739 2885 de
756 2856 884 2896 Jongh,
904 2860 976 2888 Rev.
996 2860 1069 2888 hist.
1141 2858 1229 2888 time
1246 2868 1302 2888 533
1319 2858 1405 2899 Epp.
1424 2861 1498 2899 629,
1518 2871 1591 2901 705,
1613 2871 1684 2901 733.

309 2901 373 2929 eccl.
405 2898 455 2928 xii
485 2899 611 2939 (1911),
639 2908 696 2938 pp.
727 2909 833 2938 114›55
867 2900 1004 2940 prefers
1034 2903 1071 2931 to
1183 2911 1214 2939 3.
1240 2901 1270 2932 is
1304 2912 1366 2941 per
1397 2904 1520 2945 quem]
1555 2905 1732 2946 Probably
1762 2907 1901 2946 Angst;

310 2942 390 2972 (late
415 2941 477 2980 Ep.
500 2951 564 2980 509
587 2946 624 2972 at
648 2942 722 2973 this
745 2943 889 2982 period;
919 2945 1074 2983 arguing
1139 2954 1195 2975 see
1212 2944 1273 2984 Ep.
1292 2946 1366 2984 634.

310 2985 389 3015 that
423 2985 595 3016 ‘Posthac
627 3009 635 3016 .
668 3009 675 3016 .
706 3009 713 3016 .
746 2995 825 3025 sepe
855 2997 1037 3018 accurram
1049 2989 1067 3026 ⁸,
1183 2989 1212 3019 6.
1239 2988 1437 3032 Asulanus]
1458 2991 1520 3030 Ep.
1539 2992 1615 3032 589.
