2034 3433
131 173 154 209 8
165 184 178 209 1
187 170 228 223 0]
543 172 694 212 FR-OM
731 172 994 211 WILLIAM
1034 173 1302 213 BUDAEUS
1633 173 1710 211 273

77 305 82 309 .
129 276 329 317 exierunt,
351 274 570 314 hominum
597 277 820 315 memoriae
839 276 1128 323 eximerentur,
1150 278 1276 326 tuque
1297 289 1384 314 rem
1403 276 1535 326 ipsam
1555 276 1714 315 arbitrii

128 341 295 379 tantum
326 340 400 387 tui,
423 353 508 378 non
535 341 661 379 etiam
690 341 753 379 tui
782 341 1071 389 studiosorum,
1097 353 1184 379 esse
1215 341 1352 389 velles,
1387 341 1555 380 omnino
1584 343 1635 390 te,
1667 344 1712 379 vt

130 405 369 457 parcissime
407 405 559 455 loquar,
592 406 649 444 ita
684 408 1014 456 comparaturum
1047 408 1094 445 vt
1126 407 1326 456 grauitate
1360 408 1401 444 et
1433 406 1714 445 moderatione

131 469 381 520 superiorem
401 470 537 509 videri
557 484 680 521 quam
697 471 918 510 verborum
939 472 980 509 et
998 471 1311 510 altercationum
1327 471 1542 510 subamara
1560 470 1715 509 vicissi-

130 535 276 573 tudine
313 537 581 585 praeoptares.
643 536 783 586 Neque
823 549 907 574 non
947 536 1080 574 Fabro
1117 536 1262 574 itidem
1300 549 1386 574 rem
1422 535 1714 586 poenitendam

132 599 264 638 videri
283 601 488 648 existimo,
512 614 591 650 qua
612 603 674 639 est
693 601 823 639 animi
844 601 1069 651 probitate:
1090 603 1135 639 vt
1154 602 1201 639 tu
1220 601 1306 651 ipse
1326 601 1543 651 agnouisse
1561 600 1715 651 alioqui

132 666 170 701 te
197 664 349 711 fateris,
381 665 453 715 qui
478 667 605 704 etiam
633 666 744 704 hunc
774 678 913 704 casum
939 678 1069 704 noxae
1095 664 1340 704 Homericae
1375 665 1535 714 tribuis,
1562 666 1640 718 ἦγε,
1670 668 1715 704 vt

131 730 269 778 inquit
297 729 379 778 ille,
414 729 492 768 κατ’
526 730 665 780 ἀνδρῶν
703 732 842 781 κράατα
879 731 1001 779 βαίνει
1042 731 1260 768 Βλάπτουσ’
1294 730 1515 780 ἀνθρώπους.
1573 730 1714 781 Neque

133 795 351 844 quicquam
390 797 452 833 est
490 796 598 846 quod
637 795 777 834 minus
819 795 982 834 credam
1021 808 1144 844 quam
1183 796 1320 845 ipsum
1359 795 1583 846 Apologiae
1619 798 1714 834 tuae

133 872 438 908 responsurum,
463 861 540 898 etsi
559 860 802 898 temerarius
820 873 963 898 rumor
980 860 1084 898 istuc
1104 873 1230 910 vsque
1248 861 1446 908 manauit,
1467 861 1532 898 vel
1547 862 1715 898 tuorum

134 925 306 963 fortasse
321 925 500 963 nimium
520 925 661 964 sedula
681 926 858 974 suspicio
879 924 1092 971 confinxit,
1108 924 1287 963 Fabrum
1309 925 1521 975 quippiam
1535 925 1717 963 huiusce·

136 989 248 1027 modi
281 989 448 1028 moliri:
486 1003 609 1039 quem
645 990 769 1028 etiam
799 989 920 1027 audio
960 986 1256 1037 non'subdole‚
1292 1003 1376 1027 non
1413 990 1596 1040 figurate,
1632 1003 1716 1028 non

133 1056 314 1103 ὑπούλως,
343 1068 428 1093 11011
458 1055 672 1105 repentina
697 1054 990 1101 demutatione,
1025 1054 1095 1092 secl
1125 1055 1230 1092 bona
1262 1055 1357 1102 fide,
1383 1055 1452 1093 sed
1483 1057 1718 1093 constanter

133 1122 173 1157 et
196 1120 468 1158 asseuerantis
492 1121 612 1158 vultu
638 1119 791 1169 scripta
816 1121 887 1158 tua
913 1119 1089 1167 laudare,
1113 1132 1348 1169 quanquam
1373 1119 1600 1169 Apologiae
1623 1121 1717 1158 tuae

135 1185 322 1223 infensus
341 1186 394 1223 sit
414 1185 595 1223 fortasse.
658 1185 759 1233 Quis
783 1185 896 1222 enim
922 1184 1097 1222 miretur
1119 1186 1159 1222 te
1178 1184 1241 1222 1111
1261 1185 1305 1222 111
1325 1198 1371 1222 eo
1391 1197 1476 1222 non
1495 1184 1653 1234 placere
1672 1184 1717 1221 in

134 1253 277 1301 quo-tu
298 1251 376 1290 tibi
391 1251 581 1301 displices
594 1253 614 1290 Ῥ
642 1254 689 1289 vt
707 1253 748 1289 et
768 1264 817 1289 ex
837 1250 968 1288 literis
983 1251 1067 1288 tuis
1086 1250 1287 1299 intelligo,
1300 1251 1344 1288 in
1365 1250 1515 1300 quibus
1533 1250 1717 1288 inuitum

133 1319 173 1354 te
191 1316 234 1354 id
253 1319 462 1356 certamen
483 1316 709 1366 suscepisse
733 1317 832 1355 satis
851 1315 1083 1365 significare
1102 1315 1208 1353 mihi
1226 1315 1391 1354 videris.

191 1381 295 1420 Vide
315 1395 440 1431 quam
461 1381 620 1430 οἶφειδῶς
638 1385 688 1433 τῷ
704 1384 769 1430 τῆς
789 1381 918 1429 φιλίας
937 1380 1060 1432 δικαίῳ
1079 1384 1180 1428 Vtar,
1199 1382 1238 1419 et
1254 1394 1331 1430 qua
1339 1394 1377 1418 tn
1392 1381 1459 1429 τὴν
1478 1380 1570 1432 ἄγαν
1585 1380 1719 1429 ταύτην

137 1445 307 1490 ἐξουσίαν
326 1446 623 1485 familiaritatis
646 1459 854 1496 vsurpem.
914 1445 1045 1484 Video
1070 1446 1153 1484 iam
1178 1458 1299 1496 quam
1319 1445 1424 1483 mihi
1442 1445 1631 1483 infensus
1649 1444 1715 1491 sis,

134 1523 230 1548 cum
255 1511 333 1548 hoc
359 1511 470 1561 legis,
493 1511 563 1560 qui
587 1514 674 1549 tam
702 1511 895 1561 iniquum
913 1511 990 1549 tibi
1013 1510 1191 1549 iudicem
1215 1524 1281 1548 me
1308 1510 1534 1560 praebeam,
1558 1522 1653 1547 cum
1672 1511 1718 1547 tu

136 1588 203 1614 me
221 1577 364 1614 tamen
388 1577 681 1626 aequissimum
710 1577 756 1615 in
782 1576 954 1626 epistola
976 1579 1047 1615 tua
1074 1590 1202 1624 voces,
1226 1576 1264 1616 ὃς
1284 1575 1543 1626 ἐπιτρέψαντός
1565 1592 1636 1613 σου
1653 1575 1720 1623 τὴν

137 1640 276 1678 δίαιτάν
304 1659 368 1691 μοι
392 1644 457 1690 τῆς
485 1642 713 1690 φιλονεικίας
739 1643 840 1692 ὑμῶν
869 1640 1115 1692 κατεδιῄτησα
1144 1644 1214 1679 σοῦ
1244 1642 1307 1679 τὸν
1335 1644 1459 1693 ἀγῶνα
1483 1640 1637 1685 τουτονὶ,
1657 1640 1721 1678 τὸν

136 1707 220 1755 ὑμῖν
235 1706 559 1756 περισπούδαστον
573 1721 582 1745 :
611 1708 656 1746 vt
672 1720 724 1745 ne
740 1706 943 1756 appellare
960 1706 1128 1756 quidem
1143 1719 1379 1756 quenquam
1399 1705 1577 1743 iudicem
1593 1704 1720 1743 alium

138 1770 310 1810 fortasse
321 1772 466 1822 possis,
483 1773 555 1821 qui
567 1772 672 1810 1111111
685 1772 900 1811 arbitrium
915 1772 993 1810 hoc
1007 1772 1175 1810 omnino
1187 1770 1431 1821 permiseris,
1441 1784 1493 1809 ne
1506 1771 1720 1808 Budaeum

137 1836 305 1885 quidem
324 1837 462 1887 ipsum
477 1838 542 1876 τόν
556 1855 600 1889 γε
615 1840 700 1876 νοῦν
714 1838 948 1888 προσέχοντα
962 1838 1038 1876 τοῖς
1057 1837 1128 1874 ὑπὸ
1144 1839 1214 1874 (roi)
1234 1835 1536 1887 ἅπολογηθεῖσιν,
1556 1835 1597 1872 id
1612 1835 1720 1884 quod

138 1901 214 1938 tibi
240 1901 410 1940 demum
433 1902 598 1940 saluum
626 1915 711 1941 esse
731 1902 912 1941 voluisti.
965 1901 1200 1949 Enimuero,
1224 1900 1371 1950 inquis,
1393 1899 1651 1951 iniquissime
1680 1901 1720 1937 et

139 1967 299 2014 praeter
326 1967 421 2005 tuos
448 1979 583 2005 mores
610 1967 725 2005 facis.
782 1966 842 2005 Ne
871 1966 999 2016 igitur
1026 1979 1092 2004 me
1121 1966 1349 2010 lacesseres,
1375 1965 1446 2015 qui
1473 1964 1623 2014 scripta
1651 1965 1721 2002 tua

139 2043 205 2068 me
239 2029 433 2069 deiecisse
467 2031 736 2070 calumniaris
768 2033 809 2069 et
839 2030 1007 2080 Copiam
1034 2033 1150 2069 tuam
1180 2033 1421 2069 extenuasse
1448 2028 1722 2068 frementibus

139 2095 224 2132 tuis
258 2094 413 2134 amicis.
473 2096 526 2134 In
561 2110 641 2146 quo
674 2098 817 2134 vtrum
848 2096 1095 2146 aequitatem
1128 2098 1244 2134 tuam
1274 2095 1513 2145 desyderare
1540 2094 1718 2141 debeam,

138 2159 238 2197 alias
265 2160 436 2198 fortasse
454 2161 620 2209 videro3
654 2160 725 2210 qui
749 2160 937 2210 ignorare
966 2173 1051 2199 non
1076 2162 1190 2209 potes
1214 2160 1313 2210 quid
1339 2160 1389 2198 de
1412 2161 1452 2198 te
1480 2158 1720 2209 scriptisque

139 2224 224 2262 tuis
242 2224 439 2263 senserim
461 2238 506 2264 ac
526 2225 773 2275 scripserim.

195 2289 351 2327 Verum
379 2291 424 2328 vt
452 2290 502 2328 ad
526 2291 633 2328 seria
656 2290 825 2328 tandem
850 2290 1026 2337 veniam,
1050 2290 1176 2328 velim
1202 2290 1260 2328 ita
1279 2290 1500 2333 existimes,
1521 2288 1720 2327 iudicium

141 2366 281 2392 meum
309 2354 358 2392 de
385 2357 519 2393 vestra
544 2355 617 2392 illa
643 2354 897 2392 dissensione
919 2354 1051 2392 adhuc
1070 2355 1115 2392 in
1137 2367 1227 2393 mea
1251 2366 1339 2391 esse
1360 2355 1572 2402 potestate.
1630 2353 1722 2392 Etsi

142 2420 187 2456 tu
228 2419 340 2457 enim
377 2432 466 2457 rem
499 2419 581 2457 mei
613 2419 775 2457 arbitrii
813 2419 1095 2469 quadantenus
1133 2432 1220 2457 esse
1257 2418 1436 2463 voluisti,
1474 2420 1614 2456 tamen
1650 2418 1720 2456 ille

142 2483 312 2522 fortasse
350 2483 457 2522 hanc
490 2484 626 2522 subire
664 2483 805 2522 iudicii
841 2484 971 2522 aleam
1009 2484 1126 2531 nolit,
1165 2484 1234 2534 qui
1272 2483 1406 2530 etiam,
1442 2485 1487 2521 vt
1524 2483 1720 2533 suspicor,

144 2548 373 2598 aequiorem
402 2545 469 2587 me
495 2549 573 2588 tibi
598 2550 752 2597 credit3
781 2562 875 2588 cum
899 2551 947 2587 tu
973 2549 1178 2587 diuersam
1206 2548 1442 2598 opinionem
1468 2548 1629 2596 habeas,
1653 2547 1722 2598 qui

144 2626 210 2650 ine
242 2614 287 2651 in
320 2616 392 2652 tua
423 2613 593 2663 epistola
630 2614 809 2663 suspecti
845 2613 1051 2664 postulare
1088 2626 1172 2651 non
1205 2625 1345 2661 cessas,
1382 2615 1427 2651 vt
1459 2612 1561 2651 iuris
1597 2611 1722 2650 verbo

144 2677 300 2728 loquar.
357 2678 437 2717 Sed
456 2679 534 2717 etsi
555 2680 725 2729 vterque
749 2692 799 2717 ex
828 2680 1037 2728 compacto
1062 2678 1279 2716 arbitrium
1299 2677 1404 2715 mihi
1422 2677 1497 2715 hoc
1517 2677 1716 2724 deferatis,

144 2742 255 2780 haud
274 2742 410 2782 libens
428 2743 689 2793 susceperim.
746 2743 862 2791 Quod
882 2743 917 2781 si
944 2756 1010 2780 me
1036 2744 1220 2781 autorem
1247 2755 1331 2780 non
1353 2741 1554 2792 respuitis,
1576 2742 1720 2792 cupide

144 2807 184 2844 id
209 2808 418 2856 suaserim,
449 2810 493 2846 vt
516 2808 649 2846 denuo
672 2808 716 2846 in
742 2808 930 2846 futurum
961 2807 1164 2845 amicitiae
1192 2806 1321 2844 officia
1349 2806 1512 2845 colatis:
1543 2806 1584 2844 id
1614 2807 1720 2857 quod

534 2909 605 2938 170.
629 2908 670 2930 ex
688 2901 762 2930 add.
778 2902 814 2929 F.
931 2908 999 2936 174.
1021 2898 1085 2927 hoc
1102 2899 1151 2926 E:
1175 2896 1258 2926 haec
1274 2899 1312 2929 F.

194 2975 262 3004 161.
290 2974 515 3015 Homericae]
532 2977 572 3006 Π.
596 2983 644 3013 19.
661 2983 749 3013 93,4.
995 2982 1064 3011 175.
1089 2972 1363 3012 aequissimum]
1381 2971 1434 3003 cf.
1453 2972 1515 3012 Ep.
1532 2973 1604 3012 778.
1622 2973 1675 3003 82.

192 3027 264 3057 170.
290 3017 464 3059 inuitum]
483 3017 535 3050 cf.
554 3019 616 3058 Ep.
637 3018 708 3056 778.
728 3026 768 3057 54
785 3026 855 3056 seq.
997 3016 1067 3047 180.
1093 3014 1254 3056 voluisti]
1272 3015 1336 3055 Ep.
1355 3017 1428 3054 778.
1444 3017 1508 3054 316
1519 3016 1560 3048 -8.

212 3083 319 3103 Annum
336 3083 378 3102 111
920 3084 943 3108 T

1734 285 1793 321 155

1734 605 1795 637 160

1737 928 1796 972 165

1740 1262 1800 1296 170

1741 1587 1799 1620 175

1742 1904 1801 1935 180

1741 2228 1798 2268 185

1741 2563 1804 2596 190
