<?xml version="1.0" encoding="UTF-8"?>
<!DOCTYPE html PUBLIC "-//W3C//DTD XHTML 1.0 Transitional//EN"
    "http://www.w3.org/TR/xhtml1/DTD/xhtml1-transitional.dtd">
<html xmlns="http://www.w3.org/1999/xhtml" xml:lang="en" lang="en">
 <head>
  <title>
</title>
<meta http-equiv="Content-Type" content="text/html;charset=utf-8" />
  <meta name='ocr-system' content='tesseract 3.04.00' />
  <meta name='ocr-capabilities' content='ocr_page ocr_carea ocr_par ocr_line ocrx_word'/>
</head>
<body>
  <div class='ocr_page' id='page_1' title='image "./opusepistolarumd03erasuoft_0290.png"; bbox 0 0 2034 3433; ppageno 0'>
   <div class='ocr_carea' id='block_1_1' title="bbox 279 103 1864 157">
    <p class='ocr_par' dir='ltr' id='par_1_1' title="bbox 279 103 1864 157">
     <span class='ocr_line' id='line_1_1' title="bbox 279 103 1864 157; baseline -0.003 -10"><span class='ocrx_word' id='word_1_1' title='bbox 279 109 358 147; x_wconf 78' lang='lat'>248</span> <span class='ocrx_word' id='word_1_2' title='bbox 738 107 988 146; x_wconf 85' lang='lat' dir='ltr'>LETTERS</span> <span class='ocrx_word' id='word_1_3' title='bbox 1027 105 1094 143; x_wconf 84' lang='lat' dir='ltr'>OF</span> <span class='ocrx_word' id='word_1_4' title='bbox 1133 105 1400 144; x_wconf 85' lang='lat' dir='ltr'>ERAsMUs</span> <span class='ocrx_word' id='word_1_5' title='bbox 1740 103 1779 157; x_wconf 85' lang='lat'>[1</span> <span class='ocrx_word' id='word_1_6' title='bbox 1788 116 1809 153; x_wconf 87' lang='lat'>5</span> <span class='ocrx_word' id='word_1_7' title='bbox 1819 118 1833 142; x_wconf 94' lang='lat'>1</span> <span class='ocrx_word' id='word_1_8' title='bbox 1843 108 1864 142; x_wconf 80' lang='lat'>8</span> 
     </span>
    </p>
   </div>
   <div class='ocr_carea' id='block_1_2' title="bbox 207 208 1864 2404">
    <p class='ocr_par' dir='ltr' id='par_1_2' title="bbox 220 208 1864 391">
     <span class='ocr_line' id='line_1_2' title="bbox 279 208 1864 257; baseline -0.003 -6"><span class='ocrx_word' id='word_1_9' title='bbox 279 215 319 251; x_wconf 91' lang='lat' dir='ltr'>et</span> <span class='ocrx_word' id='word_1_10' title='bbox 337 212 525 251; x_wconf 89' lang='lat' dir='ltr'>animum</span> <span class='ocrx_word' id='word_1_11' title='bbox 545 211 768 250; x_wconf 77' lang='lat' dir='ltr'>reddidisti.</span> <span class='ocrx_word' id='word_1_12' title='bbox 828 210 906 248; x_wconf 82' lang='lat' dir='ltr'>Sed</span> <span class='ocrx_word' id='word_1_13' title='bbox 927 211 1042 247; x_wconf 78' lang='lat' dir='ltr'>extra</span> <span class='ocrx_word' id='word_1_14' title='bbox 1060 209 1203 255; x_wconf 90' lang='lat' dir='ltr'>iocum,</span> <span class='ocrx_word' id='word_1_15' title='bbox 1222 221 1410 247; x_wconf 90' lang='lat' dir='ltr'>summae</span> <span class='ocrx_word' id='word_1_16' title='bbox 1429 208 1635 257; x_wconf 80' lang='lat' dir='ltr'>voluptati</span> <span class='ocrx_word' id='word_1_17' title='bbox 1653 208 1762 246; x_wconf 91' lang='lat' dir='ltr'>mihi</span> <span class='ocrx_word' id='word_1_18' title='bbox 1781 209 1864 247; x_wconf 86' lang='lat' dir='ltr'>fuit</span> 
     </span>
     <span class='ocr_line' id='line_1_3' title="bbox 220 273 1860 323; baseline -0.002 -7"><span class='ocrx_word' id='word_1_19' title='bbox 220 289 259 320; x_wconf 81' lang='lat'>30</span> <span class='ocrx_word' id='word_1_20' title='bbox 275 290 488 316; x_wconf 89' lang='lat' dir='ltr'>summum</span> <span class='ocrx_word' id='word_1_21' title='bbox 506 277 628 315; x_wconf 89' lang='lat' dir='ltr'>illum</span> <span class='ocrx_word' id='word_1_22' title='bbox 656 287 797 313; x_wconf 86' lang='lat' dir='ltr'>meum</span> <span class='ocrx_word' id='word_1_23' title='bbox 826 274 1107 313; x_wconf 89' lang='lat' dir='ltr'>Moecenatem</span> <span class='ocrx_word' id='word_1_24' title='bbox 1126 273 1174 312; x_wconf 91' lang='lat' dir='ltr'>D.</span> <span class='ocrx_word' id='word_1_25' title='bbox 1199 273 1401 312; x_wconf 89' lang='lat' dir='ltr'>Ioannem</span> <span class='ocrx_word' id='word_1_26' title='bbox 1428 273 1622 323; x_wconf 84' lang='lat' dir='ltr'>Syluium</span> <span class='ocrx_word' id='word_1_27' title='bbox 1648 274 1736 312; x_wconf 89' lang='lat' dir='ltr'>tam</span> <span class='ocrx_word' id='word_1_28' title='bbox 1755 273 1860 312; x_wconf 87' lang='lat' dir='ltr'>belle</span> 
     </span>
     <span class='ocr_line' id='line_1_4' title="bbox 277 337 1576 391; baseline -0.005 -9"><span class='ocrx_word' id='word_1_29' title='bbox 277 343 423 391; x_wconf 85' lang='lat' dir='ltr'>valere,</span> <span class='ocrx_word' id='word_1_30' title='bbox 443 342 594 388; x_wconf 88' lang='lat' dir='ltr'>virum,</span> <span class='ocrx_word' id='word_1_31' title='bbox 613 341 671 378; x_wconf 89' lang='lat' dir='ltr'>ita</span> <span class='ocrx_word' id='word_1_32' title='bbox 689 353 757 377; x_wconf 91' lang='lat' dir='ltr'>me</span> <span class='ocrx_word' id='word_1_33' title='bbox 779 339 890 377; x_wconf 91' lang='lat' dir='ltr'>Deus</span> <span class='ocrx_word' id='word_1_34' title='bbox 911 340 1032 387; x_wconf 91' lang='lat' dir='ltr'>amet,</span> <span class='ocrx_word' id='word_1_35' title='bbox 1054 337 1370 376; x_wconf 76' lang='lat' dir='ltr'>immortalitate</span> <span class='ocrx_word' id='word_1_36' title='bbox 1391 337 1576 387; x_wconf 89' lang='lat' dir='ltr'>dignum.</span> 
     </span>
    </p>

    <p class='ocr_par' dir='ltr' id='par_1_3' title="bbox 276 402 1864 585">
     <span class='ocr_line' id='line_1_5' title="bbox 331 402 1861 454; baseline -0.003 -9"><span class='ocrx_word' id='word_1_37' title='bbox 331 407 436 445; x_wconf 93' lang='lat' dir='ltr'>Cum</span> <span class='ocrx_word' id='word_1_38' title='bbox 455 405 657 454; x_wconf 88' lang='lat' dir='ltr'>theologis</span> <span class='ocrx_word' id='word_1_39' title='bbox 682 404 889 442; x_wconf 88' lang='lat' dir='ltr'>alcedonia</span> <span class='ocrx_word' id='word_1_40' title='bbox 915 404 1024 451; x_wconf 87' lang='lat' dir='ltr'>sunt,</span> <span class='ocrx_word' id='word_1_41' title='bbox 1047 403 1132 441; x_wconf 92' lang='lat' dir='ltr'>imo</span> <span class='ocrx_word' id='word_1_42' title='bbox 1157 403 1263 441; x_wconf 89' lang='lat' dir='ltr'>mira</span> <span class='ocrx_word' id='word_1_43' title='bbox 1285 402 1555 441; x_wconf 80' lang='lat' dir='ltr'>familiaritas.</span> <span class='ocrx_word' id='word_1_44' title='bbox 1616 402 1699 441; x_wconf 89' lang='lat' dir='ltr'>Pro</span> <span class='ocrx_word' id='word_1_45' title='bbox 1720 402 1861 441; x_wconf 88' lang='lat' dir='ltr'>Hiero-</span> 
     </span>
     <span class='ocr_line' id='line_1_6' title="bbox 278 467 1860 522; baseline -0.003 -12"><span class='ocrx_word' id='word_1_46' title='bbox 278 485 404 522; x_wconf 89' lang='lat' dir='ltr'>nymo</span> <span class='ocrx_word' id='word_1_47' title='bbox 432 470 568 521; x_wconf 89' lang='lat' dir='ltr'>palam</span> <span class='ocrx_word' id='word_1_48' title='bbox 595 471 723 518; x_wconf 91' lang='lat' dir='ltr'>agunt</span> <span class='ocrx_word' id='word_1_49' title='bbox 749 468 926 518; x_wconf 70' lang='lat' dir='ltr'>gratias,</span> <span class='ocrx_word' id='word_1_50' title='bbox 959 467 1010 506; x_wconf 87' lang='lat' dir='ltr'>de</span> <span class='ocrx_word' id='word_1_51' title='bbox 1039 467 1159 506; x_wconf 90' lang='lat' dir='ltr'>Nouo</span> <span class='ocrx_word' id='word_1_52' title='bbox 1189 468 1455 506; x_wconf 87' lang='lat' dir='ltr'>Testamento</span> <span class='ocrx_word' id='word_1_53' title='bbox 1486 468 1592 506; x_wconf 87' lang='lat' dir='ltr'>nihil</span> <span class='ocrx_word' id='word_1_54' title='bbox 1620 469 1860 518; x_wconf 89' lang='lat' dir='ltr'>queruntur,</span> 
     </span>
     <span class='ocr_line' id='line_1_7' title="bbox 276 533 1864 585; baseline -0.002 -11"><span class='ocrx_word' id='word_1_55' title='bbox 276 537 360 574; x_wconf 90' lang='lat' dir='ltr'>imo</span> <span class='ocrx_word' id='word_1_56' title='bbox 378 535 576 585; x_wconf 87' lang='lat' dir='ltr'>primores</span> <span class='ocrx_word' id='word_1_57' title='bbox 593 534 718 572; x_wconf 89' lang='lat' dir='ltr'>huius</span> <span class='ocrx_word' id='word_1_58' title='bbox 739 533 895 571; x_wconf 83' lang='lat' dir='ltr'>ordinis</span> <span class='ocrx_word' id='word_1_59' title='bbox 914 533 1092 583; x_wconf 88' lang='lat' dir='ltr'>ingenue</span> <span class='ocrx_word' id='word_1_60' title='bbox 1113 533 1394 583; x_wconf 88' lang='lat' dir='ltr'>comprobant.</span> <span class='ocrx_word' id='word_1_61' title='bbox 1453 534 1636 572; x_wconf 89' lang='lat' dir='ltr'>Tantum</span> <span class='ocrx_word' id='word_1_62' title='bbox 1656 533 1864 572; x_wconf 84' lang='lat' dir='ltr'>oblatrant</span> 
     </span>
    </p>

    <p class='ocr_par' dir='ltr' id='par_1_4' title="bbox 218 598 1862 910">
     <span class='ocr_line' id='line_1_8' title="bbox 218 598 1862 649; baseline -0.001 -11"><span class='ocrx_word' id='word_1_63' title='bbox 218 617 255 647; x_wconf 79' lang='lat'>35</span> <span class='ocrx_word' id='word_1_64' title='bbox 275 599 485 640; x_wconf 82' lang='lat' dir='ltr'>fraterculi</span> <span class='ocrx_word' id='word_1_65' title='bbox 518 599 652 638; x_wconf 90' lang='lat' dir='ltr'>nescio</span> <span class='ocrx_word' id='word_1_66' title='bbox 687 599 757 649; x_wconf 89' lang='lat' dir='ltr'>qui</span> <span class='ocrx_word' id='word_1_67' title='bbox 785 598 989 646; x_wconf 79' lang='lat' dir='ltr'>Coloniae,</span> <span class='ocrx_word' id='word_1_68' title='bbox 1020 600 1067 637; x_wconf 88' lang='lat' dir='ltr'>vt</span> <span class='ocrx_word' id='word_1_69' title='bbox 1095 598 1229 646; x_wconf 89' lang='lat' dir='ltr'>audio,</span> <span class='ocrx_word' id='word_1_70' title='bbox 1268 612 1313 637; x_wconf 87' lang='lat' dir='ltr'>ac</span> <span class='ocrx_word' id='word_1_71' title='bbox 1344 599 1511 649; x_wconf 88' lang='lat' dir='ltr'>Brugis,</span> <span class='ocrx_word' id='word_1_72' title='bbox 1544 599 1615 637; x_wconf 92' lang='lat' dir='ltr'>sed</span> <span class='ocrx_word' id='word_1_73' title='bbox 1646 598 1789 648; x_wconf 86' lang='lat' dir='ltr'>procul</span> <span class='ocrx_word' id='word_1_74' title='bbox 1821 600 1862 636; x_wconf 91' lang='lat' dir='ltr'>et</span> 
     </span>
     <span class='ocr_line' id='line_1_9' title="bbox 275 663 1862 716; baseline -0.002 -11"><span class='ocrx_word' id='word_1_75' title='bbox 275 680 298 705; x_wconf 91' lang='lat' dir='ltr'>a</span> <span class='ocrx_word' id='word_1_76' title='bbox 330 668 455 716; x_wconf 84' lang='lat' dir='ltr'>tergo.</span> <span class='ocrx_word' id='word_1_77' title='bbox 525 665 689 713; x_wconf 89' lang='lat' dir='ltr'>Multos,</span> <span class='ocrx_word' id='word_1_78' title='bbox 722 666 767 703; x_wconf 91' lang='lat' dir='ltr'>vt</span> <span class='ocrx_word' id='word_1_79' title='bbox 795 664 920 710; x_wconf 90' lang='lat' dir='ltr'>aiunt,</span> <span class='ocrx_word' id='word_1_80' title='bbox 952 666 1081 702; x_wconf 89' lang='lat' dir='ltr'>terret</span> <span class='ocrx_word' id='word_1_81' title='bbox 1109 664 1233 702; x_wconf 86' lang='lat' dir='ltr'>Fabri</span> <span class='ocrx_word' id='word_1_82' title='bbox 1261 663 1371 702; x_wconf 90' lang='lat' dir='ltr'>male</span> <span class='ocrx_word' id='word_1_83' title='bbox 1408 664 1561 714; x_wconf 83' lang='lat' dir='ltr'>accepti</span> <span class='ocrx_word' id='word_1_84' title='bbox 1597 664 1862 714; x_wconf 82' lang='lat' dir='ltr'>exemplum;</span> 
     </span>
     <span class='ocr_line' id='line_1_10' title="bbox 273 729 1861 780; baseline -0.001 -11"><span class='ocrx_word' id='word_1_85' title='bbox 273 744 370 770; x_wconf 87' lang='lat' dir='ltr'>nam</span> <span class='ocrx_word' id='word_1_86' title='bbox 402 732 654 780; x_wconf 86' lang='lat' dir='ltr'>prostratum</span> <span class='ocrx_word' id='word_1_87' title='bbox 691 743 779 768; x_wconf 89' lang='lat' dir='ltr'>esse</span> <span class='ocrx_word' id='word_1_88' title='bbox 809 730 992 768; x_wconf 86' lang='lat' dir='ltr'>fatentur</span> <span class='ocrx_word' id='word_1_89' title='bbox 1020 732 1061 768; x_wconf 92' lang='lat' dir='ltr'>et</span> <span class='ocrx_word' id='word_1_90' title='bbox 1090 729 1171 779; x_wconf 89' lang='lat' dir='ltr'>ipsi</span> <span class='ocrx_word' id='word_1_91' title='bbox 1209 729 1445 768; x_wconf 85' lang='lat' dir='ltr'>Fabristae:</span> <span class='ocrx_word' id='word_1_92' title='bbox 1486 730 1531 767; x_wconf 93' lang='lat' dir='ltr'>in</span> <span class='ocrx_word' id='word_1_93' title='bbox 1565 742 1688 779; x_wconf 90' lang='lat' dir='ltr'>quem</span> <span class='ocrx_word' id='word_1_94' title='bbox 1721 731 1861 767; x_wconf 90' lang='lat' dir='ltr'>tamen</span> 
     </span>
     <span class='ocr_line' id='line_1_11' title="bbox 272 794 1857 845; baseline -0.001 -10"><span class='ocrx_word' id='word_1_95' title='bbox 272 796 428 835; x_wconf 85' lang='lat' dir='ltr'>viribus</span> <span class='ocrx_word' id='word_1_96' title='bbox 457 795 561 834; x_wconf 88' lang='lat' dir='ltr'>meis</span> <span class='ocrx_word' id='word_1_97' title='bbox 587 808 671 834; x_wconf 88' lang='lat' dir='ltr'>non</span> <span class='ocrx_word' id='word_1_98' title='bbox 694 808 786 834; x_wconf 88' lang='lat' dir='ltr'>sum</span> <span class='ocrx_word' id='word_1_99' title='bbox 815 808 923 843; x_wconf 88' lang='lat' dir='ltr'>vsus,</span> <span class='ocrx_word' id='word_1_100' title='bbox 950 795 1094 833; x_wconf 88' lang='lat' dir='ltr'>fauens</span> <span class='ocrx_word' id='word_1_101' title='bbox 1123 794 1261 844; x_wconf 86' lang='lat' dir='ltr'>etiam,</span> <span class='ocrx_word' id='word_1_102' title='bbox 1292 794 1425 845; x_wconf 84' lang='lat' dir='ltr'>quoad</span> <span class='ocrx_word' id='word_1_103' title='bbox 1455 794 1583 843; x_wconf 87' lang='lat' dir='ltr'>licuit,</span> <span class='ocrx_word' id='word_1_104' title='bbox 1611 794 1857 833; x_wconf 85' lang='lat' dir='ltr'>aduersario.</span> 
     </span>
     <span class='ocr_line' id='line_1_12' title="bbox 273 860 1862 910; baseline -0.001 -11"><span class='ocrx_word' id='word_1_105' title='bbox 273 861 425 899; x_wconf 88' lang='lat' dir='ltr'>Mirum</span> <span class='ocrx_word' id='word_1_106' title='bbox 446 861 544 910; x_wconf 89' lang='lat' dir='ltr'>quid</span> <span class='ocrx_word' id='word_1_107' title='bbox 570 861 626 899; x_wconf 88' lang='lat' dir='ltr'>sit</span> <span class='ocrx_word' id='word_1_108' title='bbox 646 860 705 899; x_wconf 90' lang='lat' dir='ltr'>rei</span> <span class='ocrx_word' id='word_1_109' title='bbox 723 862 770 899; x_wconf 88' lang='lat' dir='ltr'>vt</span> <span class='ocrx_word' id='word_1_110' title='bbox 788 861 857 899; x_wconf 91' lang='lat' dir='ltr'>ille</span> <span class='ocrx_word' id='word_1_111' title='bbox 874 874 959 899; x_wconf 86' lang='lat' dir='ltr'>non</span> <span class='ocrx_word' id='word_1_112' title='bbox 974 860 1121 899; x_wconf 89' lang='lat' dir='ltr'>saltem</span> <span class='ocrx_word' id='word_1_113' title='bbox 1141 860 1338 910; x_wconf 90' lang='lat' dir='ltr'>priuatim</span> <span class='ocrx_word' id='word_1_114' title='bbox 1354 861 1485 899; x_wconf 91' lang='lat' dir='ltr'>literis</span> <span class='ocrx_word' id='word_1_115' title='bbox 1502 873 1588 899; x_wconf 87' lang='lat' dir='ltr'>sese</span> <span class='ocrx_word' id='word_1_116' title='bbox 1606 860 1675 899; x_wconf 91' lang='lat' dir='ltr'>vel</span> <span class='ocrx_word' id='word_1_117' title='bbox 1694 861 1862 899; x_wconf 87' lang='lat' dir='ltr'>excuset</span> 
     </span>
    </p>

    <p class='ocr_par' dir='ltr' id='par_1_5' title="bbox 213 925 1861 1238">
     <span class='ocr_line' id='line_1_13' title="bbox 213 925 1860 976; baseline -0.001 -11"><span class='ocrx_word' id='word_1_118' title='bbox 213 945 255 976; x_wconf 86' lang='lat'>40</span> <span class='ocrx_word' id='word_1_119' title='bbox 271 927 337 965; x_wconf 90' lang='lat' dir='ltr'>vel</span> <span class='ocrx_word' id='word_1_120' title='bbox 357 926 559 965; x_wconf 88' lang='lat' dir='ltr'>defendat.</span> <span class='ocrx_word' id='word_1_121' title='bbox 619 926 782 965; x_wconf 85' lang='lat' dir='ltr'>Passim</span> <span class='ocrx_word' id='word_1_122' title='bbox 808 926 913 965; x_wconf 90' lang='lat' dir='ltr'>mihi</span> <span class='ocrx_word' id='word_1_123' title='bbox 938 926 1200 976; x_wconf 86' lang='lat' dir='ltr'>gratulantur</span> <span class='ocrx_word' id='word_1_124' title='bbox 1227 926 1398 965; x_wconf 83' lang='lat' dir='ltr'>Gallum</span> <span class='ocrx_word' id='word_1_125' title='bbox 1418 925 1630 964; x_wconf 90' lang='lat' dir='ltr'>deuictum</span> <span class='ocrx_word' id='word_1_126' title='bbox 1651 926 1860 972; x_wconf 82' lang='lat' dir='ltr'>Germani,</span> 
     </span>
     <span class='ocr_line' id='line_1_14' title="bbox 272 990 1861 1042; baseline -0.002 -11"><span class='ocrx_word' id='word_1_127' title='bbox 272 992 371 1031; x_wconf 83' lang='lat' dir='ltr'>Itali</span> <span class='ocrx_word' id='word_1_128' title='bbox 396 994 438 1030; x_wconf 93' lang='lat' dir='ltr'>et</span> <span class='ocrx_word' id='word_1_129' title='bbox 465 991 622 1042; x_wconf 91' lang='lat' dir='ltr'>Angli;</span> <span class='ocrx_word' id='word_1_130' title='bbox 652 1005 726 1031; x_wconf 88' lang='lat' dir='ltr'>nec</span> <span class='ocrx_word' id='word_1_131' title='bbox 755 993 895 1030; x_wconf 90' lang='lat' dir='ltr'>tamen</span> <span class='ocrx_word' id='word_1_132' title='bbox 925 991 1107 1030; x_wconf 91' lang='lat' dir='ltr'>efficiunt</span> <span class='ocrx_word' id='word_1_133' title='bbox 1136 1005 1216 1041; x_wconf 86' lang='lat' dir='ltr'>quo</span> <span class='ocrx_word' id='word_1_134' title='bbox 1245 991 1387 1030; x_wconf 88' lang='lat' dir='ltr'>minus</span> <span class='ocrx_word' id='word_1_135' title='bbox 1415 991 1572 1029; x_wconf 88' lang='lat' dir='ltr'>oderim</span> <span class='ocrx_word' id='word_1_136' title='bbox 1604 990 1692 1041; x_wconf 89' lang='lat' dir='ltr'>ipse</span> <span class='ocrx_word' id='word_1_137' title='bbox 1725 1003 1861 1029; x_wconf 90' lang='lat' dir='ltr'>meam</span> 
     </span>
     <span class='ocr_line' id='line_1_15' title="bbox 271 1055 1861 1107; baseline -0.001 -11"><span class='ocrx_word' id='word_1_138' title='bbox 271 1057 497 1106; x_wconf 85' lang='lat' dir='ltr'>victoriam,</span> <span class='ocrx_word' id='word_1_139' title='bbox 514 1070 588 1095; x_wconf 90' lang='lat' dir='ltr'>nec</span> <span class='ocrx_word' id='word_1_140' title='bbox 609 1057 833 1096; x_wconf 84' lang='lat' dir='ltr'>admodum</span> <span class='ocrx_word' id='word_1_141' title='bbox 852 1057 1075 1107; x_wconf 80' lang='lat' dir='ltr'>gloriosam</span> <span class='ocrx_word' id='word_1_142' title='bbox 1096 1057 1140 1094; x_wconf 90' lang='lat' dir='ltr'>in</span> <span class='ocrx_word' id='word_1_143' title='bbox 1157 1070 1278 1095; x_wconf 89' lang='lat' dir='ltr'>causa</span> <span class='ocrx_word' id='word_1_144' title='bbox 1292 1059 1379 1095; x_wconf 91' lang='lat' dir='ltr'>tam</span> <span class='ocrx_word' id='word_1_145' title='bbox 1395 1056 1595 1104; x_wconf 82' lang='lat' dir='ltr'>vincibili,</span> <span class='ocrx_word' id='word_1_146' title='bbox 1620 1058 1661 1095; x_wconf 92' lang='lat' dir='ltr'>et</span> <span class='ocrx_word' id='word_1_147' title='bbox 1680 1055 1861 1094; x_wconf 85' lang='lat' dir='ltr'>inuidiae</span> 
     </span>
     <span class='ocr_line' id='line_1_16' title="bbox 272 1121 1860 1173; baseline -0.001 -12"><span class='ocrx_word' id='word_1_148' title='bbox 272 1123 492 1161; x_wconf 84' lang='lat' dir='ltr'>obnoxiam</span> <span class='ocrx_word' id='word_1_149' title='bbox 525 1122 633 1172; x_wconf 91' lang='lat' dir='ltr'>quod</span> <span class='ocrx_word' id='word_1_150' title='bbox 671 1123 803 1161; x_wconf 86' lang='lat' dir='ltr'>amico</span> <span class='ocrx_word' id='word_1_151' title='bbox 837 1123 1086 1161; x_wconf 85' lang='lat' dir='ltr'>detraxerim</span> <span class='ocrx_word' id='word_1_152' title='bbox 1125 1123 1263 1173; x_wconf 89' lang='lat' dir='ltr'>opima</span> <span class='ocrx_word' id='word_1_153' title='bbox 1293 1123 1448 1172; x_wconf 88' lang='lat' dir='ltr'>spolia:</span> <span class='ocrx_word' id='word_1_154' title='bbox 1481 1123 1547 1161; x_wconf 90' lang='lat' dir='ltr'>cui</span> <span class='ocrx_word' id='word_1_155' title='bbox 1584 1135 1698 1160; x_wconf 90' lang='lat' dir='ltr'>nunc</span> <span class='ocrx_word' id='word_1_156' title='bbox 1734 1121 1860 1160; x_wconf 87' lang='lat' dir='ltr'>etiam</span> 
     </span>
     <span class='ocr_line' id='line_1_17' title="bbox 270 1187 1859 1238; baseline -0.001 -12"><span class='ocrx_word' id='word_1_157' title='bbox 270 1188 398 1235; x_wconf 83' lang='lat' dir='ltr'>faueo,</span> <span class='ocrx_word' id='word_1_158' title='bbox 434 1188 529 1226; x_wconf 89' lang='lat' dir='ltr'>licet</span> <span class='ocrx_word' id='word_1_159' title='bbox 566 1201 649 1226; x_wconf 92' lang='lat' dir='ltr'>non</span> <span class='ocrx_word' id='word_1_160' title='bbox 683 1201 808 1238; x_wconf 87' lang='lat' dir='ltr'>vsque</span> <span class='ocrx_word' id='word_1_161' title='bbox 847 1188 945 1226; x_wconf 91' lang='lat' dir='ltr'>adeo</span> <span class='ocrx_word' id='word_1_162' title='bbox 979 1191 1024 1226; x_wconf 89' lang='lat' dir='ltr'>vt</span> <span class='ocrx_word' id='word_1_163' title='bbox 1057 1188 1101 1226; x_wconf 89' lang='lat' dir='ltr'>in</span> <span class='ocrx_word' id='word_1_164' title='bbox 1140 1187 1255 1227; x_wconf 89' lang='lat' dir='ltr'>illius</span> <span class='ocrx_word' id='word_1_165' title='bbox 1295 1188 1474 1237; x_wconf 84' lang='lat' dir='ltr'>gratiam</span> <span class='ocrx_word' id='word_1_166' title='bbox 1512 1187 1779 1238; x_wconf 89' lang='lat' dir='ltr'>blasphemus</span> <span class='ocrx_word' id='word_1_167' title='bbox 1816 1187 1859 1225; x_wconf 90' lang='lat' dir='ltr'>in</span> 
     </span>
    </p>

    <p class='ocr_par' dir='ltr' id='par_1_6' title="bbox 212 1252 1860 1370">
     <span class='ocr_line' id='line_1_18' title="bbox 212 1252 1860 1304; baseline -0.001 -12"><span class='ocrx_word' id='word_1_168' title='bbox 212 1274 251 1304; x_wconf 82' lang='lat'>45</span> <span class='ocrx_word' id='word_1_169' title='bbox 270 1253 481 1292; x_wconf 87' lang='lat' dir='ltr'>Christum</span> <span class='ocrx_word' id='word_1_170' title='bbox 508 1253 651 1291; x_wconf 88' lang='lat' dir='ltr'>haberi</span> <span class='ocrx_word' id='word_1_171' title='bbox 673 1253 810 1292; x_wconf 89' lang='lat' dir='ltr'>velim.</span> <span class='ocrx_word' id='word_1_172' title='bbox 866 1253 1047 1292; x_wconf 89' lang='lat' dir='ltr'>Proinde</span> <span class='ocrx_word' id='word_1_173' title='bbox 1073 1267 1214 1304; x_wconf 82' lang='lat' dir='ltr'>precor</span> <span class='ocrx_word' id='word_1_174' title='bbox 1240 1256 1287 1292; x_wconf 88' lang='lat' dir='ltr'>vt</span> <span class='ocrx_word' id='word_1_175' title='bbox 1315 1254 1428 1292; x_wconf 91' lang='lat' dir='ltr'>Deus</span> <span class='ocrx_word' id='word_1_176' title='bbox 1455 1254 1548 1303; x_wconf 88' lang='lat' dir='ltr'>Opt.</span> <span class='ocrx_word' id='word_1_177' title='bbox 1577 1253 1682 1292; x_wconf 88' lang='lat' dir='ltr'>Max.</span> <span class='ocrx_word' id='word_1_178' title='bbox 1710 1252 1763 1291; x_wconf 89' lang='lat' dir='ltr'>iis</span> <span class='ocrx_word' id='word_1_179' title='bbox 1788 1254 1860 1303; x_wconf 85' lang='lat' dir='ltr'>qui</span> 
     </span>
     <span class='ocr_line' id='line_1_19' title="bbox 271 1318 1789 1370; baseline 0 -14"><span class='ocrx_word' id='word_1_180' title='bbox 271 1318 374 1357; x_wconf 88' lang='lat' dir='ltr'>mihi</span> <span class='ocrx_word' id='word_1_181' title='bbox 393 1318 497 1356; x_wconf 88' lang='lat' dir='ltr'>bene</span> <span class='ocrx_word' id='word_1_182' title='bbox 516 1318 663 1357; x_wconf 88' lang='lat' dir='ltr'>volunt</span> <span class='ocrx_word' id='word_1_183' title='bbox 679 1319 902 1357; x_wconf 85' lang='lat' dir='ltr'>feliciorem</span> <span class='ocrx_word' id='word_1_184' title='bbox 923 1319 1028 1358; x_wconf 89' lang='lat' dir='ltr'>mihi</span> <span class='ocrx_word' id='word_1_185' title='bbox 1046 1319 1286 1370; x_wconf 88' lang='lat' dir='ltr'>gratulandi</span> <span class='ocrx_word' id='word_1_186' title='bbox 1305 1319 1523 1357; x_wconf 85' lang='lat' dir='ltr'>materiam</span> <span class='ocrx_word' id='word_1_187' title='bbox 1544 1319 1789 1369; x_wconf 85' lang='lat' dir='ltr'>suppeditet.</span> 
     </span>
    </p>

    <p class='ocr_par' dir='ltr' id='par_1_7' title="bbox 271 1384 1860 1565">
     <span class='ocr_line' id='line_1_20' title="bbox 323 1384 1857 1434; baseline 0 -12"><span class='ocrx_word' id='word_1_188' title='bbox 323 1384 527 1433; x_wconf 87' lang='lat' dir='ltr'>Apologia</span> <span class='ocrx_word' id='word_1_189' title='bbox 541 1385 624 1422; x_wconf 90' lang='lat' dir='ltr'>iam</span> <span class='ocrx_word' id='word_1_190' title='bbox 639 1387 784 1434; x_wconf 89' lang='lat' dir='ltr'>quater</span> <span class='ocrx_word' id='word_1_191' title='bbox 799 1387 862 1424; x_wconf 91' lang='lat' dir='ltr'>est</span> <span class='ocrx_word' id='word_1_192' title='bbox 876 1385 1089 1434; x_wconf 87' lang='lat' dir='ltr'>impressa.</span> <span class='ocrx_word' id='word_1_193' title='bbox 1150 1385 1293 1423; x_wconf 87' lang='lat' dir='ltr'>Deleat</span> <span class='ocrx_word' id='word_1_194' title='bbox 1308 1385 1379 1422; x_wconf 92' lang='lat' dir='ltr'>ille</span> <span class='ocrx_word' id='word_1_195' title='bbox 1395 1398 1513 1423; x_wconf 88' lang='lat' dir='ltr'>suam</span> <span class='ocrx_word' id='word_1_196' title='bbox 1527 1385 1857 1432; x_wconf 89' lang='lat' dir='ltr'>insectationem,</span> 
     </span>
     <span class='ocr_line' id='line_1_21' title="bbox 271 1449 1858 1500; baseline 0.001 -14"><span class='ocrx_word' id='word_1_197' title='bbox 271 1461 343 1499; x_wconf 88' lang='lat' dir='ltr'>ego</span> <span class='ocrx_word' id='word_1_198' title='bbox 364 1450 494 1499; x_wconf 89' lang='lat' dir='ltr'>quoad</span> <span class='ocrx_word' id='word_1_199' title='bbox 514 1462 682 1499; x_wconf 90' lang='lat' dir='ltr'>possum</span> <span class='ocrx_word' id='word_1_200' title='bbox 701 1463 887 1499; x_wconf 89' lang='lat' dir='ltr'>premam</span> <span class='ocrx_word' id='word_1_201' title='bbox 902 1451 1164 1500; x_wconf 86' lang='lat' dir='ltr'>Apologiam.</span> <span class='ocrx_word' id='word_1_202' title='bbox 1215 1450 1390 1488; x_wconf 85' lang='lat' dir='ltr'>Auferat</span> <span class='ocrx_word' id='word_1_203' title='bbox 1405 1450 1476 1488; x_wconf 90' lang='lat' dir='ltr'>ille</span> <span class='ocrx_word' id='word_1_204' title='bbox 1495 1450 1587 1499; x_wconf 87' lang='lat' dir='ltr'>tela,</span> <span class='ocrx_word' id='word_1_205' title='bbox 1606 1463 1680 1499; x_wconf 87' lang='lat' dir='ltr'>ego</span> <span class='ocrx_word' id='word_1_206' title='bbox 1701 1449 1858 1498; x_wconf 89' lang='lat' dir='ltr'>depono</span> 
     </span>
     <span class='ocr_line' id='line_1_22' title="bbox 271 1514 1860 1565; baseline -0.001 -13"><span class='ocrx_word' id='word_1_207' title='bbox 271 1514 472 1564; x_wconf 86' lang='lat' dir='ltr'>clypeum.</span> <span class='ocrx_word' id='word_1_208' title='bbox 531 1514 667 1554; x_wconf 83' lang='lat' dir='ltr'>Tollat</span> <span class='ocrx_word' id='word_1_209' title='bbox 694 1515 764 1553; x_wconf 91' lang='lat' dir='ltr'>ille</span> <span class='ocrx_word' id='word_1_210' title='bbox 796 1529 964 1563; x_wconf 89' lang='lat' dir='ltr'>venena,</span> <span class='ocrx_word' id='word_1_211' title='bbox 999 1529 1073 1565; x_wconf 90' lang='lat' dir='ltr'>ego</span> <span class='ocrx_word' id='word_1_212' title='bbox 1104 1515 1289 1554; x_wconf 86' lang='lat' dir='ltr'>desinam</span> <span class='ocrx_word' id='word_1_213' title='bbox 1320 1515 1381 1554; x_wconf 86' lang='lat' dir='ltr'>vti</span> <span class='ocrx_word' id='word_1_214' title='bbox 1413 1515 1623 1553; x_wconf 51' lang='lat' dir='ltr'>antidoto.</span> <span class='ocrx_word' id='word_1_215' title='bbox 1669 1515 1786 1563; x_wconf 78' lang='lat' dir='ltr'>Quod</span> <span class='ocrx_word' id='word_1_216' title='bbox 1825 1515 1860 1552; x_wconf 90' lang='lat' dir='ltr'>si</span> 
     </span>
    </p>

    <p class='ocr_par' dir='ltr' id='par_1_8' title="bbox 211 1579 1858 1892">
     <span class='ocr_line' id='line_1_23' title="bbox 211 1579 1858 1633; baseline 0.001 -16"><span class='ocrx_word' id='word_1_217' title='bbox 211 1602 250 1633; x_wconf 78' lang='lat'>50</span> <span class='ocrx_word' id='word_1_218' title='bbox 271 1580 364 1629; x_wconf 91' lang='lat' dir='ltr'>quis</span> <span class='ocrx_word' id='word_1_219' title='bbox 402 1579 575 1618; x_wconf 88' lang='lat' dir='ltr'>aliorum</span> <span class='ocrx_word' id='word_1_220' title='bbox 613 1593 679 1618; x_wconf 90' lang='lat' dir='ltr'>me</span> <span class='ocrx_word' id='word_1_221' title='bbox 717 1580 924 1620; x_wconf 88' lang='lat' dir='ltr'>similibus</span> <span class='ocrx_word' id='word_1_222' title='bbox 962 1581 1082 1619; x_wconf 89' lang='lat' dir='ltr'>dictis</span> <span class='ocrx_word' id='word_1_223' title='bbox 1118 1581 1359 1629; x_wconf 86' lang='lat' dir='ltr'>lacessisset,</span> <span class='ocrx_word' id='word_1_224' title='bbox 1397 1580 1520 1630; x_wconf 90' lang='lat' dir='ltr'>longe</span> <span class='ocrx_word' id='word_1_225' title='bbox 1558 1580 1677 1618; x_wconf 89' lang='lat' dir='ltr'>aliter</span> <span class='ocrx_word' id='word_1_226' title='bbox 1714 1580 1858 1619; x_wconf 78' lang='lat' dir='ltr'>fuisset</span> 
     </span>
     <span class='ocr_line' id='line_1_24' title="bbox 268 1644 1857 1697; baseline 0.001 -15"><span class='ocrx_word' id='word_1_227' title='bbox 268 1646 467 1695; x_wconf 85' lang='lat' dir='ltr'>acceptus.</span> <span class='ocrx_word' id='word_1_228' title='bbox 526 1644 665 1683; x_wconf 89' lang='lat' dir='ltr'>Homo</span> <span class='ocrx_word' id='word_1_229' title='bbox 698 1658 821 1694; x_wconf 89' lang='lat' dir='ltr'>sum;</span> <span class='ocrx_word' id='word_1_230' title='bbox 860 1646 931 1684; x_wconf 87' lang='lat' dir='ltr'>vbi</span> <span class='ocrx_word' id='word_1_231' title='bbox 959 1659 1053 1685; x_wconf 89' lang='lat' dir='ltr'>vere</span> <span class='ocrx_word' id='word_1_232' title='bbox 1082 1647 1220 1696; x_wconf 91' lang='lat' dir='ltr'>lapsus</span> <span class='ocrx_word' id='word_1_233' title='bbox 1247 1659 1326 1694; x_wconf 91' lang='lat' dir='ltr'>ero,</span> <span class='ocrx_word' id='word_1_234' title='bbox 1360 1659 1444 1684; x_wconf 92' lang='lat' dir='ltr'>non</span> <span class='ocrx_word' id='word_1_235' title='bbox 1473 1646 1610 1684; x_wconf 88' lang='lat' dir='ltr'>solum</span> <span class='ocrx_word' id='word_1_236' title='bbox 1638 1659 1857 1697; x_wconf 82' lang='lat' dir='ltr'>agnoscam</span> 
     </span>
     <span class='ocr_line' id='line_1_25' title="bbox 268 1711 1858 1761; baseline 0.001 -14"><span class='ocrx_word' id='word_1_237' title='bbox 268 1712 448 1748; x_wconf 87' lang='lat' dir='ltr'>erratum</span> <span class='ocrx_word' id='word_1_238' title='bbox 486 1723 638 1757; x_wconf 88' lang='lat' dir='ltr'>meum,</span> <span class='ocrx_word' id='word_1_239' title='bbox 672 1711 944 1750; x_wconf 86' lang='lat' dir='ltr'>verumetiam</span> <span class='ocrx_word' id='word_1_240' title='bbox 977 1711 1228 1750; x_wconf 90' lang='lat' dir='ltr'>admonitori</span> <span class='ocrx_word' id='word_1_241' title='bbox 1267 1712 1420 1761; x_wconf 87' lang='lat' dir='ltr'>gratias</span> <span class='ocrx_word' id='word_1_242' title='bbox 1452 1724 1587 1761; x_wconf 85' lang='lat' dir='ltr'>agam,</span> <span class='ocrx_word' id='word_1_243' title='bbox 1621 1711 1858 1750; x_wconf 75' lang='lat' dir='ltr'>insectatori</span> 
     </span>
     <span class='ocr_line' id='line_1_26' title="bbox 270 1774 1858 1826; baseline 0.002 -14"><span class='ocrx_word' id='word_1_244' title='bbox 270 1775 421 1813; x_wconf 87' lang='lat' dir='ltr'>cedam.</span> <span class='ocrx_word' id='word_1_245' title='bbox 487 1774 703 1813; x_wconf 87' lang='lat' dir='ltr'>Caeterum</span> <span class='ocrx_word' id='word_1_246' title='bbox 749 1775 819 1814; x_wconf 89' lang='lat' dir='ltr'>vbi</span> <span class='ocrx_word' id='word_1_247' title='bbox 865 1776 994 1815; x_wconf 84' lang='lat' dir='ltr'>simili</span> <span class='ocrx_word' id='word_1_248' title='bbox 1040 1776 1301 1826; x_wconf 90' lang='lat' dir='ltr'>impudentia</span> <span class='ocrx_word' id='word_1_249' title='bbox 1347 1777 1544 1815; x_wconf 89' lang='lat' dir='ltr'>conuiciis</span> <span class='ocrx_word' id='word_1_250' title='bbox 1591 1776 1858 1815; x_wconf 87' lang='lat' dir='ltr'>atrocissimis</span> 
     </span>
     <span class='ocr_line' id='line_1_27' title="bbox 269 1840 1857 1892; baseline 0.002 -15"><span class='ocrx_word' id='word_1_251' title='bbox 269 1840 454 1889; x_wconf 89' lang='lat' dir='ltr'>impetor,</span> <span class='ocrx_word' id='word_1_252' title='bbox 484 1853 568 1879; x_wconf 89' lang='lat' dir='ltr'>non</span> <span class='ocrx_word' id='word_1_253' title='bbox 602 1840 860 1879; x_wconf 86' lang='lat' dir='ltr'>committam</span> <span class='ocrx_word' id='word_1_254' title='bbox 890 1844 936 1880; x_wconf 89' lang='lat' dir='ltr'>vt</span> <span class='ocrx_word' id='word_1_255' title='bbox 969 1842 1141 1891; x_wconf 88' lang='lat' dir='ltr'>posthac</span> <span class='ocrx_word' id='word_1_256' title='bbox 1172 1842 1217 1880; x_wconf 90' lang='lat' dir='ltr'>in</span> <span class='ocrx_word' id='word_1_257' title='bbox 1251 1856 1318 1880; x_wconf 90' lang='lat' dir='ltr'>me</span> <span class='ocrx_word' id='word_1_258' title='bbox 1351 1842 1466 1880; x_wconf 86' lang='lat' dir='ltr'>velut</span> <span class='ocrx_word' id='word_1_259' title='bbox 1495 1841 1701 1880; x_wconf 88' lang='lat' dir='ltr'>inermem</span> <span class='ocrx_word' id='word_1_260' title='bbox 1735 1844 1857 1892; x_wconf 89' lang='lat' dir='ltr'>atque</span> 
     </span>
    </p>

    <p class='ocr_par' dir='ltr' id='par_1_9' title="bbox 208 1905 1859 2219">
     <span class='ocr_line' id='line_1_28' title="bbox 208 1905 1859 1957; baseline 0.002 -14"><span class='ocrx_word' id='word_1_261' title='bbox 208 1918 247 1951; x_wconf 81' lang='lat'>55</span> <span class='ocrx_word' id='word_1_262' title='bbox 267 1905 508 1943; x_wconf 86' lang='lat' dir='ltr'>edentulum</span> <span class='ocrx_word' id='word_1_263' title='bbox 545 1905 682 1955; x_wconf 89' lang='lat' dir='ltr'>quiuis</span> <span class='ocrx_word' id='word_1_264' title='bbox 719 1906 871 1945; x_wconf 85' lang='lat' dir='ltr'>asellus</span> <span class='ocrx_word' id='word_1_265' title='bbox 909 1907 1092 1955; x_wconf 84' lang='lat' dir='ltr'>obrudat,</span> <span class='ocrx_word' id='word_1_266' title='bbox 1133 1907 1271 1957; x_wconf 88' lang='lat' dir='ltr'>quiuis</span> <span class='ocrx_word' id='word_1_267' title='bbox 1307 1920 1377 1945; x_wconf 92' lang='lat' dir='ltr'>sus</span> <span class='ocrx_word' id='word_1_268' title='bbox 1407 1907 1671 1957; x_wconf 87' lang='lat' dir='ltr'>obgrunniat.</span> <span class='ocrx_word' id='word_1_269' title='bbox 1731 1907 1859 1946; x_wconf 87' lang='lat' dir='ltr'>Faber</span> 
     </span>
     <span class='ocr_line' id='line_1_29' title="bbox 267 1970 1856 2022; baseline 0.002 -14"><span class='ocrx_word' id='word_1_270' title='bbox 267 1984 396 2008; x_wconf 78' lang='lat' dir='ltr'>vnum</span> <span class='ocrx_word' id='word_1_271' title='bbox 416 1984 482 2009; x_wconf 90' lang='lat' dir='ltr'>me</span> <span class='ocrx_word' id='word_1_272' title='bbox 501 1970 706 2010; x_wconf 88' lang='lat' dir='ltr'>lacessiuit</span> <span class='ocrx_word' id='word_1_273' title='bbox 732 1971 992 2010; x_wconf 84' lang='lat' dir='ltr'>nominatim.</span> <span class='ocrx_word' id='word_1_274' title='bbox 1052 1972 1141 2022; x_wconf 89' lang='lat' dir='ltr'>Ego</span> <span class='ocrx_word' id='word_1_275' title='bbox 1166 1972 1380 2011; x_wconf 88' lang='lat' dir='ltr'>neminem</span> <span class='ocrx_word' id='word_1_276' title='bbox 1403 1973 1537 2011; x_wconf 89' lang='lat' dir='ltr'>adhuc</span> <span class='ocrx_word' id='word_1_277' title='bbox 1563 1973 1766 2020; x_wconf 86' lang='lat' dir='ltr'>lacessiui,</span> <span class='ocrx_word' id='word_1_278' title='bbox 1787 1973 1856 2012; x_wconf 91' lang='lat' dir='ltr'>sed</span> 
     </span>
     <span class='ocr_line' id='line_1_30' title="bbox 268 2035 1855 2089; baseline 0.002 -16"><span class='ocrx_word' id='word_1_279' title='bbox 268 2035 341 2073; x_wconf 92' lang='lat' dir='ltr'>vni</span> <span class='ocrx_word' id='word_1_280' title='bbox 378 2036 595 2075; x_wconf 89' lang='lat' dir='ltr'>lacessenti</span> <span class='ocrx_word' id='word_1_281' title='bbox 631 2036 833 2086; x_wconf 88' lang='lat' dir='ltr'>respondi.</span> <span class='ocrx_word' id='word_1_282' title='bbox 908 2037 1086 2085; x_wconf 78' lang='lat' dir='ltr'>Quidam</span> <span class='ocrx_word' id='word_1_283' title='bbox 1115 2037 1232 2076; x_wconf 89' lang='lat' dir='ltr'>aiunt</span> <span class='ocrx_word' id='word_1_284' title='bbox 1263 2051 1457 2088; x_wconf 88' lang='lat' dir='ltr'>apparare</span> <span class='ocrx_word' id='word_1_285' title='bbox 1490 2038 1855 2089; x_wconf 89' lang='lat' dir='ltr'>redintegrandum</span> 
     </span>
     <span class='ocr_line' id='line_1_31' title="bbox 268 2100 1855 2154; baseline 0.003 -16"><span class='ocrx_word' id='word_1_286' title='bbox 268 2100 434 2149; x_wconf 85' lang='lat' dir='ltr'>bellum,</span> <span class='ocrx_word' id='word_1_287' title='bbox 458 2101 530 2140; x_wconf 91' lang='lat' dir='ltr'>alii</span> <span class='ocrx_word' id='word_1_288' title='bbox 554 2104 717 2152; x_wconf 89' lang='lat' dir='ltr'>negant.</span> <span class='ocrx_word' id='word_1_289' title='bbox 778 2101 864 2151; x_wconf 88' lang='lat' dir='ltr'>Ego</span> <span class='ocrx_word' id='word_1_290' title='bbox 890 2102 998 2140; x_wconf 90' lang='lat' dir='ltr'>nihil</span> <span class='ocrx_word' id='word_1_291' title='bbox 1023 2103 1133 2141; x_wconf 90' lang='lat' dir='ltr'>malo</span> <span class='ocrx_word' id='word_1_292' title='bbox 1157 2116 1281 2154; x_wconf 90' lang='lat' dir='ltr'>quam</span> <span class='ocrx_word' id='word_1_293' title='bbox 1311 2116 1467 2153; x_wconf 89' lang='lat' dir='ltr'>pacem,</span> <span class='ocrx_word' id='word_1_294' title='bbox 1491 2103 1734 2154; x_wconf 90' lang='lat' dir='ltr'>praesertim</span> <span class='ocrx_word' id='word_1_295' title='bbox 1760 2117 1855 2143; x_wconf 91' lang='lat' dir='ltr'>cum</span> 
     </span>
     <span class='ocr_line' id='line_1_32' title="bbox 268 2165 1854 2219; baseline 0.003 -16"><span class='ocrx_word' id='word_1_296' title='bbox 268 2165 367 2213; x_wconf 90' lang='lat' dir='ltr'>illo;</span> <span class='ocrx_word' id='word_1_297' title='bbox 396 2179 480 2204; x_wconf 91' lang='lat' dir='ltr'>non</span> <span class='ocrx_word' id='word_1_298' title='bbox 509 2167 615 2216; x_wconf 85' lang='lat' dir='ltr'>quod</span> <span class='ocrx_word' id='word_1_299' title='bbox 644 2166 765 2206; x_wconf 91' lang='lat' dir='ltr'>illum</span> <span class='ocrx_word' id='word_1_300' title='bbox 793 2170 993 2215; x_wconf 89' lang='lat' dir='ltr'>metuam,</span> <span class='ocrx_word' id='word_1_301' title='bbox 1018 2168 1087 2206; x_wconf 92' lang='lat' dir='ltr'>sed</span> <span class='ocrx_word' id='word_1_302' title='bbox 1118 2169 1227 2218; x_wconf 87' lang='lat' dir='ltr'>quod</span> <span class='ocrx_word' id='word_1_303' title='bbox 1255 2182 1304 2206; x_wconf 84' lang='lat' dir='ltr'>ex</span> <span class='ocrx_word' id='word_1_304' title='bbox 1327 2169 1468 2207; x_wconf 89' lang='lat' dir='ltr'>animo</span> <span class='ocrx_word' id='word_1_305' title='bbox 1496 2169 1677 2219; x_wconf 90' lang='lat' dir='ltr'>diligam.</span> <span class='ocrx_word' id='word_1_306' title='bbox 1737 2169 1854 2219; x_wconf 76' lang='lat' dir='ltr'>Quod</span> 
     </span>
    </p>

    <p class='ocr_par' dir='ltr' id='par_1_10' title="bbox 207 2231 1778 2285">
     <span class='ocr_line' id='line_1_33' title="bbox 207 2231 1778 2285; baseline 0.003 -17"><span class='ocrx_word' id='word_1_307' title='bbox 207 2237 248 2268; x_wconf 87' lang='lat'>60</span> <span class='ocrx_word' id='word_1_308' title='bbox 267 2231 302 2269; x_wconf 87' lang='lat' dir='ltr'>si</span> <span class='ocrx_word' id='word_1_309' title='bbox 323 2233 490 2281; x_wconf 87' lang='lat' dir='ltr'>repetat,</span> <span class='ocrx_word' id='word_1_310' title='bbox 513 2231 599 2281; x_wconf 89' lang='lat' dir='ltr'>ipse</span> <span class='ocrx_word' id='word_1_311' title='bbox 619 2232 770 2271; x_wconf 88' lang='lat' dir='ltr'>viderit</span> <span class='ocrx_word' id='word_1_312' title='bbox 788 2247 797 2280; x_wconf 80' lang='lat'><em>3</em></span> <span class='ocrx_word' id='word_1_313' title='bbox 828 2233 907 2271; x_wconf 88' lang='lat' dir='ltr'>sibi</span> <span class='ocrx_word' id='word_1_314' title='bbox 927 2234 1105 2283; x_wconf 87' lang='lat' dir='ltr'>imputet</span> <span class='ocrx_word' id='word_1_315' title='bbox 1125 2234 1161 2272; x_wconf 91' lang='lat' dir='ltr'>si</span> <span class='ocrx_word' id='word_1_316' title='bbox 1178 2247 1326 2284; x_wconf 90' lang='lat' dir='ltr'>parum</span> <span class='ocrx_word' id='word_1_317' title='bbox 1346 2234 1527 2272; x_wconf 89' lang='lat' dir='ltr'>ciuiliter</span> <span class='ocrx_word' id='word_1_318' title='bbox 1545 2234 1778 2285; x_wconf 89' lang='lat' dir='ltr'>accipietur.</span> 
     </span>
    </p>

    <p class='ocr_par' dir='ltr' id='par_1_11' title="bbox 268 2295 1856 2404">
     <span class='ocr_line' id='line_1_34' title="bbox 319 2295 1856 2346; baseline 0.003 -12"><span class='ocrx_word' id='word_1_319' title='bbox 319 2295 464 2346; x_wconf 88' lang='lat' dir='ltr'>Adigit</span> <span class='ocrx_word' id='word_1_320' title='bbox 501 2310 567 2335; x_wconf 91' lang='lat' dir='ltr'>me</span> <span class='ocrx_word' id='word_1_321' title='bbox 606 2297 771 2336; x_wconf 90' lang='lat' dir='ltr'>Nouum</span> <span class='ocrx_word' id='word_1_322' title='bbox 813 2299 1126 2337; x_wconf 87' lang='lat' dir='ltr'>Testamentum</span> <span class='ocrx_word' id='word_1_323' title='bbox 1166 2302 1213 2338; x_wconf 86' lang='lat' dir='ltr'>vt</span> <span class='ocrx_word' id='word_1_324' title='bbox 1255 2301 1326 2337; x_wconf 90' lang='lat' dir='ltr'>aut</span> <span class='ocrx_word' id='word_1_325' title='bbox 1364 2300 1559 2339; x_wconf 90' lang='lat' dir='ltr'>Venetias</span> <span class='ocrx_word' id='word_1_326' title='bbox 1599 2301 1743 2339; x_wconf 88' lang='lat' dir='ltr'>adeam</span> <span class='ocrx_word' id='word_1_327' title='bbox 1784 2304 1856 2339; x_wconf 87' lang='lat' dir='ltr'>aut</span> 
     </span>
     <span class='ocr_line' id='line_1_35' title="bbox 268 2361 1853 2404; baseline 0.003 -5"><span class='ocrx_word' id='word_1_328' title='bbox 268 2361 503 2401; x_wconf 86' lang='lat' dir='ltr'>Basileam:</span> <span class='ocrx_word' id='word_1_329' title='bbox 547 2363 733 2401; x_wconf 89' lang='lat' dir='ltr'>nondum</span> <span class='ocrx_word' id='word_1_330' title='bbox 766 2363 877 2402; x_wconf 87' lang='lat' dir='ltr'>enim</span> <span class='ocrx_word' id='word_1_331' title='bbox 911 2364 1038 2402; x_wconf 86' lang='lat' dir='ltr'>statui</span> <span class='ocrx_word' id='word_1_332' title='bbox 1072 2367 1165 2403; x_wconf 91' lang='lat' dir='ltr'>vtro</span> <span class='ocrx_word' id='word_1_333' title='bbox 1200 2365 1255 2403; x_wconf 90' lang='lat' dir='ltr'>sit</span> <span class='ocrx_word' id='word_1_334' title='bbox 1288 2365 1485 2403; x_wconf 90' lang='lat' dir='ltr'>eundum.</span> <span class='ocrx_word' id='word_1_335' title='bbox 1557 2367 1598 2403; x_wconf 91' lang='lat' dir='ltr'>A</span> <span class='ocrx_word' id='word_1_336' title='bbox 1632 2366 1853 2404; x_wconf 83' lang='lat' dir='ltr'>Germania</span> 
     </span>
    </p>
   </div>
   <div class='ocr_carea' id='block_1_3' title="bbox 267 2880 425 2884">
    <p class='ocr_par' dir='ltr' id='par_1_12' title="bbox 267 2880 425 2884">
     <span class='ocr_line' id='line_1_36' title="bbox 267 2880 425 2884; baseline 0 0"><span class='ocrx_word' id='word_1_337' title='bbox 267 2880 425 2884; x_wconf 95' lang='lat' dir='ltr'> </span> 
     </span>
    </p>
   </div>
   <div class='ocr_carea' id='block_1_4' title="bbox 441 2881 607 2887">
    <p class='ocr_par' dir='ltr' id='par_1_13' title="bbox 441 2881 607 2887">
     <span class='ocr_line' id='line_1_37' title="bbox 441 2881 607 2887; baseline 0 0"><span class='ocrx_word' id='word_1_338' title='bbox 441 2881 607 2887; x_wconf 95' lang='lat' dir='ltr'> </span> 
     </span>
    </p>
   </div>
   <div class='ocr_carea' id='block_1_5' title="bbox 266 2465 1854 2957">
    <p class='ocr_par' dir='ltr' id='par_1_14' title="bbox 266 2465 1854 2851">
     <span class='ocr_line' id='line_1_38' title="bbox 310 2465 1853 2509; baseline 0.005 -14"><span class='ocrx_word' id='word_1_339' title='bbox 310 2474 361 2504; x_wconf 85' lang='lat'>29.</span> <span class='ocrx_word' id='word_1_340' title='bbox 394 2468 430 2496; x_wconf 88' lang='lat' dir='ltr'>et</span> <span class='ocrx_word' id='word_1_341' title='bbox 453 2465 617 2496; x_wconf 85' lang='lat' dir='ltr'>animum</span> <span class='ocrx_word' id='word_1_342' title='bbox 640 2468 729 2498; x_wconf 89' lang='lat' dir='ltr'><em>MS.:</em></span> <span class='ocrx_word' id='word_1_343' title='bbox 763 2468 997 2507; x_wconf 82' lang='lat' dir='ltr'>animumque</span> <span class='ocrx_word' id='word_1_344' title='bbox 1020 2470 1056 2498; x_wconf 89' lang='lat' dir='ltr'>D.</span> <span class='ocrx_word' id='word_1_345' title='bbox 1170 2467 1239 2498; x_wconf 87' lang='lat' dir='ltr'>Sed</span> <span class='ocrx_word' id='word_1_346' title='bbox 1262 2470 1354 2498; x_wconf 90' lang='lat' dir='ltr'><em>MS.:</em></span> <span class='ocrx_word' id='word_1_347' title='bbox 1385 2468 1517 2499; x_wconf 91' lang='lat' dir='ltr'>Verum</span> <span class='ocrx_word' id='word_1_348' title='bbox 1540 2471 1576 2501; x_wconf 85' lang='lat' dir='ltr'>F.</span> <span class='ocrx_word' id='word_1_349' title='bbox 1724 2480 1777 2509; x_wconf 85' lang='lat'><em>30.</em></span> <span class='ocrx_word' id='word_1_350' title='bbox 1812 2471 1853 2502; x_wconf 88' lang='lat' dir='ltr'>D.</span> 
     </span>
     <span class='ocr_line' id='line_1_39' title="bbox 269 2508 1854 2552; baseline 0.005 -14"><span class='ocrx_word' id='word_1_351' title='bbox 269 2509 440 2539; x_wconf 71' lang='lat' dir='ltr'>Ioannem</span> <span class='ocrx_word' id='word_1_352' title='bbox 457 2508 622 2548; x_wconf 82' lang='lat' dir='ltr'>Syluium</span> <span class='ocrx_word' id='word_1_353' title='bbox 639 2513 711 2541; x_wconf 72' lang='lat' dir='ltr'>add.</span> <span class='ocrx_word' id='word_1_354' title='bbox 729 2513 766 2540; x_wconf 91' lang='lat' dir='ltr'>D.</span> <span class='ocrx_word' id='word_1_355' title='bbox 898 2521 952 2549; x_wconf 84' lang='lat'><em>34.</em></span> <span class='ocrx_word' id='word_1_356' title='bbox 976 2511 1049 2543; x_wconf 90' lang='lat' dir='ltr'>imo</span> <span class='ocrx_word' id='word_1_357' title='bbox 1065 2534 1072 2541; x_wconf 93' lang='lat'>.</span> <span class='ocrx_word' id='word_1_358' title='bbox 1092 2534 1100 2542; x_wconf 92' lang='lat'>.</span> <span class='ocrx_word' id='word_1_359' title='bbox 1122 2534 1129 2541; x_wconf 93' lang='lat'>.</span> <span class='ocrx_word' id='word_1_360' title='bbox 1148 2513 1379 2550; x_wconf 86' lang='lat' dir='ltr'>comprobant</span> <span class='ocrx_word' id='word_1_361' title='bbox 1394 2515 1467 2543; x_wconf 79' lang='lat' dir='ltr'>add.</span> <span class='ocrx_word' id='word_1_362' title='bbox 1482 2515 1519 2543; x_wconf 87' lang='lat' dir='ltr'>D.</span> <span class='ocrx_word' id='word_1_363' title='bbox 1653 2523 1706 2552; x_wconf 86' lang='lat'>35.</span> <span class='ocrx_word' id='word_1_364' title='bbox 1728 2516 1854 2546; x_wconf 80' lang='lat' dir='ltr'>frater—</span> 
     </span>
     <span class='ocr_line' id='line_1_40' title="bbox 266 2552 1853 2595; baseline 0.004 -13"><span class='ocrx_word' id='word_1_365' title='bbox 266 2552 340 2583; x_wconf 83' lang='lat' dir='ltr'>culi</span> <span class='ocrx_word' id='word_1_366' title='bbox 356 2555 443 2584; x_wconf 86' lang='lat' dir='ltr'><em>MS.:</em></span> <span class='ocrx_word' id='word_1_367' title='bbox 469 2553 707 2593; x_wconf 82' lang='lat' dir='ltr'>sycophantae</span> <span class='ocrx_word' id='word_1_368' title='bbox 725 2557 761 2585; x_wconf 89' lang='lat' dir='ltr'>D.</span> <span class='ocrx_word' id='word_1_369' title='bbox 855 2554 1022 2585; x_wconf 81' lang='lat' dir='ltr'>Coloniae</span> <span class='ocrx_word' id='word_1_370' title='bbox 1039 2578 1046 2585; x_wconf 91' lang='lat'>.</span> <span class='ocrx_word' id='word_1_371' title='bbox 1068 2579 1075 2586; x_wconf 95' lang='lat'>.</span> <span class='ocrx_word' id='word_1_372' title='bbox 1094 2579 1101 2585; x_wconf 93' lang='lat'>.</span> <span class='ocrx_word' id='word_1_373' title='bbox 1119 2554 1249 2594; x_wconf 88' lang='lat' dir='ltr'>Brugis</span> <span class='ocrx_word' id='word_1_374' title='bbox 1265 2565 1323 2586; x_wconf 80' lang='lat' dir='ltr'>om.</span> <span class='ocrx_word' id='word_1_375' title='bbox 1341 2557 1380 2585; x_wconf 91' lang='lat' dir='ltr'>D.</span> <span class='ocrx_word' id='word_1_376' title='bbox 1527 2558 1578 2595; x_wconf 86' lang='lat'>36.</span> <span class='ocrx_word' id='word_1_377' title='bbox 1603 2558 1642 2587; x_wconf 89' lang='lat' dir='ltr'>vt</span> <span class='ocrx_word' id='word_1_378' title='bbox 1659 2559 1762 2589; x_wconf 88' lang='lat' dir='ltr'>aiunt</span> <span class='ocrx_word' id='word_1_379' title='bbox 1777 2562 1853 2589; x_wconf 78' lang='lat' dir='ltr'>add.</span> 
     </span>
     <span class='ocr_line' id='line_1_41' title="bbox 266 2598 1849 2637; baseline 0.005 -12"><span class='ocrx_word' id='word_1_380' title='bbox 266 2599 302 2626; x_wconf 91' lang='lat' dir='ltr'>D.</span> <span class='ocrx_word' id='word_1_381' title='bbox 477 2606 531 2635; x_wconf 85' lang='lat'><em>37.</em></span> <span class='ocrx_word' id='word_1_382' title='bbox 561 2606 645 2627; x_wconf 84' lang='lat' dir='ltr'>nam</span> <span class='ocrx_word' id='word_1_383' title='bbox 669 2621 676 2627; x_wconf 98' lang='lat'>.</span> <span class='ocrx_word' id='word_1_384' title='bbox 703 2621 710 2627; x_wconf 91' lang='lat'>.</span> <span class='ocrx_word' id='word_1_385' title='bbox 737 2621 745 2628; x_wconf 86' lang='lat'>.</span> <span class='ocrx_word' id='word_1_386' title='bbox 772 2598 953 2629; x_wconf 80' lang='lat' dir='ltr'>Fabristae</span> <span class='ocrx_word' id='word_1_387' title='bbox 975 2608 1034 2629; x_wconf 81' lang='lat' dir='ltr'>om.</span> <span class='ocrx_word' id='word_1_388' title='bbox 1058 2601 1096 2630; x_wconf 90' lang='lat' dir='ltr'>D.</span> <span class='ocrx_word' id='word_1_389' title='bbox 1244 2599 1283 2628; x_wconf 90' lang='lat' dir='ltr'>in</span> <span class='ocrx_word' id='word_1_390' title='bbox 1307 2621 1315 2629; x_wconf 88' lang='lat'>.</span> <span class='ocrx_word' id='word_1_391' title='bbox 1343 2622 1350 2629; x_wconf 93' lang='lat'>.</span> <span class='ocrx_word' id='word_1_392' title='bbox 1379 2624 1385 2630; x_wconf 92' lang='lat'>.</span> <span class='ocrx_word' id='word_1_393' title='bbox 1411 2600 1462 2637; x_wconf 86' lang='lat'><em>38.</em></span> <span class='ocrx_word' id='word_1_394' title='bbox 1487 2600 1689 2632; x_wconf 81' lang='lat' dir='ltr'>aduersario</span> <span class='ocrx_word' id='word_1_395' title='bbox 1712 2604 1786 2633; x_wconf 82' lang='lat' dir='ltr'>add.</span> <span class='ocrx_word' id='word_1_396' title='bbox 1810 2606 1849 2633; x_wconf 89' lang='lat' dir='ltr'>D.</span> 
     </span>
     <span class='ocr_line' id='line_1_42' title="bbox 267 2639 1848 2682; baseline 0.005 -13"><span class='ocrx_word' id='word_1_397' title='bbox 267 2649 317 2678; x_wconf 85' lang='lat'><em>39.</em></span> <span class='ocrx_word' id='word_1_398' title='bbox 344 2639 496 2678; x_wconf 87' lang='lat' dir='ltr'>priuatis</span> <span class='ocrx_word' id='word_1_399' title='bbox 511 2642 548 2669; x_wconf 91' lang='lat' dir='ltr'>D.</span> <span class='ocrx_word' id='word_1_400' title='bbox 648 2650 699 2678; x_wconf 88' lang='lat'>41.</span> <span class='ocrx_word' id='word_1_401' title='bbox 727 2641 863 2672; x_wconf 88' lang='lat' dir='ltr'>oderim</span> <span class='ocrx_word' id='word_1_402' title='bbox 880 2645 922 2672; x_wconf 91' lang='lat' dir='ltr'>D:</span> <span class='ocrx_word' id='word_1_403' title='bbox 948 2641 1084 2672; x_wconf 89' lang='lat' dir='ltr'>ederim</span> <span class='ocrx_word' id='word_1_404' title='bbox 1100 2644 1170 2672; x_wconf 82' lang='lat' dir='ltr'>MS.</span> <span class='ocrx_word' id='word_1_405' title='bbox 1237 2642 1312 2681; x_wconf 85' lang='lat' dir='ltr'>ipse</span> <span class='ocrx_word' id='word_1_406' title='bbox 1329 2652 1387 2673; x_wconf 83' lang='lat' dir='ltr'>om.</span> <span class='ocrx_word' id='word_1_407' title='bbox 1407 2646 1445 2673; x_wconf 87' lang='lat' dir='ltr'>D.</span> <span class='ocrx_word' id='word_1_408' title='bbox 1536 2653 1590 2682; x_wconf 85' lang='lat'><em>45.</em></span> <span class='ocrx_word' id='word_1_409' title='bbox 1615 2644 1771 2676; x_wconf 87' lang='lat' dir='ltr'>Proinde</span> <span class='ocrx_word' id='word_1_410' title='bbox 1788 2669 1795 2676; x_wconf 90' lang='lat'>.</span> <span class='ocrx_word' id='word_1_411' title='bbox 1813 2671 1821 2678; x_wconf 98' lang='lat'>.</span> <span class='ocrx_word' id='word_1_412' title='bbox 1840 2671 1848 2678; x_wconf 92' lang='lat'>.</span> 
     </span>
     <span class='ocr_line' id='line_1_43' title="bbox 266 2683 1848 2727; baseline 0.005 -15"><span class='ocrx_word' id='word_1_413' title='bbox 266 2684 317 2720; x_wconf 76' lang='lat'><em>46.</em></span> <span class='ocrx_word' id='word_1_414' title='bbox 342 2683 547 2722; x_wconf 86' lang='lat' dir='ltr'>suppeditet</span> <span class='ocrx_word' id='word_1_415' title='bbox 559 2686 630 2715; x_wconf 74' lang='lat' dir='ltr'>add.</span> <span class='ocrx_word' id='word_1_416' title='bbox 648 2687 687 2715; x_wconf 89' lang='lat' dir='ltr'>D.</span> <span class='ocrx_word' id='word_1_417' title='bbox 833 2695 886 2724; x_wconf 88' lang='lat'>47.</span> <span class='ocrx_word' id='word_1_418' title='bbox 914 2686 1086 2725; x_wconf 84' lang='lat' dir='ltr'>impressa</span> <span class='ocrx_word' id='word_1_419' title='bbox 1102 2688 1169 2716; x_wconf 83' lang='lat' dir='ltr'>MS.</span> <span class='ocrx_word' id='word_1_420' title='bbox 1185 2698 1190 2716; x_wconf 87' lang='lat'><strong>:</strong></span> <span class='ocrx_word' id='word_1_421' title='bbox 1215 2695 1344 2715; x_wconf 82' lang='lat' dir='ltr'>excusa</span> <span class='ocrx_word' id='word_1_422' title='bbox 1360 2689 1398 2717; x_wconf 88' lang='lat' dir='ltr'>D.</span> <span class='ocrx_word' id='word_1_423' title='bbox 1548 2688 1600 2726; x_wconf 87' lang='lat'><em>48.</em></span> <span class='ocrx_word' id='word_1_424' title='bbox 1626 2689 1742 2727; x_wconf 85' lang='lat' dir='ltr'>quoad</span> <span class='ocrx_word' id='word_1_425' title='bbox 1758 2692 1827 2721; x_wconf 85' lang='lat' dir='ltr'>MS.</span> <span class='ocrx_word' id='word_1_426' title='bbox 1843 2703 1848 2720; x_wconf 67' lang='grc' dir='ltr'>ς</span> 
     </span>
     <span class='ocr_line' id='line_1_44' title="bbox 267 2727 1847 2771; baseline 0.006 -16"><span class='ocrx_word' id='word_1_427' title='bbox 267 2727 442 2764; x_wconf 78' lang='lat' dir='ltr'>quatenus</span> <span class='ocrx_word' id='word_1_428' title='bbox 457 2729 498 2757; x_wconf 88' lang='lat' dir='ltr'>H.</span> <span class='ocrx_word' id='word_1_429' title='bbox 597 2736 649 2766; x_wconf 86' lang='lat'>54.</span> <span class='ocrx_word' id='word_1_430' title='bbox 673 2728 820 2767; x_wconf 87' lang='lat' dir='ltr'>posthac</span> <span class='ocrx_word' id='word_1_431' title='bbox 836 2731 884 2760; x_wconf 89' lang='lat' dir='ltr'>D:</span> <span class='ocrx_word' id='word_1_432' title='bbox 909 2730 986 2768; x_wconf 89' lang='lat' dir='ltr'>post</span> <span class='ocrx_word' id='word_1_433' title='bbox 1002 2731 1069 2759; x_wconf 66' lang='lat' dir='ltr'>MS.</span> <span class='ocrx_word' id='word_1_434' title='bbox 1181 2738 1233 2767; x_wconf 82' lang='lat'><em>55.</em></span> <span class='ocrx_word' id='word_1_435' title='bbox 1257 2730 1475 2768; x_wconf 87' lang='lat' dir='ltr'>obgrunniat</span> <span class='ocrx_word' id='word_1_436' title='bbox 1490 2733 1558 2763; x_wconf 89' lang='lat' dir='ltr'>MS.</span> <span class='ocrx_word' id='word_1_437' title='bbox 1573 2743 1578 2762; x_wconf 93' lang='lat'>:</span> <span class='ocrx_word' id='word_1_438' title='bbox 1599 2733 1795 2771; x_wconf 80' lang='lat' dir='ltr'>obganniat</span> <span class='ocrx_word' id='word_1_439' title='bbox 1809 2736 1847 2765; x_wconf 91' lang='lat' dir='ltr'>D.</span> 
     </span>
     <span class='ocr_line' id='line_1_45' title="bbox 268 2771 1849 2816; baseline 0.006 -18"><span class='ocrx_word' id='word_1_440' title='bbox 268 2771 327 2799; x_wconf 80' lang='lat' dir='ltr'>Sed</span> <span class='ocrx_word' id='word_1_441' title='bbox 349 2771 386 2806; x_wconf 86' lang='lat' dir='ltr'><em>cf.</em></span> <span class='ocrx_word' id='word_1_442' title='bbox 404 2772 462 2808; x_wconf 80' lang='lat' dir='ltr'><em>Ep.</em></span> <span class='ocrx_word' id='word_1_443' title='bbox 481 2771 552 2809; x_wconf 79' lang='lat'><em>778.</em></span> <span class='ocrx_word' id='word_1_444' title='bbox 571 2780 646 2810; x_wconf 84' lang='lat'><em>235.</em></span> <span class='ocrx_word' id='word_1_445' title='bbox 779 2782 830 2811; x_wconf 85' lang='lat'>57.</span> <span class='ocrx_word' id='word_1_446' title='bbox 856 2782 1025 2812; x_wconf 82' lang='lat' dir='ltr'>apparare</span> <span class='ocrx_word' id='word_1_447' title='bbox 1041 2796 1049 2803; x_wconf 96' lang='lat'>.</span> <span class='ocrx_word' id='word_1_448' title='bbox 1072 2795 1079 2802; x_wconf 93' lang='lat'>.</span> <span class='ocrx_word' id='word_1_449' title='bbox 1099 2796 1105 2802; x_wconf 90' lang='lat'>.</span> <span class='ocrx_word' id='word_1_450' title='bbox 1123 2773 1176 2810; x_wconf 89' lang='lat'>58.</span> <span class='ocrx_word' id='word_1_451' title='bbox 1202 2772 1336 2803; x_wconf 88' lang='lat' dir='ltr'>bellum</span> <span class='ocrx_word' id='word_1_452' title='bbox 1351 2775 1419 2804; x_wconf 86' lang='lat' dir='ltr'>MS.</span> <span class='ocrx_word' id='word_1_453' title='bbox 1435 2786 1440 2804; x_wconf 89' lang='lat'><strong>:</strong></span> <span class='ocrx_word' id='word_1_454' title='bbox 1466 2773 1570 2805; x_wconf 90' lang='lat' dir='ltr'>illum</span> <span class='ocrx_word' id='word_1_455' title='bbox 1588 2785 1669 2806; x_wconf 76' lang='lat' dir='ltr'>suas</span> <span class='ocrx_word' id='word_1_456' title='bbox 1684 2776 1849 2816; x_wconf 82' lang='lat' dir='ltr'>colligere</span> 
     </span>
     <span class='ocr_line' id='line_1_46' title="bbox 267 2813 1307 2851; baseline 0.004 -9"><span class='ocrx_word' id='word_1_457' title='bbox 267 2813 393 2851; x_wconf 76' lang='lat' dir='ltr'>copias,</span> <span class='ocrx_word' id='word_1_458' title='bbox 412 2816 451 2844; x_wconf 82' lang='lat' dir='ltr'>vt</span> <span class='ocrx_word' id='word_1_459' title='bbox 467 2814 601 2844; x_wconf 86' lang='lat' dir='ltr'>bellum</span> <span class='ocrx_word' id='word_1_460' title='bbox 617 2815 794 2846; x_wconf 84' lang='lat' dir='ltr'>instauret</span> <span class='ocrx_word' id='word_1_461' title='bbox 812 2818 850 2846; x_wconf 90' lang='lat' dir='ltr'>D.</span> <span class='ocrx_word' id='word_1_462' title='bbox 983 2818 1036 2847; x_wconf 89' lang='lat'>61.</span> <span class='ocrx_word' id='word_1_463' title='bbox 1061 2816 1248 2847; x_wconf 88' lang='lat' dir='ltr'>Venetiam</span> <span class='ocrx_word' id='word_1_464' title='bbox 1265 2818 1307 2846; x_wconf 88' lang='lat' dir='ltr'>H.</span> 
     </span>
    </p>

    <p class='ocr_par' dir='ltr' id='par_1_15' title="bbox 308 2911 1852 2957">
     <span class='ocr_line' id='line_1_47' title="bbox 308 2911 1852 2957; baseline 0.007 -17"><span class='ocrx_word' id='word_1_465' title='bbox 308 2920 359 2949; x_wconf 85' lang='lat'>35.</span> <span class='ocrx_word' id='word_1_466' title='bbox 386 2911 571 2953; x_wconf 84' lang='lat' dir='ltr'>Coloniae]</span> <span class='ocrx_word' id='word_1_467' title='bbox 591 2912 641 2943; x_wconf 87' lang='lat' dir='ltr'><em>Cf.</em></span> <span class='ocrx_word' id='word_1_468' title='bbox 661 2913 749 2952; x_wconf 87' lang='lat' dir='ltr'>Epp.</span> <span class='ocrx_word' id='word_1_469' title='bbox 766 2914 842 2954; x_wconf 88' lang='lat'>821,</span> <span class='ocrx_word' id='word_1_470' title='bbox 860 2914 933 2953; x_wconf 86' lang='lat'><em>852.</em></span> <span class='ocrx_word' id='word_1_471' title='bbox 1134 2924 1186 2953; x_wconf 87' lang='lat'><em>47.</em></span> <span class='ocrx_word' id='word_1_472' title='bbox 1214 2916 1356 2957; x_wconf 83' lang='lat' dir='ltr'>quater]</span> <span class='ocrx_word' id='word_1_473' title='bbox 1391 2917 1549 2957; x_wconf 84' lang='lat' dir='ltr'>Perhaps</span> <span class='ocrx_word' id='word_1_474' title='bbox 1576 2928 1623 2949; x_wconf 87' lang='lat' dir='ltr'>an</span> <span class='ocrx_word' id='word_1_475' title='bbox 1646 2929 1763 2950; x_wconf 84' lang='lat' dir='ltr'>error:</span> <span class='ocrx_word' id='word_1_476' title='bbox 1796 2930 1852 2951; x_wconf 85' lang='lat' dir='ltr'>see</span> 
     </span>
    </p>
   </div>
   <div class='ocr_carea' id='block_1_6' title="bbox 353 2954 1276 2998">
    <p class='ocr_par' dir='ltr' id='par_1_16' title="bbox 353 2954 1276 2998">
     <span class='ocr_line' id='line_1_48' title="bbox 353 2954 1276 2998; baseline 0.005 -14"><span class='ocrx_word' id='word_1_477' title='bbox 353 2954 494 2996; x_wconf 87' lang='lat' dir='ltr'>Brugis]</span> <span class='ocrx_word' id='word_1_478' title='bbox 513 2955 564 2986; x_wconf 89' lang='lat' dir='ltr'><em>Cf.</em></span> <span class='ocrx_word' id='word_1_479' title='bbox 587 2956 648 2996; x_wconf 89' lang='lat' dir='ltr'>Ep.</span> <span class='ocrx_word' id='word_1_480' title='bbox 672 2957 746 2995; x_wconf 83' lang='lat'><em>885.</em></span> <span class='ocrx_word' id='word_1_481' title='bbox 767 2966 814 2996; x_wconf 92' lang='lat'><em>19.</em></span> <span class='ocrx_word' id='word_1_482' title='bbox 1093 2968 1149 2998; x_wconf 92' lang='lat' dir='ltr'>pp.</span> <span class='ocrx_word' id='word_1_483' title='bbox 1167 2967 1276 2996; x_wconf 84' lang='lat'><em>220,1.</em></span> 
     </span>
    </p>
   </div>
  </div>
 </body>
</html>
