2034 3433
120 157 218 212 817]
1636 158 1715 196 287

582 264 676 304 817.
738 262 802 303 To
834 262 984 302 PETER
1014 261 1253 304 VITERws.

165 372 353 409 Deventer
371 370 447 406 MS.
465 381 522 416 91,
541 369 566 404 f.
587 378 617 413 7.
1408 365 1586 401 Louvain.

167 431 238 465 LB.
256 430 355 476 App.
377 430 453 466 128.
1328 435 1369 469 17
1388 423 1494 470 April
1513 422 1666 469 (1518).

582 535 787 566 ERASMVS
815 535 1004 565 VITERIO
1036 535 1117 566 SVO
1149 535 1182 566 S.
1211 534 1252 565 D.

173 637 319 676 MIROR
337 637 545 675 Thomam
567 634 739 673 Graium
759 633 849 671 sine
868 633 954 671 tuis
973 633 1022 671 ad
1040 646 1106 671 me
1122 632 1276 671 litteris
1295 632 1450 670 isthinc
1466 630 1626 669 abiisse.
1673 630 1719 669 Is

120 716 231 742 nunc
261 702 368 753 apud
399 714 477 740 nos
506 701 567 739 est
598 698 786 746 Louanii,
809 698 880 736 sed
905 697 1023 736 breui
1046 698 1256 737 rediturus
1286 697 1329 735 in
1361 697 1572 746 Angliam.
1633 695 1734 735 Nos'

120 768 328 807 Basileam
349 767 579 814 auolamus,
599 764 751 803 edituri
773 764 948 814 quedam
969 777 1046 813 que
1068 764 1156 802 sine
1182 763 1301 802 nobis
1327 763 1394 801 edi
1421 776 1506 801 non
1528 763 1715 812 possunt.

121 833 228 872 Cura
244 833 416 872 interim
434 834 483 871 vt
501 830 648 877 valeas,
671 829 792 867 Petre
812 828 1063 868 charissime.
1123 828 1284 868 Salutat
1303 829 1343 866 te
1366 828 1524 867 Greius.

176 898 363 938 Louanii.
394 908 454 945 15.
477 895 559 935 Gal.
583 894 726 934 Maias.
1738 893 1756 926 5

605 1088 702 1129 818.
763 1086 826 1126 ΤΟ
859 1085 1010 1126 PETER
1042 1083 1222 1126 GILLES.

172 1203 358 1239 Deventer
374 1203 451 1238 MS.
470 1213 526 1248 91,
546 1203 570 1240 f.
589 1205 611 1239 6
628 1206 677 1237 v0.
1411 1200 1587 1235 Louvain.

170 1261 213 1296 D.
233 1274 267 1307 p.
290 1272 377 1307 149:
404 1261 442 1296 F.
460 1273 497 1306 p.
521 1262 609 1304 146:
637 1261 730 1296 HN:
758 1260 872 1296 Lond.
892 1259 946 1294 iii.
965 1270 1028 1295 10:
1055 1259 1129 1294 LB.
1149 1269 1229 1302 240.
1332 1269 1372 1304 17
1390 1258 1497 1303 April
1518 1257 1672 1305 (1518).

145 1369 353 1454 flfflepween
374 1367 557 1400 Erasmus'
574 1368 784 1400 settlement
806 1370 842 1399 at
865 1368 1025 1400 Louvain
1044 1370 1080 1399 in
1103 1368 1124 1398 J
1128 1368 1190 1407 uly
1212 1377 1293 1406 1517
1316 1366 1389 1398 and
1412 1366 1475 1397 the
1498 1365 1718 1406 publication

118 1423 142 1444 -ο
222 1437 228 1444 .

320 1515 524 1546 ERASMVS
556 1515 890 1546 ROTERODAMVS
921 1515 1064 1546 PETRO
1095 1515 1285 1546 AEGIDIO
1317 1515 1398 1545 SVO
1431 1514 1462 1544 S.
1486 1514 1524 1543 P.

176 1614 215 1652 S.
234 1615 282 1653 D.
305 1614 387 1652 Per
401 1615 586 1653 nostram
603 1613 849 1662 amiciciam,
870 1626 951 1663 qua
964 1626 1050 1651 non
1069 1614 1206 1662 potest
1224 1612 1377 1651 arctior
1396 1625 1494 1660 esse,
1513 1625 1584 1662 per
1604 1613 1720 1650 tuam

123 1679 469 1728 incolumitatem,
495 1692 598 1729 quae
618 1679 726 1717 mihi
755 1692 842 1717 non
869 1691 987 1717 secus
1013 1680 1136 1728 atque
1163 1691 1255 1716 mea
1281 1678 1411 1728 ipsius
1431 1680 1493 1716 est
1514 1677 1641 1726 cordi,
1662 1678 1722 1715 mi

121 1744 256 1794 Petro,
279 1745 330 1784 da
349 1758 513 1795 operam
532 1746 578 1783 vt
599 1744 827 1783 reualescas
845 1759 854 1792 ;
883 1746 930 1782 vt
954 1757 1145 1782 reuersus
1169 1746 1210 1782 te
1234 1743 1440 1782 offendam
1467 1743 1650 1781 hilarum
1677 1756 1723 1782 ac

121 1810 346 1849 lubentem.
397 1810 465 1849 Ita
490 1811 659 1849 demum
687 1809 795 1848 mihi
820 1809 990 1847 videbor
1018 1822 1208 1847 reuersus
1228 1809 1461 1847 incolumis.
1520 1809 1723 1858 Tempora

122 1876 282 1914 victum
311 1876 356 1913 in
386 1875 567 1914 reditum
594 1875 769 1914 Adriani
790 1875 878 1922 tui3
908 1873 974 1912 cui
999 1874 1204 1913 mehercle
1232 1874 1464 1923 plurimum
1493 1874 1586 1912 fido.
1647 1874 1722 1912 Est
1741 1885 1758 1917 5

116 1940 280 1990 aliquid
299 1941 430 1979 amico
449 1940 513 1979 vti
532 1941 703 1979 medico.
748 1940 927 1978 Interim
942 1953 1041 1978 caue
1056 1953 1108 1978 ne
1123 1939 1276 1978 crebris
1289 1939 1524 1989 pharmacis
1540 1939 1721 1977 nimium

116 2006 389 2044 exhauriaris.
421 2006 640 2056 Imprimis
651 2008 835 2056 tempera
846 2005 925 2043 tibi
938 2005 988 2043 ab
1000 2004 1115 2043 omni
1127 2005 1435 2043 vehementiore
1447 2007 1564 2043 motu
1577 2004 1720 2052 animi,

123 2071 176 2109 ab
194 2071 417 2109 immodico
435 2071 597 2120 gaudio,
620 2070 672 2110 ab
693 2071 992 2120 intemperanti
1011 2071 1110 2120 risu⁷
1132 2071 1182 2108 ab
1209 2070 1491 2109 ambulatione
1517 2070 1719 2121 grauiore,

116 2148 148 2174 .a
169 2135 306 2174 studio
325 2136 575 2185 vehementi,
598 2137 669 2174 sed
690 2137 787 2174 ante
813 2135 954 2174 onmia
979 2136 1030 2174 ab
1056 2135 1281 2174 iracundia.
1340 2135 1399 2173 Mi
1424 2135 1558 2183 Petro,
1581 2136 1724 2175 onmia

125 2201 234 2240 vitae
253 2201 538 2251 posthabenda
557 2204 667 2240 sunt.
726 2200 930 2239 Fortassis
952 2200 1053 2238 haec
1082 2201 1283 2239 admoneo
1311 2200 1593 2251 importunius
1612 2217 1620 2249 ;
1651 2200 1721 2239 sed
1744 2209 1783 2232 10

122 2267 290 2305 vtinam
309 2268 395 2304 tam
415 2266 593 2305 feliciter
618 2266 862 2304 admoneam
885 2279 1009 2315 quam
1037 2278 1087 2303 ex
1113 2266 1254 2303 animo
1274 2267 1281 2303 ἶ
1339 2266 1426 2315 Ego
1456 2279 1597 2304 meum
1620 2266 1721 2315 peri-

115 2331 267 2370 ·culum
301 2334 536 2380 contemno,
567 2331 690 2370 modo
725 2330 940 2381 contingat
971 2333 1012 2369 te
1050 2331 1307 2378 reuiuiscere,
1340 2331 1418 2369 hoc
1456 2333 1518 2369 est
1551 2330 1721 2368 firmum

126 2396 391 2447 validumque
411 2396 512 2436 fieri.
570 2397 684 2435 Bene
703 2396 794 2435 vale
815 2409 910 2435 cum
929 2395 1177 2435 suauissima
1197 2397 1370 2446 coniuge
1389 2396 1723 2447 dulcissimisque

125 2461 275 2501 liberis.
331 2461 519 2501 Louanii.
545 2473 602 2509 15.
627 2462 710 2501 Cal.
735 2461 876 2500 Maias.
926 2459 1031 2513 [1111).
1056 2458 1182 2513 xva]

1190 2526 1387 2565 Erasmus
1407 2526 1717 2566 Roterodamus.
1744 2538 1782 2571 15

172 2665 248 2697 818.
272 2674 333 2696 m.
358 2668 406 2697 D:
442 2675 552 2696 PETRo
575 2675 722 2698 AEGIDIO
745 2670 813 2698 MS.
1007 2676 1032 2697 1.
1057 2675 1133 2697 s.1>.
1151 2676 1210 2697 om.
1225 2669 1263 2698 D.
1424 2676 1454 2698 2.
1479 2676 1557 2698 mea
1582 2669 1648 2698 MS.
1672 2670 1722 2697 F:

130 2708 200 2739 mei
216 2711 253 2739 D.
428 2719 458 2748 3.
483 2709 636 2740 hilarem
652 2713 689 2740 D.
867 2720 898 2749 5.
924 2712 993 2740 MS.
1011 2712 1086 2739 LB:
1111 2719 1167 2739 me
1191 2709 1311 2740 hercle
1335 2710 1400 2741 N2:
1438 2710 1643 2741 mehercule
1667 2710 1722 2741 N3.

130 2753 160 2782 6.
185 2751 340 2782 nimium
358 2752 580 2784 exhauriaris
595 2756 683 2785 MS:
708 2754 802 2784 vires
819 2754 975 2784 nimium
992 2754 1182 2784 exhaurias
1197 2755 1234 2784 D.
1351 2764 1378 2792 7.
1405 2754 1664 2785 vehementiori
1681 2757 1720 2785 N.

129 2806 159 2834 9.
187 2795 236 2825 Mi
251 2794 354 2826 Petre
370 2798 444 2826 add.
460 2798 500 2827 D.
592 2806 641 2836 13.
666 2798 877 2829 suauissima
894 2799 922 2827 D
938 2809 945 2827 ε
969 2796 1177 2827 dulcissima
1194 2798 1263 2827 MS.
1356 2807 1404 2836 14.
1431 2807 1578 2828 M.D.xx'11
1594 2801 1668 2828 aad.
1685 2801 1720 2829 F.

135 2848 183 2877 15.
207 2838 377 2869 Erasmus
392 2838 651 2871 Roterodamus
667 2851 724 2871 om.
742 2843 777 2871 D.

179 2960 254 2990 817.
282 2967 310 2989 1.
335 2957 501 2998 Graium]
526 2957 580 2989 Of.
597 2958 660 2998 Ep.
679 2959 754 2998 768.
776 2968 813 2998 15
829 2969 864 2990 n.
996 2959 1069 2990 818.
1087 2968 1118 2998 5.
1135 2958 1305 3000 Adriani]
1320 2958 1475 2999 Perhaps
1488 2958 1531 2991 cf.
1547 2960 1724 3000 Epp.650.

222 3001 370 3042 litteris]
388 3001 441 3033 Of.
459 3002 522 3041 Ep.
541 3012 604 3041 779
618 3002 750 3034 introd.
967 3012 1005 3033 10
1018 3012 1065 3041 n.‚
1088 3012 1158 3042 755.
