2034 3433
107 175 206 230 756]
488 179 557 217 ΤΟ
595 178 951 219 PAsoHAsms
992 179 1305 220 BERSELIUS
1609 185 1684 222 193

106 285 209 324 Tota
241 286 371 325 ferme
403 286 622 325 Britannia
653 286 774 326 fauet.
845 287 949 327 Cum
983 288 1165 338 proxime
1197 288 1283 326 illic
1321 301 1462 337 essem,
1500 303 1598 328 mox
1630 303 1682 328 ac-

107 351 274 390 cersiuit
306 352 392 401 ipse
424 351 526 397 Rex,
557 351 710 390 obtulit
743 352 1021 392 conditionem
1055 353 1163 391 haud
1199 354 1508 403 aspernandam.
1567 355 1686 393 Idem

106 415 203 454 fecit
236 416 464 456 Cardinalis
503 416 784 455 Eboracensis.
845 417 987 467 Nuper
1023 418 1153 456 literis
1191 418 1322 468 ipsius
1358 431 1484 458 manu
1523 419 1688 469 scriptis

105 481 389 521 amantissime
419 494 495 520 nos
525 481 722 520 inuitauit
753 482 1102 533 Archiepiscopus
1134 483 1473 533 Maguntinensis.
1532 483 1687 523 Alteris
1707 500 1746 531 45

106 545 189 584 iam
210 547 260 585 ad
281 560 348 585 me
366 546 499 585 literis
518 547 628 585 idem
650 548 734 596 agit
753 547 975 597 Philippus
994 548 1205 598 episcopus
1224 548 1510 588 Traiectensis.
1559 548 1687 587 Porro

106 611 350 651 Basiliensis
369 611 592 650 dimidium
613 612 728 662 regni
754 613 818 651 sui
842 613 1000 661 detulit,
1023 613 1105 661 sed,
1126 615 1172 652 vt
1192 613 1289 661 dixi,
1312 627 1416 664 pene
1436 627 1536 653 sero.
1596 614 1687 652 Iam

105 689 208 725 opus
245 677 300 715 sit
337 677 581 725 Moecenate,
626 690 709 715 non
749 677 822 727 qui
860 679 904 716 in
942 678 1132 717 fortunae
1170 691 1334 717 scenam
1371 679 1578 729 producat,
1618 678 1689 729 qui

106 740 295 780 fortunae
311 741 565 781 ornamentis
585 744 742 788 oneret,
759 742 827 781 sed
852 743 921 792 qui
941 743 1121 792 corporis
1136 744 1246 782 vires
1266 743 1421 791 sarciat,
1443 743 1513 793 qui
1532 742 1690 793 ingenii

105 806 290 855 vigorem
328 807 544 846 restituat:
585 819 687 856 quas
724 820 789 845 res
827 807 871 845 in
909 821 976 846 me
1013 820 1175 857 semper
1212 807 1339 847 exiles
1376 808 1528 858 partim
1567 809 1684 855 aetas,
1709 824 1749 858 50

106 871 259 920 partim
285 871 393 921 iugis
416 872 645 910 studiorum
667 871 857 910 exhausit
876 872 1000 911 labor.
1061 872 1182 911 Nunc
1206 875 1245 911 et
1272 873 1438 911 animus
1467 873 1688 911 honestum

106 936 243 975 ocium
283 937 439 988 flagitat
473 940 513 975 et
542 936 733 975 valetudo
762 937 887 976 etiam
917 938 1104 987 imperat.
1176 937 1317 976 Restat
1356 937 1467 976 enim
1505 939 1689 976 extrema

106 1002 231 1041 huius
260 1002 421 1041 fabulae
450 1002 730 1051 catastrophe;
761 1015 885 1051 quam
905 1002 1066 1040 vtinam
1086 1002 1144 1040 sic
1165 1002 1283 1041 liceat
1309 1015 1426 1052 agere
1453 1005 1500 1041 vt
1527 1001 1689 1041 Christo

106 1068 280 1118 chorago
319 1067 542 1117 probetur!
585 1067 785 1117 Amplam
814 1067 1021 1106 fortunam
1052 1080 1267 1117 nunquam
1296 1068 1434 1115 ambii,
1467 1069 1513 1107 vt
1552 1067 1689 1117 paruis

105 1132 257 1171 animis
286 1134 326 1170 et
359 1145 485 1182 paruo
509 1144 675 1181 corpore
697 1131 919 1170 maiorem:
948 1145 1059 1170 nunc
1094 1132 1258 1171 etiamsi
1286 1132 1478 1180 ambiam,
1502 1145 1576 1182 par
1604 1145 1690 1171 esse
1709 1147 1748 1179 55

106 1196 369 1236 sustinendae
398 1209 483 1235 non
510 1209 671 1246 queam.
730 1195 910 1235 Proinde
938 1198 1020 1235 stat
1048 1197 1251 1236 sententia
1280 1196 1416 1235 ocium
1444 1196 1521 1235 hoc
1550 1210 1691 1235 meum

106 1262 214 1301 tueri
228 1261 436 1301 mordicus
452 1275 462 1309 ;
481 1261 524 1299 in
545 1275 625 1311 quo
645 1262 786 1299 tamen
807 1261 864 1300 sic
883 1261 1076 1300 versabor
1094 1263 1152 1309 vt,
1171 1262 1303 1312 quoad
1323 1275 1396 1312 per
1410 1262 1522 1300 vires
1535 1261 1688 1309 licebit,

106 1326 352 1377 reipublicae
380 1327 460 1364 sim
490 1326 742 1376 profuturus,
777 1326 937 1365 etiamsi
967 1327 1017 1366 ab
1046 1326 1287 1366 huiusmodi
1328 1327 1537 1365 laboribus
1580 1325 1690 1377 plus-

107 1404 230 1442 quam
259 1390 514 1430 iuuenilibus
541 1391 691 1448 quibus
714 1404 826 1429 nunc
852 1391 1055 1439 conficior,
1079 1391 1159 1430 sim
1182 1392 1227 1430 in
1255 1393 1467 1441 posterum
1494 1393 1691 1441 tempera-

105 1459 237 1496 turus.
295 1456 381 1495 Sub
411 1456 766 1507 quadragesimam
796 1457 991 1507 incipiam
1020 1456 1180 1495 euolare
1208 1470 1230 1495 e
1258 1456 1367 1495 nido.
1427 1456 1471 1495 Si
1494 1456 1691 1495 Reueren-
1709 1463 1750 1495 60

106 1521 305 1560 dissimus
323 1521 421 1559 boni
441 1521 643 1568 consulet,
658 1534 723 1559 res
743 1522 785 1559 in
808 1521 884 1559 hoc
902 1523 1067 1570 tempus
1083 1521 1305 1560 differetur.
1363 1521 1438 1560 Sin
1456 1521 1608 1569 minus,
1626 1521 1692 1561 vel

106 1600 202 1626 cum
220 1586 471 1625 valetudinis
489 1586 671 1637 periculo
691 1588 808 1625 tanto
830 1586 1014 1636 Principi
1034 1586 1369 1636 gratificabimur.

161 1652 301 1700 Vides,
319 1652 379 1690 mi
395 1651 601 1699 Paschasi,
622 1654 669 1690 vt
683 1665 751 1690 me
766 1653 901 1690 totum
923 1651 966 1689 in
987 1651 1127 1690 sinum
1147 1654 1268 1690 tuum
1288 1651 1521 1690 effuderim.
1578 1651 1692 1690 Bene

106 1717 210 1757 vale.
271 1717 539 1768 Paraphrasis
555 1731 632 1767 que
655 1719 695 1755 te
715 1719 852 1765 terret,
875 1719 921 1755 vt
940 1717 1096 1766 scribis,
1113 1716 1245 1767 magis
1263 1716 1449 1766 placebit,
1469 1717 1504 1756 si
1524 1717 1692 1767 propius

107 1782 345 1822 contuleris.
401 1782 579 1822 Louanii
597 1782 792 1832 postridie
810 1782 1055 1832 Epiphanie.
1115 1784 1196 1821 An.
1220 1795 1250 1820 M
1267 1795 1294 1820 D
1316 1784 1373 1819 18.
1709 1784 1749 1828 65

470 1923 621 1966 ⁷4⁴³757.
682 1924 746 1966 To
776 1925 937 1966 ERARD
967 1936 1027 1966 DE
1058 1936 1113 1965 LA
1144 1924 1324 1966 MARoK.

154 2020 342 2055 Deventer
358 2019 434 2054 MS.
451 2029 509 2064 91,
526 2019 552 2054 f.
570 2021 626 2065 85.
1391 2019 1567 2054 Louvain.

156 2078 200 2113 D.
220 2090 255 2122 p.
276 2088 363 2123 217:
390 2077 428 2112 F.
447 2089 482 2122 p.
505 2087 592 2121 171:
621 2077 712 2114 HN:
740 2079 855 2114 Lond.
875 2078 928 2113 iii.
949 2079 1013 2121 46:
1040 2079 1115 2113 LB.
1133 2088 1212 2123 297.
1318 2088 1337 2122 7
1355 2078 1522 2122 January
1544 2079 1643 2122 1518.

111 2178 504 2210 REVERENDISSIMO
533 2178 574 2208 D.
597 2178 777 2209 ERARDO
809 2180 868 2209 DE
899 2179 1169 2210 ARENBORCH
1202 2179 1412 2210 EPISCOPO
1442 2178 1691 2209 LEODIENSI.

166 2259 206 2299 S.
217 2260 279 2308 P.‚
303 2258 558 2309 amplissime
579 2259 727 2297 Presul
748 2260 787 2297 et
809 2259 918 2298 idem
938 2259 1136 2309 Princeps
1160 2258 1451 2298 illustrissime.
1482 2259 1539 2297 Vt
1554 2259 1692 2308 paucis

111 2326 292 2375 citraque
307 2323 566 2374 prooemium
583 2323 633 2361 ad
649 2323 974 2362 humanissimas
990 2322 1243 2361 celsitudinis
1262 2324 1357 2361 tuae
1376 2323 1519 2361 literas
1531 2336 1693 2373 respon·

111 2391 254 2429 deam:
284 2389 390 2439 quod
425 2402 492 2426 me
530 2388 642 2426 fama
677 2388 759 2426 iam
801 2388 902 2427 olim
933 2387 1197 2426 notissimum
1235 2401 1370 2426 coram
1402 2387 1525 2426 etiam
1554 2387 1692 2426 videre

111 2453 379 2505 concupiscis,
411 2453 649 2492 istiusmodi
691 2453 918 2503 praeconiis
961 2453 1103 2491 onerat
1131 2452 1354 2490 Erasmum
1384 2453 1458 2490 dea
1486 2452 1557 2490 illa
1585 2451 1691 2502 apud

112 2519 349 2558 Homerum
381 2518 496 2566 Ossa,
516 2518 622 2568 apud
648 2517 860 2556 Maronem
888 2518 1027 2565 Fama,
1050 2530 1132 2555 non
1159 2517 1205 2554 in
1228 2530 1295 2555 me
1318 2518 1483 2555 tantum
1512 2529 1627 2564 vana,
1651 2518 1690 2555 et
1711 2536 1728 2566 5

155 2620 229 2651 756.
261 2629 312 2658 42.
344 2619 429 2651 Tota
459 2644 466 2652 .
498 2644 505 2650 .
535 2644 542 2650 .
571 2629 623 2659 47.
654 2629 744 2660 pene
776 2629 851 2650 sero
883 2629 941 2650 om.
966 2622 993 2649 D
1022 2619 1088 2658 (44.
1122 2617 1237 2649 literis
1266 2619 1398 2655 scripsi:
1434 2618 1576 2657 scriptis
1605 2617 1690 2657 MS.)

112 2673 164 2702 54.
190 2672 377 2702 nunquam
410 2666 477 2694 MS.
506 2667 561 2694 F:
600 2672 776 2703 nusquam
807 2665 845 2693 D.
988 2662 1038 2701 58.
1079 2661 1266 2701 plusquam
1298 2660 1518 2692 iuuenilibus
1548 2662 1622 2691 add.
1653 2663 1691 2691 D.

112 2716 164 2745 59.
191 2707 259 2737 sim
282 2708 351 2737 MS.
368 2718 375 2737 ε
399 2716 478 2737 sum
496 2710 525 2737 F
539 2709 654 2744 Com-2⁴9.
722 2707 761 2737 in
778 2708 959 2745 posterum
978 2708 1050 2736 adel.
1067 2708 1104 2736 D.
1230 2706 1282 2735 60.
1307 2707 1356 2735 D:
1379 2703 1608 2744 quadragesia
1623 2707 1691 2734 MS.

112 2749 446 2781 Reuerendissimus
461 2753 530 2781 MS.
547 2761 554 2780 :
577 2749 717 2790 praesul
735 2753 777 2780 H.
892 2750 944 2780 61.
972 2758 1026 2779 res
1044 2750 1115 2779 add.
1132 2751 1168 2778 D.
1283 2748 1336 2786 64.
1361 2750 1390 2778 D
1406 2759 1413 2777 ε
1437 2747 1693 2786 Pharaphrasis

113 2796 181 2824 MS.
327 2795 379 2824 D:
413 2793 576 2833 proprius
602 2796 671 2824 MS.
845 2794 897 2831 65.
935 2801 995 2822 nin
1012 2792 1051 2822 18
1076 2794 1166 2822 MS:
1201 2799 1367 2822 1⁵15).an
1392 2793 1442 2821 D:
1475 2799 1628 2822 mnxvn
1653 2793 1690 2822 F.

114 2837 187 2867 757.
211 2845 274 2866 nr.
293 2838 365 2868 add.
385 2838 537 2867 Erasmus
561 2839 596 2867 in
611 2838 681 2867 MS.
700 2847 706 2866 z
739 2845 784 2867 DE
808 2844 1017 2866 ARENBORCH
1040 2845 1097 2865 om.
1118 2837 1151 2865 F.
1269 2844 1296 2865 1.
1319 2843 1345 2864 s.
1364 2844 1395 2865 P.
1413 2836 1480 2864 MS.
1498 2845 1506 2864 ι
1536 2843 1694 2865 ERAsmvs

111 2888 362 2910 ROTERODAHVS
376 2888 403 2910 S.
421 2888 453 2910 D.
473 2882 511 2910 D.
644 2888 674 2918 5.
700 2882 749 2910 D:
773 2888 952 2910 meronem
970 2881 1038 2910 MS.

160 2977 233 3008 756.
259 2986 310 3015 43.
337 2976 430 3017 Rex]
447 2977 497 3008 Cf.
517 2977 580 3016 Ep.
600 2978 673 3016 694.
695 2987 734 3008 10
747 2987 781 3008 ιι.
984 2977 1034 3014 46.
1059 2975 1308 3016 Traiectensis]
1321 2975 1384 3007 See
1401 2985 1433 3015 p.
1455 2985 1503 3014 14.

159 3030 210 3059 45.
235 3019 538 3061 Maguntinensis]
557 3021 620 3061 Ep.
638 3021 713 3051 661.
983 3030 1035 3058 47.
1061 3018 1287 3060 Basiliensis]
1303 3020 1366 3051 See
1385 3019 1447 3059 Ep.
1466 3019 1540 3059 598.

177 3085 285 3106 Aram!
302 3085 345 3105 111
895 3089 919 3113 Ο
