2034 3433
337 167 419 206 550
797 161 1046 200 LETTERS
1086 161 1153 199 or
1191 159 1455 199 ERASMUS
1793 157 1922 213 [1519

335 271 486 322 quippe
505 269 623 308 licuit
641 280 802 317 semper
816 265 1034 316 licebitque
1054 265 1238 303 inuentis
1257 265 1415 311 addere,
1433 277 1506 314 pro
1522 264 1784 314 ingeniorum
1803 267 1924 315 captu

335 350 441 375 noua
454 334 690 384 excogitare,
706 332 779 370 fiat
794 330 914 369 modo
928 330 1030 368 citra
1041 343 1248 368 venenum
1262 331 1303 367 et
1316 329 1481 379 figurati
1495 329 1707 379 praeconis
1723 342 1923 378 morsum,

277 415 315 447 25
334 415 406 440 nec
436 401 485 439 de
515 412 637 437 curru
663 397 878 436 videamur
904 395 1090 444 ineptire.
1154 394 1263 443 Quin
1294 395 1329 433 si
1357 395 1568 433 attendere
1595 394 1775 444 amplius
1799 394 1924 433 fuerit

333 466 576 510 collibitum,
598 462 818 512 insigniter
835 461 1050 501 laudatum
1069 463 1118 508 te,
1143 461 1308 498 etiamsi
1326 473 1411 498 non
1432 459 1692 507 nominatim,
1714 459 1925 510 perspicue

334 535 484 579 tamen,
506 528 743 578 comperies.
793 526 1059 577 Ingenuitate
1079 525 1155 563 hac
1175 538 1198 563 a
1218 525 1399 563 maximo
1420 538 1581 575 quoque
1601 538 1696 563 cum
1716 524 1927 575 prioribus

335 597 558 634 cert-atum:
587 596 628 632 et
643 594 688 632 tu
704 593 746 630 in
767 591 1050 630 monumentis
1068 590 1152 629 tuis
1171 603 1334 640 pugnae
1353 590 1558 629 eiusmodi
1578 603 1661 629 non
1682 603 1726 628 es
1746 590 1919 629 nescius.

335 661 466 709 Quare
492 673 544 697 ne
569 658 697 697 fueris
722 657 904 708 iniquior
930 657 974 694 in
1005 669 1072 694 me
1099 656 1231 703 iudex,
1255 669 1383 705 quum
1413 655 1501 694 sine
1527 656 1819 705 prouocatione
1842 669 1925 694 non

278 739 318 771 30
334 725 594 775 disceptatur.

390 789 471 829 Sed
500 789 653 828 accedit
682 788 803 827 aliud.
863 787 964 837 Legi
994 800 1126 836 nuper
1153 800 1202 825 ex
1227 786 1512 825 admonitione
1537 786 1745 825 Francisci
1771 786 1929 825 Sacceti

335 855 576 903 Ticinensis,
598 854 678 893 viri
706 854 809 892 bene
840 853 947 892 docti
975 855 1016 891 et
1044 852 1249 901 senatorii,
1280 852 1325 891 in
1354 852 1582 891 nouissima
1603 852 1926 891 Prouerbiorum

335 921 515 959 editione
546 919 727 970 querelas
755 921 848 957 tuas
877 919 984 969 quod
1015 919 1060 956 in
1088 918 1206 956 libris
1236 918 1339 956 meis
1376 930 1579 969 nusquam
1609 919 1649 955 te
1680 917 1928 956 nominatim

335 985 585 1032 aduocarim,
619 985 735 1023 cuius
772 986 911 1022 tamen
949 982 1235 1021 monumentis
1272 996 1339 1021 me
1375 983 1565 1021 adiutum
1599 982 1808 1032 probabile
1841 983 1924 1021 fiat.

279 1066 318 1099 55
338 1051 434 1101 Ego,
457 1050 521 1089 vir
546 1049 797 1097 doctissime,
819 1048 895 1087 sub
922 1049 964 1086 id
988 1051 1151 1098 tempus
1171 1062 1251 1098 quo
1277 1061 1368 1087 mea
1385 1048 1601 1098 publicum
1624 1050 1723 1086 sunt
1741 1047 1925 1098 indepta,

338 1117 387 1155 de
407 1115 566 1154 officina
581 1117 651 1154 tua
670 1116 909 1164 promptum
929 1116 1089 1163 praeter
1104 1113 1328 1152 Prouerbia
1348 1113 1408 1151 nil
1428 1114 1607 1163 legeram
1623 1112 1805 1151 omnino.
1845 1112 1929 1151 Vbi

338 1193 431 1220 vero
451 1181 691 1231 prodierunt
710 1180 820 1227 haec,
843 1181 1009 1218 tantum
1029 1192 1114 1217 non
1134 1179 1365 1217 exenterari
1383 1179 1490 1217 mihi
1509 1191 1601 1217 sum
1621 1178 1745 1217 visus.
1795 1178 1927 1216 Erant

339 1247 414 1285 sub
439 1245 589 1284 incude
615 1246 756 1284 nostra
783 1244 928 1283 itidem
949 1244 1260 1283 Paroemiarum
1285 1243 1392 1292 libri,
1414 1246 1454 1282 et
1475 1244 1650 1291 Patauii,
1675 1245 1737 1282 sat
1767 1243 1861 1292 scio,
1886 1243 1928 1282 id

338 1311 629 1350 renunciatum
657 1310 746 1349 tibi.
806 1310 936 1348 Facto
964 1309 1089 1360 igitur
1115 1311 1198 1358 tuo,
1224 1309 1295 1359 qui
1325 1309 1541 1358 occupasti,
1573 1309 1623 1347 ad
1650 1308 1794 1347 restim
1822 1307 1929 1346 mihi

280 1395 321 1425 42
338 1377 460 1416 rediit
486 1390 560 1416 res.
621 1375 852 1426 Euigilatae
880 1375 988 1414 mihi
1016 1377 1076 1414 tot
1106 1376 1246 1413 noctes
1274 1374 1440 1424 periere,
1468 1375 1640 1413 haustae
1668 1374 1929 1412 lucernarum

338 1443 545 1493 fuligines,
569 1441 789 1480 sudoribus
815 1441 936 1480 toties
962 1440 1116 1490 rigatae
1136 1442 1272 1479 vestes
1298 1441 1343 1478 in
1369 1440 1552 1478 nihilum
1572 1440 1761 1479 recidere.
1823 1438 1929 1488 Quid

341 1508 446 1546 mihi
471 1510 561 1546 tum
590 1507 720 1546 animi
748 1507 878 1546 fuisse
905 1508 1058 1557 putas?
1115 1506 1232 1544 Noua
1256 1506 1337 1544 fuit
1362 1505 1634 1544 redordienda
1660 1505 1750 1552 tela,
1772 1517 1929 1543 nouum

340 1574 568 1612 ineundum
607 1575 824 1620 certamen,
858 1572 903 1610 ni
932 1572 1051 1610 allisa
1082 1571 1283 1622 patientia
1311 1571 1356 1609 in
1390 1570 1580 1610 tenebras
1611 1573 1677 1608 me
1709 1570 1929 1608 intrusisse

338 1640 507 1678 mallem
525 1639 592 1677 vel
613 1637 848 1677 Cimmeriis
866 1637 1048 1676 atriores.

283 1721 323 1752 45
395 1704 506 1742 Hinc
535 1716 629 1754 ergo
658 1705 756 1742 sunt
784 1702 1065 1753 Antiquarum
1094 1701 1337 1740 Lectionum
1365 1701 1487 1740 libri:
1519 1700 1590 1750 qui
1616 1714 1744 1751 quum
1773 1700 1930 1739 excocti

340 1769 519 1819 amplius
540 1771 581 1807 et
600 1768 879 1818 opulentiores
900 1767 1309 1818 quoque—accedent
1329 1766 1478 1817 quippe
1503 1779 1643 1805 rerum
1662 1766 1768 1804 scitu
1788 1765 1927 1816 digna-

340 1848 434 1873 rum
453 1835 549 1885 plus
567 1834 709 1873 minus
725 1834 908 1883 quinque
927 1833 1210 1871 millia—mox
1230 1834 1328 1871 sunt
1348 1831 1567 1882 prodituri,
1583 1844 1662 1882 quo
1678 1833 1718 1870 te
1736 1830 1931 1881 obsequio

342 1900 549 1939 demerear
568 1899 760 1949 pleniore,
779 1899 1028 1938 nominatim
1041 1897 1120 1936 tibi
1136 1897 1311 1947 epistola
1326 1899 1429 1935 teste
1450 1896 1605 1935 librum
1624 1909 1757 1935 vnum
1777 1909 1932 1935 nuncu-

340 1965 540 2015 pabimus,
563 1963 745 2003 attestati
765 1964 978 2014 praecipue
999 1965 1203 2014 quantum
1228 1961 1438 2001 laboribus
1458 1962 1544 2001 tuis
1565 1961 1673 2001 vitae
1696 1961 1928 2000 contuleris.

284 2048 325 2080 50
342 2031 459 2080 Quod
488 2044 554 2069 me
586 2030 777 2069 ‘retextis
804 2029 982 2069 aliorum
1010 2029 1131 2067 sertis
1157 2041 1286 2067 nouas
1313 2029 1526 2066 contexere
1554 2027 1745 2066 corollas’
1771 2027 1929 2076 scribis,

341 2097 420 2135 tibi
439 2095 663 2145 ceterisque
683 2109 781 2134 mox
800 2095 1109 2134 satisfaciemus.
1170 2093 1348 2133 Interim
1367 2093 1467 2132 vale.

398 2161 630 2199 Mediolano
650 2174 686 2199 x.
710 2161 801 2199 Kal.
828 2161 956 2199 Maias
977 2173 1150 2198 mnxm.

386 2337 439 2366 25.
463 2328 506 2358 de
523 2327 645 2368 curru]
662 2327 836 2365 OfiAclaq.
854 2327 963 2366 673,4.
1172 2325 1233 2354 out
1272 2324 1331 2354 his
1368 2323 1530 2360 scheme;
1573 2323 1637 2354 but
1675 2323 1734 2354 his
1770 2323 1932 2364 nephew,

387 2381 439 2410 31.
465 2371 613 2411 Sacceti]
654 2371 672 2401 I
712 2372 841 2401 cannot
888 2372 984 2400 trace
1030 2368 1104 2399 this
1173 2366 1346 2399 Camillus
1370 2366 1572 2406 Richerffls,
1600 2366 1781 2406 produced
1807 2376 1827 2397 a
1851 2376 1934 2398 new

345 2415 479 2445 Pavian
517 2417 672 2446 senator.
732 2413 788 2445 He
825 2423 896 2444 was
934 2412 1106 2453 probably
1172 2410 1321 2450 edition,
1355 2410 1471 2449 Basle,
1504 2411 1550 2442 H.
1583 2410 1720 2441 Froben
1752 2410 1824 2441 and
1855 2411 1931 2443 Nic.

344 2459 535 2489 connected
554 2458 645 2490 with
663 2458 856 2488 Francesco
871 2456 1049 2488 Sacchetti
1072 2456 1109 2486 of
1173 2455 1394 2495 Episcopius,
1429 2462 1521 2493 1542.
1568 2453 1613 2484 In
1644 2453 1720 2485 this
1750 2454 1850 2484 there
1874 2464 1934 2485 are

344 2501 462 2536 Pavia.
488 2502 568 2532 who
592 2511 662 2532 was
687 2500 864 2532 Professor
888 2500 926 2531 of
944 2499 1049 2539 Logic
1067 2499 1105 2530 in
1172 2509 1213 2537 30
1236 2497 1355 2537 books,
1382 2497 1519 2528 formed
1541 2498 1587 2537 by
1607 2497 1780 2537 breaking
1800 2507 1847 2538 up
1872 2497 1934 2529 the

344 2545 405 2576 the
437 2545 646 2584 University
672 2545 795 2583 1446-7
813 2556 820 2575 :
845 2553 901 2575 see
926 2546 1070 2574 Memorz'e
1091 2554 1105 2574 e
1171 2543 1334 2582 previous
1353 2542 1393 2572 16
1405 2540 1541 2581 (except
1560 2550 1574 2571 1
1593 2540 1664 2572 and
1679 2541 1734 2582 15)
1750 2540 1828 2572 into
1840 2543 1935 2572 two:

345 2591 523 2619 Documenti
539 2612 546 2618 .
559 2611 567 2620 .
587 2588 653 2618 dell'
674 2591 763 2619 Univ.
782 2590 816 2618 dz·
836 2589 945 2626 Paria,
967 2587 1060 2625 1878,
1079 2587 1102 2625 i,
1172 2586 1235 2616 the
1254 2595 1334 2615 new
1350 2585 1504 2624 prefaces
1515 2584 1753 2624 interpolated
1763 2585 1871 2625 being
1885 2585 1934 2616 all

345 2641 376 2670 p.
400 2632 469 2671 158.
517 2632 591 2662 The
613 2641 717 2662 name
736 2632 766 2662 is
785 2631 859 2662 also
874 2630 987 2661 found
1004 2630 1104 2660 there
1173 2629 1221 2668 by
1243 2627 1427 2666 CamilluS‚
1452 2630 1575 2667 except
1599 2637 1666 2658 one
1692 2627 1808 2658 which
1832 2628 1863 2659 is
1887 2629 1935 2668 by

348 2675 386 2705 in
403 2675 506 2706 xviii⁰
523 2675 625 2716 (ibid.
645 2675 697 2713 iii,
717 2685 749 2715 p.
768 2674 857 2715 364).
1173 2672 1205 2703 J.
1225 2672 1269 2703 M.
1289 2672 1467 2703 Gorettus.
1513 2671 1619 2702 From
1637 2681 1703 2702 one
1720 2671 1758 2702 of
1771 2672 1881 2710 these,
1897 2673 1935 2711 to

389 2728 441 2757 33.
465 2718 641 2759 querelas]
658 2721 764 2756 Aday.
782 2718 917 2757 1517-8,
937 2727 969 2757 p.
991 2726 1038 2756 15.
1175 2715 1229 2746 bk.
1253 2725 1288 2745 11
1315 2715 1365 2756 (=
1382 2715 1438 2746 bk.
1464 2716 1497 2752 6,
1521 2717 1571 2755 pt.
1598 2715 1644 2756 2),
1671 2715 1777 2745 dated
1800 2724 1819 2753 5
1843 2715 1930 2746 Nov.
1958 2733 1962 2736 -

388 2763 440 2801 38.
473 2761 751 2802 Paroemiarum]
798 2762 883 2791 This
928 2761 1027 2791 work
1073 2760 1110 2791 of
1176 2768 1267 2799 1540,
1298 2759 1328 2790 it
1353 2768 1501 2799 appears
1532 2758 1612 2789 that
1644 2758 1704 2789 the
1735 2767 1935 2798 ream-ange-

345 2804 484 2836 Caelius
499 2815 571 2836 was
587 2815 694 2836 never
710 2804 914 2845 published.
1174 2804 1276 2833 ment
1301 2802 1372 2833 had
1398 2802 1484 2833 been
1512 2801 1680 2842 designed
1705 2802 1751 2841 by
1774 2801 1932 2834 Caelius:

433 2848 588 2889 Patauii]
643 2848 694 2880 Cf.
740 2848 805 2888 Ep.
852 2849 927 2886 556.
974 2857 1015 2886 33
1069 2857 1103 2878 n.
1173 2846 1237 2877 but
1255 2846 1300 2886 by
1322 2846 1383 2876 the
1403 2846 1492 2877 time
1513 2846 1575 2876 the
1598 2855 1677 2876 new
1701 2844 1839 2876 edition
1862 2855 1935 2876 was

346 2891 515 2923 Erasmus
530 2902 602 2923 was
620 2892 721 2923 there
739 2893 776 2923 in
797 2891 880 2922 Dec.
900 2891 982 2930 1508
1001 2891 1104 2931 (Epp.
1173 2889 1412 2927 undertaken,
1428 2889 1596 2919 Erasmus
1618 2890 1674 2919 too
1690 2898 1763 2919 was
1778 2888 1877 2928 dead,
1898 2899 1934 2920 so

346 2935 470 2974 2123).
1174 2933 1255 2964 that
1272 2932 1374 2964 there
1391 2942 1464 2963 was
1483 2942 1529 2963 no
1551 2932 1717 2972 question
1735 2932 1771 2963 of
1789 2931 1849 2963 the
1865 2931 1934 2964 ful-

390 2978 440 3015 48.
467 2978 600 3010 librum
616 2978 744 3019 vnum]
763 2977 814 3009 Cf.
831 2978 918 3017 Epp.
936 2979 1010 3017 469.
1025 2978 1044 3007 8
1057 2987 1102 3017 n.,
1174 2976 1316 3006 filment
1331 2977 1369 3007 of
1382 2976 1456 3007 this
1470 2976 1637 3015 promise.

347 3021 419 3058 556.
439 3030 490 3059 32.
537 3021 677 3053 Caelius
695 3022 756 3053 did
779 3024 842 3053 not
864 3022 934 3052 live
951 3023 986 3052 to
1003 3031 1105 3060 carry
1218 3029 1268 3059 50.
1296 3019 1435 3060 scribis]
1452 3021 1556 3058 Aday.
1577 3020 1714 3058 1517-8,
1732 3029 1764 3058 p.
1787 3028 1834 3058 15.
