<?xml version="1.0" encoding="UTF-8"?>
<!DOCTYPE html PUBLIC "-//W3C//DTD XHTML 1.0 Transitional//EN"
    "http://www.w3.org/TR/xhtml1/DTD/xhtml1-transitional.dtd">
<html xmlns="http://www.w3.org/1999/xhtml" xml:lang="en" lang="en">
 <head>
  <title>
</title>
<meta http-equiv="Content-Type" content="text/html;charset=utf-8" />
  <meta name='ocr-system' content='tesseract 3.04.00' />
  <meta name='ocr-capabilities' content='ocr_page ocr_carea ocr_par ocr_line ocrx_word'/>
</head>
<body>
  <div class='ocr_page' id='page_1' title='image "./opusepistolarumd03erasuoft_0659.png"; bbox 0 0 2034 3433; ppageno 0'>
   <div class='ocr_carea' id='block_1_1' title="bbox 65 212 1656 311">
    <p class='ocr_par' dir='ltr' id='par_1_1' title="bbox 65 212 1656 311">
     <span class='ocr_line' id='line_1_1' title="bbox 65 212 1656 268; baseline -0.011 -2"><span class='ocrx_word' id='word_1_1' title='bbox 65 213 162 268; x_wconf 82' lang='lat'><em>980]</em></span> <span class='ocrx_word' id='word_1_2' title='bbox 1578 212 1656 250; x_wconf 81' lang='lat'><strong>605</strong></span> 
     </span>
     <span class='ocr_line' id='line_1_2' title="bbox 489 266 1222 311; baseline -0.004 -2"><span class='ocrx_word' id='word_1_3' title='bbox 489 268 642 311; x_wconf 74' lang='lat'><strong>⁰3³980.</strong></span> <span class='ocrx_word' id='word_1_4' title='bbox 702 267 767 308; x_wconf 93' lang='lat' dir='ltr'><strong>To</strong></span> <span class='ocrx_word' id='word_1_5' title='bbox 799 266 986 308; x_wconf 79' lang='lat' dir='ltr'>MARTIN</span> <span class='ocrx_word' id='word_1_6' title='bbox 1020 267 1222 308; x_wconf 82' lang='lat' dir='ltr'><strong>LUTHER.</strong></span> 
     </span>
    </p>
   </div>
   <div class='ocr_carea' id='block_1_2' title="bbox 111 355 1612 464">
    <p class='ocr_par' dir='ltr' id='par_1_2' title="bbox 111 355 1612 464">
     <span class='ocr_line' id='line_1_3' title="bbox 112 355 1567 401; baseline -0.005 -5"><span class='ocrx_word' id='word_1_7' title='bbox 112 359 313 396; x_wconf 86' lang='lat' dir='ltr'><strong>Mosellani</strong></span> <span class='ocrx_word' id='word_1_8' title='bbox 330 359 472 401; x_wconf 88' lang='lat' dir='ltr'><strong>Oratio,</strong></span> <span class='ocrx_word' id='word_1_9' title='bbox 493 359 538 394; x_wconf 85' lang='lat' dir='ltr'><strong>f0.</strong></span> <span class='ocrx_word' id='word_1_10' title='bbox 558 357 615 392; x_wconf 81' lang='lat' dir='ltr'><strong>D³.</strong></span> <span class='ocrx_word' id='word_1_11' title='bbox 1392 355 1567 391; x_wconf 86' lang='lat' dir='ltr'><strong>Louvain.</strong></span> 
     </span>
     <span class='ocr_line' id='line_1_4' title="bbox 111 413 1612 464; baseline -0.003 -12"><span class='ocrx_word' id='word_1_12' title='bbox 111 417 152 454; x_wconf 88' lang='grc' dir='ltr'><strong>Ε.</strong></span> <span class='ocrx_word' id='word_1_13' title='bbox 169 430 206 464; x_wconf 88' lang='lat' dir='ltr'><strong>p.</strong></span> <span class='ocrx_word' id='word_1_14' title='bbox 226 418 313 463; x_wconf 89' lang='lat'>136:</span> <span class='ocrx_word' id='word_1_15' title='bbox 339 417 376 453; x_wconf 80' lang='lat' dir='ltr'><strong>F.</strong></span> <span class='ocrx_word' id='word_1_16' title='bbox 394 429 430 463; x_wconf 91' lang='lat' dir='ltr'><strong>p.</strong></span> <span class='ocrx_word' id='word_1_17' title='bbox 449 418 539 453; x_wconf 85' lang='lat'><strong>286:</strong></span> <span class='ocrx_word' id='word_1_18' title='bbox 568 414 659 450; x_wconf 90' lang='lat' dir='ltr'><strong>HN:</strong></span> <span class='ocrx_word' id='word_1_19' title='bbox 687 414 803 450; x_wconf 89' lang='lat' dir='ltr'><strong>Lond.</strong></span> <span class='ocrx_word' id='word_1_20' title='bbox 822 414 866 449; x_wconf 86' lang='lat' dir='ltr'><strong>vi.</strong></span> <span class='ocrx_word' id='word_1_21' title='bbox 888 425 932 458; x_wconf 88' lang='lat'><strong>4:</strong></span> <span class='ocrx_word' id='word_1_22' title='bbox 962 414 1036 450; x_wconf 90' lang='lat' dir='ltr'><strong>LB.</strong></span> <span class='ocrx_word' id='word_1_23' title='bbox 1055 424 1136 458; x_wconf 85' lang='lat'><strong>427.</strong></span> <span class='ocrx_word' id='word_1_24' title='bbox 1342 425 1387 459; x_wconf 86' lang='lat'><strong>30</strong></span> <span class='ocrx_word' id='word_1_25' title='bbox 1403 413 1491 458; x_wconf 86' lang='lat' dir='ltr'><strong>May</strong></span> <span class='ocrx_word' id='word_1_26' title='bbox 1513 422 1612 458; x_wconf 83' lang='lat'><strong>1519.</strong></span> 
     </span>
    </p>
   </div>
   <div class='ocr_carea' id='block_1_3' title="bbox 64 494 1661 755">
    <p class='ocr_par' dir='ltr' id='par_1_3' title="bbox 64 494 1661 755">
     <span class='ocr_line' id='line_1_5' title="bbox 108 494 1661 540; baseline -0.004 -10"><span class='ocrx_word' id='word_1_27' title='bbox 108 497 192 540; x_wconf 85' lang='lat' dir='ltr'><strong>[For</strong></span> <span class='ocrx_word' id='word_1_28' title='bbox 208 499 271 530; x_wconf 87' lang='lat' dir='ltr'><strong>the</strong></span> <span class='ocrx_word' id='word_1_29' title='bbox 287 507 429 529; x_wconf 80' lang='lat' dir='ltr'><strong>sources</strong></span> <span class='ocrx_word' id='word_1_30' title='bbox 442 506 498 528; x_wconf 91' lang='lat' dir='ltr'><strong>see</strong></span> <span class='ocrx_word' id='word_1_31' title='bbox 514 496 576 537; x_wconf 91' lang='lat' dir='ltr'><strong>Ep.</strong></span> <span class='ocrx_word' id='word_1_32' title='bbox 594 496 669 535; x_wconf 89' lang='lat'><strong>948.</strong></span> <span class='ocrx_word' id='word_1_33' title='bbox 720 494 796 526; x_wconf 85' lang='lat' dir='ltr'><strong>The</strong></span> <span class='ocrx_word' id='word_1_34' title='bbox 814 496 889 526; x_wconf 86' lang='lat' dir='ltr'><strong>text</strong></span> <span class='ocrx_word' id='word_1_35' title='bbox 905 494 942 525; x_wconf 84' lang='lat' dir='ltr'><strong>of</strong></span> <span class='ocrx_word' id='word_1_36' title='bbox 964 508 983 525; x_wconf 85' lang='lat' dir='ltr'><strong>a</strong></span> <span class='ocrx_word' id='word_1_37' title='bbox 1001 495 1032 526; x_wconf 90' lang='lat' dir='ltr'><strong>is</strong></span> <span class='ocrx_word' id='word_1_38' title='bbox 1048 505 1086 526; x_wconf 90' lang='lat' dir='ltr'><strong>so</strong></span> <span class='ocrx_word' id='word_1_39' title='bbox 1103 496 1210 526; x_wconf 88' lang='lat' dir='ltr'><strong>much</strong></span> <span class='ocrx_word' id='word_1_40' title='bbox 1228 495 1289 526; x_wconf 90' lang='lat' dir='ltr'><strong>the</strong></span> <span class='ocrx_word' id='word_1_41' title='bbox 1307 496 1423 526; x_wconf 83' lang='lat' dir='ltr'><strong>better</strong></span> <span class='ocrx_word' id='word_1_42' title='bbox 1438 494 1518 525; x_wconf 88' lang='lat' dir='ltr'><strong>that</strong></span> <span class='ocrx_word' id='word_1_43' title='bbox 1536 494 1554 524; x_wconf 95' lang='lat' dir='ltr'>I</span> <span class='ocrx_word' id='word_1_44' title='bbox 1571 494 1661 525; x_wconf 89' lang='lat' dir='ltr'><strong>have</strong></span> 
     </span>
     <span class='ocr_line' id='line_1_6' title="bbox 64 537 1660 582; baseline -0.004 -10"><span class='ocrx_word' id='word_1_45' title='bbox 64 542 208 582; x_wconf 78' lang='lat' dir='ltr'><strong>printed</strong></span> <span class='ocrx_word' id='word_1_46' title='bbox 239 542 302 573; x_wconf 90' lang='lat' dir='ltr'><strong>the</strong></span> <span class='ocrx_word' id='word_1_47' title='bbox 333 541 440 573; x_wconf 85' lang='lat' dir='ltr'><strong>letter</strong></span> <span class='ocrx_word' id='word_1_48' title='bbox 466 541 595 572; x_wconf 86' lang='lat' dir='ltr'><strong>almost</strong></span> <span class='ocrx_word' id='word_1_49' title='bbox 619 539 760 578; x_wconf 83' lang='lat' dir='ltr'><strong>exactly</strong></span> <span class='ocrx_word' id='word_1_50' title='bbox 786 548 823 568; x_wconf 85' lang='lat' dir='ltr'><strong>as</strong></span> <span class='ocrx_word' id='word_1_51' title='bbox 849 539 878 569; x_wconf 80' lang='lat' dir='ltr'><strong>it.</strong></span> <span class='ocrx_word' id='word_1_52' title='bbox 902 538 1028 569; x_wconf 87' lang='lat' dir='ltr'><strong>stands</strong></span> <span class='ocrx_word' id='word_1_53' title='bbox 1052 538 1175 575; x_wconf 86' lang='lat' dir='ltr'><strong>there;</strong></span> <span class='ocrx_word' id='word_1_54' title='bbox 1208 539 1352 579; x_wconf 82' lang='lat' dir='ltr'>placing</span> <span class='ocrx_word' id='word_1_55' title='bbox 1377 539 1439 569; x_wconf 89' lang='lat' dir='ltr'><strong>the</strong></span> <span class='ocrx_word' id='word_1_56' title='bbox 1465 537 1660 569; x_wconf 84' lang='lat' dir='ltr'><strong>occasional</strong></span> 
     </span>
     <span class='ocr_line' id='line_1_7' title="bbox 65 580 1661 621; baseline -0.003 -5"><span class='ocrx_word' id='word_1_57' title='bbox 65 584 332 618; x_wconf 83' lang='lat' dir='ltr'><strong>modifications</strong></span> <span class='ocrx_word' id='word_1_58' title='bbox 358 584 439 617; x_wconf 87' lang='lat' dir='ltr'><strong>that</strong></span> <span class='ocrx_word' id='word_1_59' title='bbox 462 593 521 615; x_wconf 86' lang='lat' dir='ltr'><strong>are</strong></span> <span class='ocrx_word' id='word_1_60' title='bbox 544 583 647 614; x_wconf 87' lang='lat' dir='ltr'><strong>made</strong></span> <span class='ocrx_word' id='word_1_61' title='bbox 670 583 709 613; x_wconf 90' lang='lat' dir='ltr'><strong>in</strong></span> <span class='ocrx_word' id='word_1_62' title='bbox 733 581 761 612; x_wconf 88' lang='grc' dir='ltr'><strong>Ε</strong></span> <span class='ocrx_word' id='word_1_63' title='bbox 789 582 828 612; x_wconf 91' lang='lat' dir='ltr'><strong>in</strong></span> <span class='ocrx_word' id='word_1_64' title='bbox 853 583 915 613; x_wconf 86' lang='lat' dir='ltr'><strong>the</strong></span> <span class='ocrx_word' id='word_1_65' title='bbox 939 584 1051 613; x_wconf 87' lang='lat' dir='ltr'><strong>notes.</strong></span> <span class='ocrx_word' id='word_1_66' title='bbox 1098 582 1186 613; x_wconf 87' lang='lat' dir='ltr'><strong>This</strong></span> <span class='ocrx_word' id='word_1_67' title='bbox 1209 582 1316 613; x_wconf 86' lang='lat' dir='ltr'><strong>letter</strong></span> <span class='ocrx_word' id='word_1_68' title='bbox 1330 591 1404 613; x_wconf 86' lang='lat' dir='ltr'><strong>was</strong></span> <span class='ocrx_word' id='word_1_69' title='bbox 1427 581 1502 612; x_wconf 85' lang='lat' dir='ltr'><strong>also</strong></span> <span class='ocrx_word' id='word_1_70' title='bbox 1518 580 1661 621; x_wconf 78' lang='lat' dir='ltr'>printed</span> 
     </span>
     <span class='ocr_line' id='line_1_8' title="bbox 65 625 1660 668; baseline -0.003 -8"><span class='ocrx_word' id='word_1_71' title='bbox 65 627 156 660; x_wconf 86' lang='lat' dir='ltr'><strong>with</strong></span> <span class='ocrx_word' id='word_1_72' title='bbox 188 629 268 660; x_wconf 85' lang='lat' dir='ltr'><strong>that</strong></span> <span class='ocrx_word' id='word_1_73' title='bbox 299 628 337 660; x_wconf 85' lang='lat' dir='ltr'><strong>of</strong></span> <span class='ocrx_word' id='word_1_74' title='bbox 368 638 408 668; x_wconf 90' lang='lat'><strong>19</strong></span> <span class='ocrx_word' id='word_1_75' title='bbox 437 628 512 659; x_wconf 90' lang='lat' dir='ltr'><strong>Oct.</strong></span> <span class='ocrx_word' id='word_1_76' title='bbox 542 636 627 666; x_wconf 85' lang='lat'><strong>1519</strong></span> <span class='ocrx_word' id='word_1_77' title='bbox 650 627 688 657; x_wconf 93' lang='lat' dir='ltr'><strong>to</strong></span> <span class='ocrx_word' id='word_1_78' title='bbox 715 625 778 656; x_wconf 89' lang='lat' dir='ltr'><strong>the</strong></span> <span class='ocrx_word' id='word_1_79' title='bbox 803 625 894 665; x_wconf 88' lang='lat' dir='ltr'><strong>Abp.</strong></span> <span class='ocrx_word' id='word_1_80' title='bbox 923 625 961 656; x_wconf 84' lang='lat' dir='ltr'><strong>of</strong></span> <span class='ocrx_word' id='word_1_81' title='bbox 990 625 1117 665; x_wconf 82' lang='lat' dir='ltr'><strong>Mainz,</strong></span> <span class='ocrx_word' id='word_1_82' title='bbox 1138 627 1176 656; x_wconf 91' lang='lat' dir='ltr'><strong>in</strong></span> <span class='ocrx_word' id='word_1_83' title='bbox 1203 635 1249 656; x_wconf 80' lang='lat' dir='ltr'><strong>an</strong></span> <span class='ocrx_word' id='word_1_84' title='bbox 1274 626 1435 657; x_wconf 88' lang='lat' dir='ltr'><strong>undated</strong></span> <span class='ocrx_word' id='word_1_85' title='bbox 1463 625 1602 656; x_wconf 83' lang='lat' dir='ltr'><strong>edition</strong></span> <span class='ocrx_word' id='word_1_86' title='bbox 1625 626 1660 656; x_wconf 75' lang='lat' dir='ltr'><strong>at</strong></span> 
     </span>
     <span class='ocr_line' id='line_1_9' title="bbox 64 668 1661 713; baseline -0.004 -9"><span class='ocrx_word' id='word_1_87' title='bbox 64 672 241 713; x_wconf 84' lang='lat' dir='ltr'><strong>Cologne;</strong></span> <span class='ocrx_word' id='word_1_88' title='bbox 278 672 342 703; x_wconf 91' lang='lat' dir='ltr'><strong>but</strong></span> <span class='ocrx_word' id='word_1_89' title='bbox 373 672 435 703; x_wconf 88' lang='lat' dir='ltr'><strong>the</strong></span> <span class='ocrx_word' id='word_1_90' title='bbox 466 671 543 701; x_wconf 87' lang='lat' dir='ltr'><strong>text</strong></span> <span class='ocrx_word' id='word_1_91' title='bbox 573 670 676 701; x_wconf 86' lang='lat' dir='ltr'><strong>there</strong></span> <span class='ocrx_word' id='word_1_92' title='bbox 719 669 922 709; x_wconf 86' lang='lat' dir='ltr'><strong>invariably</strong></span> <span class='ocrx_word' id='word_1_93' title='bbox 955 669 1095 700; x_wconf 83' lang='lat' dir='ltr'>follows</span> <span class='ocrx_word' id='word_1_94' title='bbox 1126 669 1166 707; x_wconf 82' lang='lat' dir='ltr'><strong>E,</strong></span> <span class='ocrx_word' id='word_1_95' title='bbox 1193 669 1266 700; x_wconf 84' lang='lat' dir='ltr'><strong>and</strong></span> <span class='ocrx_word' id='word_1_96' title='bbox 1298 679 1382 709; x_wconf 84' lang='lat' dir='ltr'><strong>may</strong></span> <span class='ocrx_word' id='word_1_97' title='bbox 1412 669 1589 700; x_wconf 78' lang='lat' dir='ltr'><strong>therefore</strong></span> <span class='ocrx_word' id='word_1_98' title='bbox 1619 668 1661 699; x_wconf 89' lang='lat' dir='ltr'><strong>be</strong></span> 
     </span>
     <span class='ocr_line' id='line_1_10' title="bbox 66 712 854 755; baseline -0.006 -8"><span class='ocrx_word' id='word_1_99' title='bbox 66 715 257 755; x_wconf 88' lang='lat' dir='ltr'><strong>presumed</strong></span> <span class='ocrx_word' id='word_1_100' title='bbox 272 717 309 746; x_wconf 88' lang='lat' dir='ltr'><strong>to</strong></span> <span class='ocrx_word' id='word_1_101' title='bbox 326 715 418 746; x_wconf 87' lang='lat' dir='ltr'><strong>have</strong></span> <span class='ocrx_word' id='word_1_102' title='bbox 435 715 526 745; x_wconf 88' lang='lat' dir='ltr'><strong>been</strong></span> <span class='ocrx_word' id='word_1_103' title='bbox 543 713 689 754; x_wconf 85' lang='lat' dir='ltr'><strong>printed</strong></span> <span class='ocrx_word' id='word_1_104' title='bbox 705 712 796 743; x_wconf 82' lang='lat' dir='ltr'><strong>from</strong></span> <span class='ocrx_word' id='word_1_105' title='bbox 815 713 854 743; x_wconf 86' lang='lat' dir='ltr'><strong>it.</strong></span> 
     </span>
    </p>
   </div>
   <div class='ocr_carea' id='block_1_4' title="bbox 107 754 1617 796">
    <p class='ocr_par' dir='ltr' id='par_1_4' title="bbox 107 754 1617 796">
     <span class='ocr_line' id='line_1_11' title="bbox 107 754 1617 796; baseline -0.003 -5"><span class='ocrx_word' id='word_1_106' title='bbox 107 759 182 791; x_wconf 87' lang='lat' dir='ltr'><strong>The</strong></span> <span class='ocrx_word' id='word_1_107' title='bbox 198 759 280 791; x_wconf 84' lang='lat' dir='ltr'><strong>date</strong></span> <span class='ocrx_word' id='word_1_108' title='bbox 299 759 330 790; x_wconf 88' lang='lat' dir='ltr'><strong>is</strong></span> <span class='ocrx_word' id='word_1_109' title='bbox 345 757 542 790; x_wconf 89' lang='lat' dir='ltr'><strong>confirmed</strong></span> <span class='ocrx_word' id='word_1_110' title='bbox 560 758 607 796; x_wconf 84' lang='lat' dir='ltr'><strong>by</strong></span> <span class='ocrx_word' id='word_1_111' title='bbox 623 757 684 787; x_wconf 90' lang='lat' dir='ltr'><strong>the</strong></span> <span class='ocrx_word' id='word_1_112' title='bbox 701 756 864 787; x_wconf 84' lang='lat' dir='ltr'><strong>mention</strong></span> <span class='ocrx_word' id='word_1_113' title='bbox 882 756 921 786; x_wconf 89' lang='lat' dir='ltr'><strong>of</strong></span> <span class='ocrx_word' id='word_1_114' title='bbox 934 754 1101 787; x_wconf 86' lang='lat' dir='ltr'><strong>Luther&#39;s</strong></span> <span class='ocrx_word' id='word_1_115' title='bbox 1117 756 1400 788; x_wconf 81' lang='lat' dir='ltr'><strong>Commentaries</strong></span> <span class='ocrx_word' id='word_1_116' title='bbox 1418 756 1455 795; x_wconf 77' lang='lat' dir='ltr'><strong>(l.</strong></span> <span class='ocrx_word' id='word_1_117' title='bbox 1474 764 1515 793; x_wconf 80' lang='lat'><strong>53</strong></span> <span class='ocrx_word' id='word_1_118' title='bbox 1534 754 1617 796; x_wconf 85' lang='lat' dir='ltr'><strong>n.).]</strong></span> 
     </span>
    </p>
   </div>
   <div class='ocr_carea' id='block_1_5' title="bbox 401 850 1326 883">
    <p class='ocr_par' dir='ltr' id='par_1_5' title="bbox 401 850 1326 883">
     <span class='ocr_line' id='line_1_12' title="bbox 401 850 1326 883; baseline -0.002 0"><span class='ocrx_word' id='word_1_119' title='bbox 401 852 608 883; x_wconf 81' lang='lat' dir='ltr'>ERASMVS</span> <span class='ocrx_word' id='word_1_120' title='bbox 639 852 765 882; x_wconf 84' lang='lat' dir='ltr'><strong>ROTE.</strong></span> <span class='ocrx_word' id='word_1_121' title='bbox 799 852 841 881; x_wconf 89' lang='lat' dir='ltr'><strong>D.</strong></span> <span class='ocrx_word' id='word_1_122' title='bbox 872 850 1081 881; x_wconf 77' lang='lat' dir='ltr'>MARTINO</span> <span class='ocrx_word' id='word_1_123' title='bbox 1111 851 1326 881; x_wconf 85' lang='lat' dir='ltr'><strong>LVTERIO.</strong></span> 
     </span>
    </p>
   </div>
   <div class='ocr_carea' id='block_1_6' title="bbox 68 930 1733 2883">
    <p class='ocr_par' dir='ltr' id='par_1_6' title="bbox 68 930 1729 1963">
     <span class='ocr_line' id='line_1_13' title="bbox 121 930 1659 982; baseline -0.001 -9"><span class='ocrx_word' id='word_1_124' title='bbox 121 934 161 973; x_wconf 84' lang='lat' dir='ltr'><strong>S.</strong></span> <span class='ocrx_word' id='word_1_125' title='bbox 168 933 214 973; x_wconf 93' lang='lat' dir='ltr'><strong>P.</strong></span> <span class='ocrx_word' id='word_1_126' title='bbox 220 963 229 981; x_wconf 92' lang='lat'><strong>,</strong></span> <span class='ocrx_word' id='word_1_127' title='bbox 239 933 365 971; x_wconf 85' lang='lat' dir='ltr'><strong>frater</strong></span> <span class='ocrx_word' id='word_1_128' title='bbox 379 932 425 971; x_wconf 91' lang='lat' dir='ltr'><strong>in</strong></span> <span class='ocrx_word' id='word_1_129' title='bbox 439 931 606 972; x_wconf 84' lang='lat' dir='ltr'><strong>Christo</strong></span> <span class='ocrx_word' id='word_1_130' title='bbox 621 930 870 970; x_wconf 81' lang='lat' dir='ltr'><strong>charissime.</strong></span> <span class='ocrx_word' id='word_1_131' title='bbox 909 931 1095 981; x_wconf 77' lang='lat' dir='ltr'><strong>Epistola</strong></span> <span class='ocrx_word' id='word_1_132' title='bbox 1110 934 1180 970; x_wconf 89' lang='lat' dir='ltr'><strong>tua</strong></span> <span class='ocrx_word' id='word_1_133' title='bbox 1199 932 1306 970; x_wconf 91' lang='lat' dir='ltr'><strong>mihi</strong></span> <span class='ocrx_word' id='word_1_134' title='bbox 1319 933 1399 970; x_wconf 81' lang='lat' dir='ltr'><strong>fuit</strong></span> <span class='ocrx_word' id='word_1_135' title='bbox 1413 932 1659 982; x_wconf 82' lang='lat' dir='ltr'><strong>gratissima,</strong></span> 
     </span>
     <span class='ocr_line' id='line_1_14' title="bbox 69 996 1659 1049; baseline -0.003 -10"><span class='ocrx_word' id='word_1_136' title='bbox 69 1002 109 1038; x_wconf 88' lang='lat' dir='ltr'><strong>et</strong></span> <span class='ocrx_word' id='word_1_137' title='bbox 127 997 285 1049; x_wconf 89' lang='lat' dir='ltr'><strong>ingenii</strong></span> <span class='ocrx_word' id='word_1_138' title='bbox 308 997 518 1048; x_wconf 87' lang='lat' dir='ltr'><strong>arguciam</strong></span> <span class='ocrx_word' id='word_1_139' title='bbox 546 1009 643 1046; x_wconf 89' lang='lat' dir='ltr'><strong>prae</strong></span> <span class='ocrx_word' id='word_1_140' title='bbox 667 1009 711 1034; x_wconf 89' lang='lat' dir='ltr'><strong>se</strong></span> <span class='ocrx_word' id='word_1_141' title='bbox 730 996 866 1034; x_wconf 89' lang='lat' dir='ltr'><strong>ferens</strong></span> <span class='ocrx_word' id='word_1_142' title='bbox 895 999 935 1035; x_wconf 90' lang='lat' dir='ltr'><strong>et</strong></span> <span class='ocrx_word' id='word_1_143' title='bbox 962 997 1151 1035; x_wconf 89' lang='lat' dir='ltr'><strong>animum</strong></span> <span class='ocrx_word' id='word_1_144' title='bbox 1176 997 1342 1047; x_wconf 84' lang='lat' dir='ltr'><strong>spirans</strong></span> <span class='ocrx_word' id='word_1_145' title='bbox 1362 997 1659 1036; x_wconf 85' lang='lat' dir='ltr'><strong>Christianum.</strong></span> 
     </span>
     <span class='ocr_line' id='line_1_15' title="bbox 69 1061 1664 1112; baseline -0.002 -8"><span class='ocrx_word' id='word_1_146' title='bbox 69 1064 195 1103; x_wconf 89' lang='lat' dir='ltr'><strong>Nullo</strong></span> <span class='ocrx_word' id='word_1_147' title='bbox 228 1076 419 1103; x_wconf 83' lang='lat' dir='ltr'><strong>sermone</strong></span> <span class='ocrx_word' id='word_1_148' title='bbox 451 1061 646 1112; x_wconf 83' lang='lat' dir='ltr'><strong>consequi</strong></span> <span class='ocrx_word' id='word_1_149' title='bbox 678 1075 826 1112; x_wconf 86' lang='lat' dir='ltr'><strong>queam</strong></span> <span class='ocrx_word' id='word_1_150' title='bbox 860 1075 961 1111; x_wconf 88' lang='lat' dir='ltr'><strong>quas</strong></span> <span class='ocrx_word' id='word_1_151' title='bbox 993 1063 1229 1112; x_wconf 86' lang='lat' dir='ltr'><strong>tragoedias</strong></span> <span class='ocrx_word' id='word_1_152' title='bbox 1259 1062 1326 1100; x_wconf 90' lang='lat' dir='ltr'><strong>hic</strong></span> <span class='ocrx_word' id='word_1_153' title='bbox 1356 1063 1576 1101; x_wconf 84' lang='lat' dir='ltr'><strong>excitarint</strong></span> <span class='ocrx_word' id='word_1_154' title='bbox 1601 1063 1664 1101; x_wconf 88' lang='lat' dir='ltr'><strong>tui</strong></span> 
     </span>
     <span class='ocr_line' id='line_1_16' title="bbox 68 1127 1665 1178; baseline -0.001 -10"><span class='ocrx_word' id='word_1_155' title='bbox 68 1128 210 1168; x_wconf 88' lang='lat' dir='ltr'><strong>libelli.</strong></span> <span class='ocrx_word' id='word_1_156' title='bbox 269 1128 331 1168; x_wconf 88' lang='lat' dir='ltr'><strong>Ne</strong></span> <span class='ocrx_word' id='word_1_157' title='bbox 350 1127 485 1167; x_wconf 89' lang='lat' dir='ltr'><strong>adhuc</strong></span> <span class='ocrx_word' id='word_1_158' title='bbox 505 1127 672 1178; x_wconf 90' lang='lat' dir='ltr'><strong>quidem</strong></span> <span class='ocrx_word' id='word_1_159' title='bbox 697 1140 745 1165; x_wconf 85' lang='lat' dir='ltr'><strong>ex</strong></span> <span class='ocrx_word' id='word_1_160' title='bbox 771 1127 925 1166; x_wconf 88' lang='lat' dir='ltr'><strong>animis</strong></span> <span class='ocrx_word' id='word_1_161' title='bbox 951 1127 1118 1167; x_wconf 91' lang='lat' dir='ltr'><strong>illorum</strong></span> <span class='ocrx_word' id='word_1_162' title='bbox 1145 1128 1271 1167; x_wconf 90' lang='lat' dir='ltr'><strong>euelli</strong></span> <span class='ocrx_word' id='word_1_163' title='bbox 1289 1130 1424 1178; x_wconf 88' lang='lat' dir='ltr'><strong>potest</strong></span> <span class='ocrx_word' id='word_1_164' title='bbox 1444 1128 1665 1167; x_wconf 88' lang='lat' dir='ltr'><strong>falsissima</strong></span> 
     </span>
     <span class='ocr_line' id='line_1_17' title="bbox 69 1192 1703 1245; baseline -0.002 -11"><span class='ocrx_word' id='word_1_165' title='bbox 69 1193 257 1245; x_wconf 86' lang='lat' dir='ltr'><strong>suspicio,</strong></span> <span class='ocrx_word' id='word_1_166' title='bbox 282 1207 362 1244; x_wconf 89' lang='lat' dir='ltr'><strong>qua</strong></span> <span class='ocrx_word' id='word_1_167' title='bbox 388 1195 539 1243; x_wconf 90' lang='lat' dir='ltr'><strong>putant</strong></span> <span class='ocrx_word' id='word_1_168' title='bbox 570 1194 663 1231; x_wconf 86' lang='lat' dir='ltr'><strong>tuas</strong></span> <span class='ocrx_word' id='word_1_169' title='bbox 696 1192 1002 1231; x_wconf 85' lang='lat' dir='ltr'><strong>lucubrationes</strong></span> <span class='ocrx_word' id='word_1_170' title='bbox 1034 1193 1140 1231; x_wconf 87' lang='lat' dir='ltr'><strong>meis</strong></span> <span class='ocrx_word' id='word_1_171' title='bbox 1167 1193 1331 1231; x_wconf 84' lang='lat' dir='ltr'><strong>auxiliis</strong></span> <span class='ocrx_word' id='word_1_172' title='bbox 1361 1206 1448 1232; x_wconf 90' lang='lat' dir='ltr'><strong>esse</strong></span> <span class='ocrx_word' id='word_1_173' title='bbox 1478 1194 1662 1243; x_wconf 86' lang='lat' dir='ltr'><strong>scriptas,</strong></span> <span class='ocrx_word' id='word_1_174' title='bbox 1685 1209 1703 1240; x_wconf 87' lang='lat'>5</span> 
     </span>
     <span class='ocr_line' id='line_1_18' title="bbox 69 1257 1665 1310; baseline -0.001 -12"><span class='ocrx_word' id='word_1_175' title='bbox 69 1273 217 1310; x_wconf 89' lang='lat' dir='ltr'><strong>meque</strong></span> <span class='ocrx_word' id='word_1_176' title='bbox 249 1259 375 1298; x_wconf 88' lang='lat' dir='ltr'><strong>huius</strong></span> <span class='ocrx_word' id='word_1_177' title='bbox 402 1257 605 1305; x_wconf 86' lang='lat' dir='ltr'><strong>factionis,</strong></span> <span class='ocrx_word' id='word_1_178' title='bbox 629 1260 675 1296; x_wconf 88' lang='lat' dir='ltr'><strong>vt</strong></span> <span class='ocrx_word' id='word_1_179' title='bbox 703 1260 861 1305; x_wconf 88' lang='lat' dir='ltr'><strong>vocant,</strong></span> <span class='ocrx_word' id='word_1_180' title='bbox 884 1258 1166 1297; x_wconf 82' lang='lat' dir='ltr'><strong>vexilliferum</strong></span> <span class='ocrx_word' id='word_1_181' title='bbox 1197 1272 1296 1297; x_wconf 90' lang='lat' dir='ltr'><strong>esse.</strong></span> <span class='ocrx_word' id='word_1_182' title='bbox 1356 1258 1665 1297; x_wconf 87' lang='lat' dir='ltr'><strong>Existimabant</strong></span> 
     </span>
     <span class='ocr_line' id='line_1_19' title="bbox 70 1323 1667 1374; baseline -0.002 -10"><span class='ocrx_word' id='word_1_183' title='bbox 70 1325 150 1364; x_wconf 82' lang='lat' dir='ltr'><strong>sibi</strong></span> <span class='ocrx_word' id='word_1_184' title='bbox 169 1326 307 1364; x_wconf 89' lang='lat' dir='ltr'><strong>datam</strong></span> <span class='ocrx_word' id='word_1_185' title='bbox 326 1337 469 1363; x_wconf 84' lang='lat' dir='ltr'><strong>ansam</strong></span> <span class='ocrx_word' id='word_1_186' title='bbox 489 1336 568 1374; x_wconf 87' lang='lat' dir='ltr'><strong>qua</strong></span> <span class='ocrx_word' id='word_1_187' title='bbox 591 1325 632 1362; x_wconf 90' lang='lat' dir='ltr'><strong>et</strong></span> <span class='ocrx_word' id='word_1_188' title='bbox 650 1323 779 1362; x_wconf 87' lang='lat' dir='ltr'><strong>bonas</strong></span> <span class='ocrx_word' id='word_1_189' title='bbox 805 1323 945 1362; x_wconf 85' lang='lat' dir='ltr'><strong>literas</strong></span> <span class='ocrx_word' id='word_1_190' title='bbox 970 1323 1411 1374; x_wconf 87' lang='lat' dir='ltr'><strong>opprimerent—quas</strong></span> <span class='ocrx_word' id='word_1_191' title='bbox 1436 1323 1667 1373; x_wconf 80' lang='lat' dir='ltr'><strong>capitaliter</strong></span> 
     </span>
     <span class='ocr_line' id='line_1_20' title="bbox 71 1388 1666 1439; baseline -0.003 -9"><span class='ocrx_word' id='word_1_192' title='bbox 71 1391 258 1438; x_wconf 89' lang='lat' dir='ltr'><strong>oderunt,</strong></span> <span class='ocrx_word' id='word_1_193' title='bbox 288 1389 404 1429; x_wconf 88' lang='lat' dir='ltr'><strong>velut</strong></span> <span class='ocrx_word' id='word_1_194' title='bbox 431 1389 648 1427; x_wconf 84' lang='lat' dir='ltr'><strong>offecturas</strong></span> <span class='ocrx_word' id='word_1_195' title='bbox 676 1388 880 1427; x_wconf 86' lang='lat' dir='ltr'><strong>maiestati</strong></span> <span class='ocrx_word' id='word_1_196' title='bbox 916 1388 1181 1438; x_wconf 85' lang='lat' dir='ltr'><strong>theologicae,</strong></span> <span class='ocrx_word' id='word_1_197' title='bbox 1213 1402 1336 1439; x_wconf 87' lang='lat' dir='ltr'><strong>quam</strong></span> <span class='ocrx_word' id='word_1_198' title='bbox 1367 1388 1501 1427; x_wconf 92' lang='lat' dir='ltr'><strong>multo</strong></span> <span class='ocrx_word' id='word_1_199' title='bbox 1534 1388 1666 1438; x_wconf 88' lang='lat' dir='ltr'><strong>pluris</strong></span> 
     </span>
     <span class='ocr_line' id='line_1_21' title="bbox 72 1453 1667 1505; baseline -0.001 -11"><span class='ocrx_word' id='word_1_200' title='bbox 72 1456 228 1496; x_wconf 87' lang='lat' dir='ltr'><strong>faciunt</strong></span> <span class='ocrx_word' id='word_1_201' title='bbox 243 1468 368 1505; x_wconf 88' lang='lat' dir='ltr'><strong>quam</strong></span> <span class='ocrx_word' id='word_1_202' title='bbox 384 1454 859 1503; x_wconf 76' lang='lat' dir='ltr'><strong>Christum—simulque</strong></span> <span class='ocrx_word' id='word_1_203' title='bbox 874 1467 953 1503; x_wconf 89' lang='lat' dir='ltr'><strong>me,</strong></span> <span class='ocrx_word' id='word_1_204' title='bbox 971 1467 1094 1503; x_wconf 92' lang='lat' dir='ltr'><strong>quem</strong></span> <span class='ocrx_word' id='word_1_205' title='bbox 1109 1455 1364 1493; x_wconf 85' lang='lat' dir='ltr'><strong>arbitrantur</strong></span> <span class='ocrx_word' id='word_1_206' title='bbox 1383 1455 1435 1493; x_wconf 87' lang='lat' dir='ltr'><strong>ad</strong></span> <span class='ocrx_word' id='word_1_207' title='bbox 1455 1453 1667 1492; x_wconf 87' lang='lat' dir='ltr'><strong>excitanda</strong></span> 
     </span>
     <span class='ocr_line' id='line_1_22' title="bbox 72 1519 1729 1566; baseline -0.002 -6"><span class='ocrx_word' id='word_1_208' title='bbox 72 1520 209 1560; x_wconf 86' lang='lat' dir='ltr'><strong>studia</strong></span> <span class='ocrx_word' id='word_1_209' title='bbox 227 1519 422 1559; x_wconf 90' lang='lat' dir='ltr'><strong>nonnihil</strong></span> <span class='ocrx_word' id='word_1_210' title='bbox 448 1519 593 1557; x_wconf 85' lang='lat' dir='ltr'><strong>afferre</strong></span> <span class='ocrx_word' id='word_1_211' title='bbox 612 1520 825 1557; x_wconf 88' lang='lat' dir='ltr'><strong>momenti.</strong></span> <span class='ocrx_word' id='word_1_212' title='bbox 884 1520 988 1558; x_wconf 84' lang='lat' dir='ltr'><strong>Tota</strong></span> <span class='ocrx_word' id='word_1_213' title='bbox 1013 1532 1078 1558; x_wconf 85' lang='lat' dir='ltr'><strong>res</strong></span> <span class='ocrx_word' id='word_1_214' title='bbox 1098 1519 1464 1559; x_wconf 87' lang='lat' dir='ltr'><strong>vociferationibus</strong></span> <span class='ocrx_word' id='word_1_215' title='bbox 1482 1521 1545 1557; x_wconf 88' lang='lat' dir='ltr'><strong>est</strong></span> <span class='ocrx_word' id='word_1_216' title='bbox 1565 1521 1664 1566; x_wconf 84' lang='lat' dir='ltr'><strong>acta,</strong></span> <span class='ocrx_word' id='word_1_217' title='bbox 1690 1535 1729 1557; x_wconf 93' lang='lat'><strong>10</strong></span> 
     </span>
     <span class='ocr_line' id='line_1_23' title="bbox 72 1583 1668 1635; baseline -0.003 -10"><span class='ocrx_word' id='word_1_218' title='bbox 72 1586 316 1633; x_wconf 87' lang='lat' dir='ltr'><strong>temeritate,</strong></span> <span class='ocrx_word' id='word_1_219' title='bbox 345 1584 536 1635; x_wconf 86' lang='lat' dir='ltr'><strong>strophis,</strong></span> <span class='ocrx_word' id='word_1_220' title='bbox 570 1583 948 1625; x_wconf 75' lang='lat' dir='ltr'><strong>obtrectationibus.</strong></span> <span class='ocrx_word' id='word_1_221' title='bbox 974 1585 1287 1634; x_wconf 88' lang='lat' dir='ltr'><strong>sycophantiis;</strong></span> <span class='ocrx_word' id='word_1_222' title='bbox 1326 1587 1374 1623; x_wconf 89' lang='lat' dir='ltr'><strong>vt</strong></span> <span class='ocrx_word' id='word_1_223' title='bbox 1404 1585 1449 1622; x_wconf 91' lang='lat' dir='ltr'><strong>ni</strong></span> <span class='ocrx_word' id='word_1_224' title='bbox 1477 1597 1668 1634; x_wconf 73' lang='lat' dir='ltr'><strong>praesens</strong></span> 
     </span>
     <span class='ocr_line' id='line_1_24' title="bbox 73 1649 1668 1701; baseline -0.001 -12"><span class='ocrx_word' id='word_1_225' title='bbox 73 1652 171 1690; x_wconf 91' lang='lat' dir='ltr'><strong>haec</strong></span> <span class='ocrx_word' id='word_1_226' title='bbox 209 1652 469 1701; x_wconf 83' lang='lat' dir='ltr'><strong>spectassem,</strong></span> <span class='ocrx_word' id='word_1_227' title='bbox 511 1649 643 1688; x_wconf 90' lang='lat' dir='ltr'><strong>immo</strong></span> <span class='ocrx_word' id='word_1_228' title='bbox 681 1650 913 1697; x_wconf 87' lang='lat' dir='ltr'><strong>sensissem,</strong></span> <span class='ocrx_word' id='word_1_229' title='bbox 946 1649 1053 1688; x_wconf 92' lang='lat' dir='ltr'><strong>nulli</strong></span> <span class='ocrx_word' id='word_1_230' title='bbox 1090 1663 1276 1700; x_wconf 88' lang='lat' dir='ltr'><strong>vnquam</strong></span> <span class='ocrx_word' id='word_1_231' title='bbox 1315 1650 1479 1689; x_wconf 91' lang='lat' dir='ltr'><strong>authori</strong></span> <span class='ocrx_word' id='word_1_232' title='bbox 1516 1649 1668 1688; x_wconf 88' lang='lat' dir='ltr'><strong>fuerim</strong></span> 
     </span>
     <span class='ocr_line' id='line_1_25' title="bbox 73 1713 1669 1764; baseline -0.002 -9"><span class='ocrx_word' id='word_1_233' title='bbox 73 1716 305 1755; x_wconf 89' lang='lat' dir='ltr'><strong>crediturus</strong></span> <span class='ocrx_word' id='word_1_234' title='bbox 323 1715 382 1754; x_wconf 91' lang='lat' dir='ltr'><strong>sic</strong></span> <span class='ocrx_word' id='word_1_235' title='bbox 401 1714 584 1753; x_wconf 87' lang='lat' dir='ltr'><strong>insanire</strong></span> <span class='ocrx_word' id='word_1_236' title='bbox 605 1713 833 1764; x_wconf 87' lang='lat' dir='ltr'><strong>theologos.</strong></span> <span class='ocrx_word' id='word_1_237' title='bbox 893 1715 1061 1753; x_wconf 89' lang='lat' dir='ltr'><strong>Pestem</strong></span> <span class='ocrx_word' id='word_1_238' title='bbox 1078 1715 1250 1754; x_wconf 89' lang='lat' dir='ltr'><strong>fatalem</strong></span> <span class='ocrx_word' id='word_1_239' title='bbox 1275 1728 1363 1754; x_wconf 88' lang='lat' dir='ltr'><strong>esse</strong></span> <span class='ocrx_word' id='word_1_240' title='bbox 1390 1715 1554 1753; x_wconf 89' lang='lat' dir='ltr'><strong>diceres.</strong></span> <span class='ocrx_word' id='word_1_241' title='bbox 1614 1715 1669 1752; x_wconf 86' lang='lat' dir='ltr'><strong>Et</strong></span> 
     </span>
     <span class='ocr_line' id='line_1_26' title="bbox 74 1779 1670 1830; baseline -0.002 -10"><span class='ocrx_word' id='word_1_242' title='bbox 74 1784 217 1820; x_wconf 88' lang='lat' dir='ltr'><strong>tamen</strong></span> <span class='ocrx_word' id='word_1_243' title='bbox 246 1780 371 1819; x_wconf 89' lang='lat' dir='ltr'><strong>huius</strong></span> <span class='ocrx_word' id='word_1_244' title='bbox 404 1780 504 1819; x_wconf 89' lang='lat' dir='ltr'><strong>mali</strong></span> <span class='ocrx_word' id='word_1_245' title='bbox 532 1779 648 1818; x_wconf 86' lang='lat' dir='ltr'><strong>virus</strong></span> <span class='ocrx_word' id='word_1_246' title='bbox 676 1792 700 1817; x_wconf 86' lang='lat' dir='ltr'><strong>a</strong></span> <span class='ocrx_word' id='word_1_247' title='bbox 733 1779 873 1829; x_wconf 87' lang='lat' dir='ltr'><strong>paucis</strong></span> <span class='ocrx_word' id='word_1_248' title='bbox 902 1782 1040 1818; x_wconf 89' lang='lat' dir='ltr'><strong>ortum</strong></span> <span class='ocrx_word' id='word_1_249' title='bbox 1070 1781 1115 1818; x_wconf 92' lang='lat' dir='ltr'><strong>in</strong></span> <span class='ocrx_word' id='word_1_250' title='bbox 1143 1780 1282 1830; x_wconf 88' lang='lat' dir='ltr'><strong>plures</strong></span> <span class='ocrx_word' id='word_1_251' title='bbox 1311 1780 1471 1830; x_wconf 89' lang='lat' dir='ltr'><strong>serpsit,</strong></span> <span class='ocrx_word' id='word_1_252' title='bbox 1496 1780 1596 1819; x_wconf 87' lang='lat' dir='ltr'><strong>adeo</strong></span> <span class='ocrx_word' id='word_1_253' title='bbox 1625 1782 1670 1817; x_wconf 90' lang='lat' dir='ltr'><strong>vt</strong></span> 
     </span>
     <span class='ocr_line' id='line_1_27' title="bbox 76 1844 1728 1897; baseline -0.001 -12"><span class='ocrx_word' id='word_1_254' title='bbox 76 1859 226 1897; x_wconf 88' lang='lat' dir='ltr'><strong>magna</strong></span> <span class='ocrx_word' id='word_1_255' title='bbox 253 1859 349 1896; x_wconf 87' lang='lat' dir='ltr'><strong>pars</strong></span> <span class='ocrx_word' id='word_1_256' title='bbox 376 1845 501 1884; x_wconf 89' lang='lat' dir='ltr'><strong>huius</strong></span> <span class='ocrx_word' id='word_1_257' title='bbox 520 1844 767 1883; x_wconf 89' lang='lat' dir='ltr'><strong>Academiae</strong></span> <span class='ocrx_word' id='word_1_258' title='bbox 797 1858 881 1883; x_wconf 91' lang='lat' dir='ltr'><strong>non</strong></span> <span class='ocrx_word' id='word_1_259' title='bbox 909 1844 1184 1896; x_wconf 88' lang='lat' dir='ltr'><strong>infrequentis</strong></span> <span class='ocrx_word' id='word_1_260' title='bbox 1211 1845 1301 1884; x_wconf 88' lang='lat' dir='ltr'><strong>eius</strong></span> <span class='ocrx_word' id='word_1_261' title='bbox 1330 1845 1465 1884; x_wconf 91' lang='lat' dir='ltr'><strong>morbi</strong></span> <span class='ocrx_word' id='word_1_262' title='bbox 1484 1845 1670 1895; x_wconf 87' lang='lat' dir='ltr'><strong>contagio</strong></span> <span class='ocrx_word' id='word_1_263' title='bbox 1692 1862 1728 1892; x_wconf 69' lang='grc' dir='ltr'><strong>ις,</strong></span> 
     </span>
     <span class='ocr_line' id='line_1_28' title="bbox 76 1912 498 1963; baseline -0.002 -13"><span class='ocrx_word' id='word_1_264' title='bbox 76 1912 293 1963; x_wconf 87' lang='lat' dir='ltr'><strong>lymphata</strong></span> <span class='ocrx_word' id='word_1_265' title='bbox 311 1912 498 1950; x_wconf 87' lang='lat' dir='ltr'><strong>ferretur.</strong></span> 
     </span>
    </p>

    <p class='ocr_par' dir='ltr' id='par_1_7' title="bbox 77 1975 1733 2744">
     <span class='ocr_line' id='line_1_29' title="bbox 130 1975 1670 2026; baseline -0.001 -10"><span class='ocrx_word' id='word_1_266' title='bbox 130 1978 325 2016; x_wconf 87' lang='lat' dir='ltr'><strong>Testatus</strong></span> <span class='ocrx_word' id='word_1_267' title='bbox 344 1989 440 2015; x_wconf 91' lang='lat' dir='ltr'><strong>sum</strong></span> <span class='ocrx_word' id='word_1_268' title='bbox 459 1978 500 2014; x_wconf 91' lang='lat' dir='ltr'><strong>te</strong></span> <span class='ocrx_word' id='word_1_269' title='bbox 526 1976 634 2014; x_wconf 91' lang='lat' dir='ltr'><strong>mihi</strong></span> <span class='ocrx_word' id='word_1_270' title='bbox 657 1975 967 2026; x_wconf 82' lang='lat' dir='ltr'><strong>ignotissimum</strong></span> <span class='ocrx_word' id='word_1_271' title='bbox 994 1989 1094 2025; x_wconf 91' lang='lat' dir='ltr'><strong>esse,</strong></span> <span class='ocrx_word' id='word_1_272' title='bbox 1117 1977 1245 2016; x_wconf 88' lang='lat' dir='ltr'><strong>libros</strong></span> <span class='ocrx_word' id='word_1_273' title='bbox 1264 1979 1358 2015; x_wconf 91' lang='lat' dir='ltr'><strong>tuos</strong></span> <span class='ocrx_word' id='word_1_274' title='bbox 1378 1977 1564 2015; x_wconf 91' lang='lat' dir='ltr'><strong>nondum</strong></span> <span class='ocrx_word' id='word_1_275' title='bbox 1584 1989 1670 2015; x_wconf 87' lang='lat' dir='ltr'><strong>esse</strong></span> 
     </span>
     <span class='ocr_line' id='line_1_30' title="bbox 77 2040 1670 2092; baseline -0.001 -11"><span class='ocrx_word' id='word_1_276' title='bbox 77 2043 230 2090; x_wconf 89' lang='lat' dir='ltr'><strong>lectos;</strong></span> <span class='ocrx_word' id='word_1_277' title='bbox 277 2041 449 2091; x_wconf 89' lang='lat' dir='ltr'><strong>proinde</strong></span> <span class='ocrx_word' id='word_1_278' title='bbox 493 2054 567 2079; x_wconf 90' lang='lat' dir='ltr'><strong>nec</strong></span> <span class='ocrx_word' id='word_1_279' title='bbox 612 2040 843 2090; x_wconf 89' lang='lat' dir='ltr'><strong>improbare</strong></span> <span class='ocrx_word' id='word_1_280' title='bbox 887 2041 1106 2092; x_wconf 88' lang='lat' dir='ltr'><strong>quicquam</strong></span> <span class='ocrx_word' id='word_1_281' title='bbox 1138 2056 1212 2081; x_wconf 89' lang='lat' dir='ltr'><strong>nec</strong></span> <span class='ocrx_word' id='word_1_282' title='bbox 1245 2042 1429 2092; x_wconf 91' lang='lat' dir='ltr'><strong>probare.</strong></span> <span class='ocrx_word' id='word_1_283' title='bbox 1490 2042 1670 2080; x_wconf 84' lang='lat' dir='ltr'><strong>Tantum</strong></span> 
     </span>
     <span class='ocr_line' id='line_1_31' title="bbox 78 2105 1670 2157; baseline -0.002 -11"><span class='ocrx_word' id='word_1_284' title='bbox 78 2105 276 2146; x_wconf 83' lang='lat' dir='ltr'><strong>admonui</strong></span> <span class='ocrx_word' id='word_1_285' title='bbox 303 2119 356 2144; x_wconf 88' lang='lat' dir='ltr'><strong>ne</strong></span> <span class='ocrx_word' id='word_1_286' title='bbox 384 2105 504 2144; x_wconf 90' lang='lat' dir='ltr'><strong>libris</strong></span> <span class='ocrx_word' id='word_1_287' title='bbox 532 2105 616 2143; x_wconf 88' lang='lat' dir='ltr'><strong>tuis</strong></span> <span class='ocrx_word' id='word_1_288' title='bbox 639 2106 828 2144; x_wconf 88' lang='lat' dir='ltr'><strong>nondum</strong></span> <span class='ocrx_word' id='word_1_289' title='bbox 859 2105 975 2145; x_wconf 88' lang='lat' dir='ltr'><strong>lectis</strong></span> <span class='ocrx_word' id='word_1_290' title='bbox 1003 2108 1054 2146; x_wconf 88' lang='lat' dir='ltr'><strong>ad</strong></span> <span class='ocrx_word' id='word_1_291' title='bbox 1080 2107 1283 2157; x_wconf 88' lang='lat' dir='ltr'><strong>populum</strong></span> <span class='ocrx_word' id='word_1_292' title='bbox 1304 2109 1390 2146; x_wconf 90' lang='lat' dir='ltr'><strong>tam</strong></span> <span class='ocrx_word' id='word_1_293' title='bbox 1410 2107 1548 2145; x_wconf 86' lang='lat' dir='ltr'><strong>odiose</strong></span> <span class='ocrx_word' id='word_1_294' title='bbox 1567 2106 1670 2144; x_wconf 91' lang='lat' dir='ltr'><strong>voci-</strong></span> 
     </span>
     <span class='ocr_line' id='line_1_32' title="bbox 79 2170 1733 2222; baseline -0.002 -12"><span class='ocrx_word' id='word_1_295' title='bbox 79 2173 333 2211; x_wconf 87' lang='lat' dir='ltr'><strong>ferarentur:</strong></span> <span class='ocrx_word' id='word_1_296' title='bbox 381 2171 422 2209; x_wconf 92' lang='lat' dir='ltr'><strong>id</strong></span> <span class='ocrx_word' id='word_1_297' title='bbox 460 2170 645 2220; x_wconf 90' lang='lat' dir='ltr'><strong>ipsorum</strong></span> <span class='ocrx_word' id='word_1_298' title='bbox 691 2171 840 2209; x_wconf 88' lang='lat' dir='ltr'><strong>referre</strong></span> <span class='ocrx_word' id='word_1_299' title='bbox 884 2184 1059 2221; x_wconf 88' lang='lat' dir='ltr'><strong>quorum</strong></span> <span class='ocrx_word' id='word_1_300' title='bbox 1098 2172 1299 2211; x_wconf 90' lang='lat' dir='ltr'><strong>iudicium</strong></span> <span class='ocrx_word' id='word_1_301' title='bbox 1338 2174 1541 2222; x_wconf 86' lang='lat' dir='ltr'><strong>oporteret</strong></span> <span class='ocrx_word' id='word_1_302' title='bbox 1585 2183 1670 2210; x_wconf 87' lang='lat' dir='ltr'><strong>esse</strong></span> <span class='ocrx_word' id='word_1_303' title='bbox 1692 2186 1733 2207; x_wconf 85' lang='lat'><strong>20</strong></span> 
     </span>
     <span class='ocr_line' id='line_1_33' title="bbox 80 2234 1672 2288; baseline -0.001 -13"><span class='ocrx_word' id='word_1_304' title='bbox 80 2236 384 2288; x_wconf 81' lang='lat' dir='ltr'><strong>grauissimum.</strong></span> <span class='ocrx_word' id='word_1_305' title='bbox 445 2236 557 2284; x_wconf 78' lang='lat' dir='ltr'><strong>Quin</strong></span> <span class='ocrx_word' id='word_1_306' title='bbox 585 2238 626 2274; x_wconf 89' lang='lat' dir='ltr'><strong>et</strong></span> <span class='ocrx_word' id='word_1_307' title='bbox 650 2234 755 2275; x_wconf 89' lang='lat' dir='ltr'><strong>illud</strong></span> <span class='ocrx_word' id='word_1_308' title='bbox 785 2236 1096 2286; x_wconf 88' lang='lat' dir='ltr'><strong>perpenderent,</strong></span> <span class='ocrx_word' id='word_1_309' title='bbox 1117 2250 1172 2276; x_wconf 88' lang='lat' dir='ltr'><strong>an</strong></span> <span class='ocrx_word' id='word_1_310' title='bbox 1200 2238 1412 2287; x_wconf 83' lang='lat' dir='ltr'><strong>expediret</strong></span> <span class='ocrx_word' id='word_1_311' title='bbox 1440 2250 1487 2275; x_wconf 88' lang='lat' dir='ltr'><strong>ea</strong></span> <span class='ocrx_word' id='word_1_312' title='bbox 1514 2236 1672 2275; x_wconf 88' lang='lat' dir='ltr'><strong>traduci</strong></span> 
     </span>
     <span class='ocr_line' id='line_1_34' title="bbox 80 2301 1670 2352; baseline -0.001 -11"><span class='ocrx_word' id='word_1_313' title='bbox 80 2302 188 2352; x_wconf 91' lang='lat' dir='ltr'><strong>apud</strong></span> <span class='ocrx_word' id='word_1_314' title='bbox 212 2301 375 2351; x_wconf 90' lang='lat' dir='ltr'><strong>plebem</strong></span> <span class='ocrx_word' id='word_1_315' title='bbox 394 2301 672 2351; x_wconf 90' lang='lat' dir='ltr'><strong>promiscuam</strong></span> <span class='ocrx_word' id='word_1_316' title='bbox 691 2314 794 2351; x_wconf 87' lang='lat' dir='ltr'><strong>quae</strong></span> <span class='ocrx_word' id='word_1_317' title='bbox 820 2302 973 2340; x_wconf 91' lang='lat' dir='ltr'><strong>rectius</strong></span> <span class='ocrx_word' id='word_1_318' title='bbox 997 2302 1116 2341; x_wconf 88' lang='lat' dir='ltr'><strong>libris</strong></span> <span class='ocrx_word' id='word_1_319' title='bbox 1141 2303 1264 2341; x_wconf 87' lang='lat' dir='ltr'><strong>editis</strong></span> <span class='ocrx_word' id='word_1_320' title='bbox 1289 2302 1576 2341; x_wconf 86' lang='lat' dir='ltr'><strong>refellerentur</strong></span> <span class='ocrx_word' id='word_1_321' title='bbox 1600 2303 1670 2339; x_wconf 86' lang='lat' dir='ltr'><strong>aut</strong></span> 
     </span>
     <span class='ocr_line' id='line_1_35' title="bbox 82 2365 1673 2416; baseline -0.002 -10"><span class='ocrx_word' id='word_1_322' title='bbox 82 2369 191 2406; x_wconf 89' lang='lat' dir='ltr'><strong>inter</strong></span> <span class='ocrx_word' id='word_1_323' title='bbox 217 2366 403 2405; x_wconf 87' lang='lat' dir='ltr'><strong>eruditos</strong></span> <span class='ocrx_word' id='word_1_324' title='bbox 430 2365 750 2415; x_wconf 89' lang='lat' dir='ltr'><strong>disputarentur,</strong></span> <span class='ocrx_word' id='word_1_325' title='bbox 772 2368 1016 2416; x_wconf 86' lang='lat' dir='ltr'><strong>praesertim</strong></span> <span class='ocrx_word' id='word_1_326' title='bbox 1046 2381 1140 2406; x_wconf 91' lang='lat' dir='ltr'><strong>cum</strong></span> <span class='ocrx_word' id='word_1_327' title='bbox 1166 2381 1249 2406; x_wconf 90' lang='lat' dir='ltr'><strong>vno</strong></span> <span class='ocrx_word' id='word_1_328' title='bbox 1279 2382 1346 2406; x_wconf 90' lang='lat' dir='ltr'><strong>ore</strong></span> <span class='ocrx_word' id='word_1_329' title='bbox 1374 2368 1459 2406; x_wconf 84' lang='lat' dir='ltr'><strong>vita</strong></span> <span class='ocrx_word' id='word_1_330' title='bbox 1487 2366 1673 2405; x_wconf 87' lang='lat' dir='ltr'><strong>authoris</strong></span> 
     </span>
     <span class='ocr_line' id='line_1_36' title="bbox 82 2431 1668 2483; baseline -0.001 -13"><span class='ocrx_word' id='word_1_331' title='bbox 82 2431 391 2483; x_wconf 86' lang='lat' dir='ltr'><strong>praedicaretur.</strong></span> <span class='ocrx_word' id='word_1_332' title='bbox 450 2431 567 2469; x_wconf 86' lang='lat' dir='ltr'><strong>Nihil</strong></span> <span class='ocrx_word' id='word_1_333' title='bbox 600 2431 833 2481; x_wconf 84' lang='lat' dir='ltr'><strong>profectum</strong></span> <span class='ocrx_word' id='word_1_334' title='bbox 864 2435 948 2471; x_wconf 88' lang='lat' dir='ltr'><strong>est:</strong></span> <span class='ocrx_word' id='word_1_335' title='bbox 991 2433 1205 2483; x_wconf 88' lang='lat' dir='ltr'><strong>hucusque</strong></span> <span class='ocrx_word' id='word_1_336' title='bbox 1230 2433 1447 2472; x_wconf 88' lang='lat' dir='ltr'><strong>insaniunt</strong></span> <span class='ocrx_word' id='word_1_337' title='bbox 1479 2431 1668 2481; x_wconf 88' lang='lat' dir='ltr'><strong>obliquis,</strong></span> 
     </span>
     <span class='ocr_line' id='line_1_37' title="bbox 83 2496 1731 2547; baseline -0.001 -12"><span class='ocrx_word' id='word_1_338' title='bbox 83 2498 213 2536; x_wconf 90' lang='lat' dir='ltr'><strong>immo</strong></span> <span class='ocrx_word' id='word_1_339' title='bbox 246 2496 424 2543; x_wconf 87' lang='lat' dir='ltr'><strong>famosis,</strong></span> <span class='ocrx_word' id='word_1_340' title='bbox 461 2497 546 2535; x_wconf 88' lang='lat' dir='ltr'><strong>suis</strong></span> <span class='ocrx_word' id='word_1_341' title='bbox 582 2496 945 2547; x_wconf 88' lang='lat' dir='ltr'><strong>disputationibus.</strong></span> <span class='ocrx_word' id='word_1_342' title='bbox 1008 2498 1178 2546; x_wconf 77' lang='lat' dir='ltr'><strong>Quoties</strong></span> <span class='ocrx_word' id='word_1_343' title='bbox 1215 2498 1325 2537; x_wconf 89' lang='lat' dir='ltr'><strong>inter</strong></span> <span class='ocrx_word' id='word_1_344' title='bbox 1364 2510 1440 2536; x_wconf 90' lang='lat' dir='ltr'><strong>nos</strong></span> <span class='ocrx_word' id='word_1_345' title='bbox 1483 2497 1532 2535; x_wconf 89' lang='lat' dir='ltr'><strong>de</strong></span> <span class='ocrx_word' id='word_1_346' title='bbox 1577 2509 1672 2546; x_wconf 87' lang='lat' dir='ltr'><strong>pace</strong></span> <span class='ocrx_word' id='word_1_347' title='bbox 1693 2513 1731 2544; x_wconf 87' lang='lat'><strong>²5</strong></span> 
     </span>
     <span class='ocr_line' id='line_1_38' title="bbox 83 2560 1672 2614; baseline -0.001 -14"><span class='ocrx_word' id='word_1_348' title='bbox 83 2561 304 2600; x_wconf 76' lang='lat' dir='ltr'><strong>conuenit!</strong></span> <span class='ocrx_word' id='word_1_349' title='bbox 333 2561 491 2611; x_wconf 89' lang='lat' dir='ltr'><strong>quoties</strong></span> <span class='ocrx_word' id='word_1_350' title='bbox 509 2560 573 2600; x_wconf 91' lang='lat' dir='ltr'><strong>illi</strong></span> <span class='ocrx_word' id='word_1_351' title='bbox 592 2574 642 2600; x_wconf 86' lang='lat' dir='ltr'><strong>ex</strong></span> <span class='ocrx_word' id='word_1_352' title='bbox 661 2564 815 2600; x_wconf 89' lang='lat' dir='ltr'><strong>temere</strong></span> <span class='ocrx_word' id='word_1_353' title='bbox 837 2565 1031 2613; x_wconf 89' lang='lat' dir='ltr'><strong>concepta</strong></span> <span class='ocrx_word' id='word_1_354' title='bbox 1047 2563 1353 2614; x_wconf 89' lang='lat' dir='ltr'><strong>suspiciuncula</strong></span> <span class='ocrx_word' id='word_1_355' title='bbox 1372 2575 1501 2600; x_wconf 89' lang='lat' dir='ltr'><strong>nouos</strong></span> <span class='ocrx_word' id='word_1_356' title='bbox 1521 2561 1672 2600; x_wconf 92' lang='lat' dir='ltr'><strong>tumul-</strong></span> 
     </span>
     <span class='ocr_line' id='line_1_39' title="bbox 83 2625 1672 2677; baseline 0.001 -13"><span class='ocrx_word' id='word_1_357' title='bbox 83 2629 152 2665; x_wconf 89' lang='lat' dir='ltr'><strong>tus</strong></span> <span class='ocrx_word' id='word_1_358' title='bbox 183 2627 445 2665; x_wconf 75' lang='lat' dir='ltr'><strong>excitarunt!</strong></span> <span class='ocrx_word' id='word_1_359' title='bbox 500 2626 556 2665; x_wconf 85' lang='lat' dir='ltr'><strong>Et</strong></span> <span class='ocrx_word' id='word_1_360' title='bbox 589 2627 617 2665; x_wconf 90' lang='lat' dir='ltr'><strong>ii</strong></span> <span class='ocrx_word' id='word_1_361' title='bbox 648 2627 832 2677; x_wconf 86' lang='lat' dir='ltr'><strong>theologi</strong></span> <span class='ocrx_word' id='word_1_362' title='bbox 865 2628 946 2666; x_wconf 91' lang='lat' dir='ltr'><strong>sibi</strong></span> <span class='ocrx_word' id='word_1_363' title='bbox 975 2628 1181 2667; x_wconf 89' lang='lat' dir='ltr'><strong>videntur.</strong></span> <span class='ocrx_word' id='word_1_364' title='bbox 1240 2627 1438 2677; x_wconf 84' lang='lat' dir='ltr'><strong>Theologi</strong></span> <span class='ocrx_word' id='word_1_365' title='bbox 1468 2628 1567 2665; x_wconf 90' lang='lat' dir='ltr'><strong>sunt</strong></span> <span class='ocrx_word' id='word_1_366' title='bbox 1603 2625 1672 2665; x_wconf 89' lang='lat' dir='ltr'><strong>hic</strong></span> 
     </span>
     <span class='ocr_line' id='line_1_40' title="bbox 84 2690 1674 2744; baseline 0 -15"><span class='ocrx_word' id='word_1_367' title='bbox 84 2690 229 2730; x_wconf 89' lang='lat' dir='ltr'><strong>aulicis</strong></span> <span class='ocrx_word' id='word_1_368' title='bbox 248 2690 399 2731; x_wconf 90' lang='lat' dir='ltr'><strong>inuisi:</strong></span> <span class='ocrx_word' id='word_1_369' title='bbox 431 2691 540 2742; x_wconf 88' lang='lat' dir='ltr'><strong>quod</strong></span> <span class='ocrx_word' id='word_1_370' title='bbox 560 2692 698 2742; x_wconf 90' lang='lat' dir='ltr'><strong>ipsum</strong></span> <span class='ocrx_word' id='word_1_371' title='bbox 717 2693 823 2731; x_wconf 90' lang='lat' dir='ltr'><strong>mihi</strong></span> <span class='ocrx_word' id='word_1_372' title='bbox 843 2707 1004 2744; x_wconf 90' lang='lat' dir='ltr'><strong>quoque</strong></span> <span class='ocrx_word' id='word_1_373' title='bbox 1023 2693 1244 2743; x_wconf 88' lang='lat' dir='ltr'><strong>imputant.</strong></span> <span class='ocrx_word' id='word_1_374' title='bbox 1287 2692 1510 2742; x_wconf 87' lang='lat' dir='ltr'><strong>Episcopos</strong></span> <span class='ocrx_word' id='word_1_375' title='bbox 1530 2703 1674 2730; x_wconf 85' lang='lat' dir='ltr'><strong>omnes</strong></span> 
     </span>
    </p>

    <p class='ocr_par' dir='ltr' id='par_1_8' title="bbox 88 2798 1672 2883">
     <span class='ocr_line' id='line_1_41' title="bbox 128 2798 1672 2837; baseline -0.001 -7"><span class='ocrx_word' id='word_1_376' title='bbox 128 2808 191 2830; x_wconf 77' lang='lat' dir='ltr'><strong>m.</strong></span> <span class='ocrx_word' id='word_1_377' title='bbox 210 2809 242 2830; x_wconf 87' lang='lat' dir='ltr'><strong>D.</strong></span> <span class='ocrx_word' id='word_1_378' title='bbox 262 2811 282 2829; x_wconf 85' lang='grc' dir='ltr'>α</span> <span class='ocrx_word' id='word_1_379' title='bbox 300 2810 307 2829; x_wconf 86' lang='lat'>:</span> <span class='ocrx_word' id='word_1_380' title='bbox 330 2808 364 2829; x_wconf 80' lang='lat' dir='ltr'><strong>R.</strong></span> <span class='ocrx_word' id='word_1_381' title='bbox 381 2807 411 2829; x_wconf 79' lang='grc' dir='ltr'><strong>Ρ.</strong></span> <span class='ocrx_word' id='word_1_382' title='bbox 426 2801 476 2830; x_wconf 84' lang='lat' dir='ltr'><strong>E:</strong></span> <span class='ocrx_word' id='word_1_383' title='bbox 500 2809 557 2830; x_wconf 85' lang='lat' dir='ltr'><strong>om.</strong></span> <span class='ocrx_word' id='word_1_384' title='bbox 578 2803 618 2831; x_wconf 90' lang='lat' dir='ltr'><strong>H.</strong></span> <span class='ocrx_word' id='word_1_385' title='bbox 752 2810 926 2831; x_wconf 74' lang='lat' dir='ltr'><strong>Lvrlmmo</strong></span> <span class='ocrx_word' id='word_1_386' title='bbox 943 2803 965 2834; x_wconf 83' lang='grc' dir='ltr'><strong><em>β</em></strong></span> <span class='ocrx_word' id='word_1_387' title='bbox 982 2813 989 2831; x_wconf 79' lang='lat' dir='ltr'><em>z</em></span> <span class='ocrx_word' id='word_1_388' title='bbox 1016 2810 1174 2832; x_wconf 71' lang='lat' dir='ltr'><strong>Lvrusno</strong></span> <span class='ocrx_word' id='word_1_389' title='bbox 1191 2804 1229 2831; x_wconf 86' lang='lat' dir='ltr'><strong>E.</strong></span> <span class='ocrx_word' id='word_1_390' title='bbox 1408 2809 1438 2837; x_wconf 87' lang='lat'><strong>4.</strong></span> <span class='ocrx_word' id='word_1_391' title='bbox 1464 2798 1609 2829; x_wconf 88' lang='lat' dir='ltr'><strong>illorum</strong></span> <span class='ocrx_word' id='word_1_392' title='bbox 1626 2809 1646 2828; x_wconf 84' lang='lat' dir='ltr'><strong>a</strong></span> <span class='ocrx_word' id='word_1_393' title='bbox 1665 2810 1672 2828; x_wconf 91' lang='lat'><strong>:</strong></span> 
     </span>
     <span class='ocr_line' id='line_1_42' title="bbox 88 2842 1669 2883; baseline -0.001 -10"><span class='ocrx_word' id='word_1_394' title='bbox 88 2845 237 2875; x_wconf 82' lang='lat' dir='ltr'><strong>istorum</strong></span> <span class='ocrx_word' id='word_1_395' title='bbox 254 2844 292 2874; x_wconf 84' lang='lat' dir='ltr'><strong>E.</strong></span> <span class='ocrx_word' id='word_1_396' title='bbox 418 2842 526 2873; x_wconf 86' lang='lat' dir='ltr'><strong>euelli</strong></span> <span class='ocrx_word' id='word_1_397' title='bbox 542 2854 562 2872; x_wconf 88' lang='grc' dir='ltr'>α</span> <span class='ocrx_word' id='word_1_398' title='bbox 576 2854 584 2874; x_wconf 87' lang='lat'>:</span> <span class='ocrx_word' id='word_1_399' title='bbox 607 2843 735 2874; x_wconf 86' lang='lat' dir='ltr'><strong>reuelli</strong></span> <span class='ocrx_word' id='word_1_400' title='bbox 750 2847 790 2875; x_wconf 88' lang='lat' dir='ltr'><strong>E.</strong></span> <span class='ocrx_word' id='word_1_401' title='bbox 959 2846 991 2876; x_wconf 91' lang='lat'><strong>6.</strong></span> <span class='ocrx_word' id='word_1_402' title='bbox 1017 2845 1164 2883; x_wconf 86' lang='lat' dir='ltr'><strong>quidam</strong></span> <span class='ocrx_word' id='word_1_403' title='bbox 1175 2847 1245 2881; x_wconf 77' lang='lat' dir='ltr'><strong>post</strong></span> <span class='ocrx_word' id='word_1_404' title='bbox 1259 2843 1522 2874; x_wconf 73' lang='lat' dir='ltr'><strong>Existimabam</strong></span> <span class='ocrx_word' id='word_1_405' title='bbox 1540 2844 1613 2873; x_wconf 83' lang='lat' dir='ltr'><strong>add.</strong></span> <span class='ocrx_word' id='word_1_406' title='bbox 1631 2844 1669 2872; x_wconf 89' lang='lat' dir='ltr'><strong>E.</strong></span> 
     </span>
    </p>
   </div>
   <div class='ocr_carea' id='block_1_7' title="bbox 88 2885 1671 2927">
    <p class='ocr_par' dir='ltr' id='par_1_9' title="bbox 88 2885 1671 2927">
     <span class='ocr_line' id='line_1_43' title="bbox 88 2885 1671 2927; baseline -0.003 -9"><span class='ocrx_word' id='word_1_407' title='bbox 88 2897 119 2925; x_wconf 91' lang='lat'><strong>7.</strong></span> <span class='ocrx_word' id='word_1_408' title='bbox 143 2888 179 2917; x_wconf 88' lang='lat' dir='ltr'><strong>et</strong></span> <span class='ocrx_word' id='word_1_409' title='bbox 193 2888 223 2916; x_wconf 89' lang='lat' dir='ltr'><em>E</em></span> <span class='ocrx_word' id='word_1_410' title='bbox 239 2897 246 2916; x_wconf 72' lang='grc' dir='ltr'><strong>ε</strong></span> <span class='ocrx_word' id='word_1_411' title='bbox 268 2888 308 2916; x_wconf 87' lang='lat' dir='ltr'><strong>vt</strong></span> <span class='ocrx_word' id='word_1_412' title='bbox 324 2896 355 2916; x_wconf 89' lang='grc' dir='ltr'><strong>α.</strong></span> <span class='ocrx_word' id='word_1_413' title='bbox 485 2886 517 2917; x_wconf 91' lang='grc'><strong>8.</strong></span> <span class='ocrx_word' id='word_1_414' title='bbox 541 2886 655 2917; x_wconf 90' lang='lat' dir='ltr'><strong>multo</strong></span> <span class='ocrx_word' id='word_1_415' title='bbox 671 2898 691 2917; x_wconf 83' lang='grc' dir='ltr'>α</span> <span class='ocrx_word' id='word_1_416' title='bbox 706 2898 713 2917; x_wconf 89' lang='lat'><strong>:</strong></span> <span class='ocrx_word' id='word_1_417' title='bbox 736 2888 843 2918; x_wconf 90' lang='lat' dir='ltr'><strong>multi</strong></span> <span class='ocrx_word' id='word_1_418' title='bbox 859 2890 895 2918; x_wconf 84' lang='lat' dir='ltr'><strong>F.</strong></span> <span class='ocrx_word' id='word_1_419' title='bbox 1034 2897 1082 2927; x_wconf 86' lang='lat'><strong>15.</strong></span> <span class='ocrx_word' id='word_1_420' title='bbox 1110 2889 1185 2918; x_wconf 87' lang='lat' dir='ltr'><strong>eius</strong></span> <span class='ocrx_word' id='word_1_421' title='bbox 1201 2890 1229 2918; x_wconf 88' lang='grc' dir='ltr'><em>Ε</em></span> <span class='ocrx_word' id='word_1_422' title='bbox 1246 2899 1253 2918; x_wconf 94' lang='lat'>:</span> <span class='ocrx_word' id='word_1_423' title='bbox 1277 2887 1385 2917; x_wconf 85' lang='lat' dir='ltr'><strong>huius</strong></span> <span class='ocrx_word' id='word_1_424' title='bbox 1399 2897 1430 2917; x_wconf 87' lang='grc' dir='ltr'><strong>α.</strong></span> <span class='ocrx_word' id='word_1_425' title='bbox 1569 2895 1621 2923; x_wconf 87' lang='lat'><strong>27.</strong></span> <span class='ocrx_word' id='word_1_426' title='bbox 1645 2885 1671 2914; x_wconf 89' lang='lat' dir='ltr'><strong>ii</strong></span> 
     </span>
    </p>
   </div>
   <div class='ocr_carea' id='block_1_8' title="bbox 86 2928 1672 3011">
    <p class='ocr_par' dir='ltr' id='par_1_10' title="bbox 86 2928 1672 3011">
     <span class='ocr_line' id='line_1_44' title="bbox 86 2928 1672 2968; baseline -0.001 -8"><span class='ocrx_word' id='word_1_427' title='bbox 86 2942 106 2960; x_wconf 85' lang='grc' dir='ltr'>α</span> <span class='ocrx_word' id='word_1_428' title='bbox 121 2941 129 2960; x_wconf 87' lang='lat'>:</span> <span class='ocrx_word' id='word_1_429' title='bbox 151 2929 207 2960; x_wconf 91' lang='lat' dir='ltr'><strong>hii</strong></span> <span class='ocrx_word' id='word_1_430' title='bbox 223 2931 267 2961; x_wconf 86' lang='lat' dir='ltr'><strong>E:</strong></span> <span class='ocrx_word' id='word_1_431' title='bbox 295 2929 334 2959; x_wconf 94' lang='lat' dir='ltr'><strong>hi</strong></span> <span class='ocrx_word' id='word_1_432' title='bbox 349 2931 388 2959; x_wconf 86' lang='lat' dir='ltr'><strong>N.</strong></span> <span class='ocrx_word' id='word_1_433' title='bbox 481 2939 562 2960; x_wconf 89' lang='lat' dir='ltr'><strong>cum</strong></span> <span class='ocrx_word' id='word_1_434' title='bbox 578 2929 786 2962; x_wconf 85' lang='lat' dir='ltr'><strong>huiusmodi</strong></span> <span class='ocrx_word' id='word_1_435' title='bbox 802 2931 906 2961; x_wconf 86' lang='lat' dir='ltr'><strong>factis</strong></span> <span class='ocrx_word' id='word_1_436' title='bbox 919 2934 986 2968; x_wconf 77' lang='lat' dir='ltr'><strong>post</strong></span> <span class='ocrx_word' id='word_1_437' title='bbox 1003 2932 1028 2961; x_wconf 94' lang='lat' dir='ltr'><strong>ii</strong></span> <span class='ocrx_word' id='word_1_438' title='bbox 1045 2934 1119 2962; x_wconf 80' lang='lat' dir='ltr'><strong>add.</strong></span> <span class='ocrx_word' id='word_1_439' title='bbox 1134 2933 1173 2962; x_wconf 87' lang='grc' dir='ltr'><strong>Ε.</strong></span> <span class='ocrx_word' id='word_1_440' title='bbox 1262 2930 1428 2968; x_wconf 84' lang='lat' dir='ltr'><strong>Theologi</strong></span> <span class='ocrx_word' id='word_1_441' title='bbox 1444 2931 1529 2960; x_wconf 85' lang='lat' dir='ltr'><strong>sunt</strong></span> <span class='ocrx_word' id='word_1_442' title='bbox 1544 2940 1564 2959; x_wconf 89' lang='grc' dir='ltr'><strong>α</strong></span> <span class='ocrx_word' id='word_1_443' title='bbox 1579 2940 1587 2959; x_wconf 88' lang='lat'>:</span> <span class='ocrx_word' id='word_1_444' title='bbox 1611 2928 1672 2959; x_wconf 86' lang='lat' dir='ltr'><strong>Est</strong></span> 
     </span>
     <span class='ocr_line' id='line_1_45' title="bbox 88 2973 1248 3011; baseline 0.001 -8"><span class='ocrx_word' id='word_1_445' title='bbox 88 2974 154 3004; x_wconf 89' lang='lat' dir='ltr'><strong>hoc</strong></span> <span class='ocrx_word' id='word_1_446' title='bbox 170 2973 360 3003; x_wconf 88' lang='lat' dir='ltr'><strong>hominum</strong></span> <span class='ocrx_word' id='word_1_447' title='bbox 375 2981 486 3011; x_wconf 86' lang='lat' dir='ltr'><strong>genus</strong></span> <span class='ocrx_word' id='word_1_448' title='bbox 502 2975 540 3003; x_wconf 87' lang='grc' dir='ltr'><strong>Ε.</strong></span> <span class='ocrx_word' id='word_1_449' title='bbox 674 2974 726 3005; x_wconf 88' lang='lat'><strong>28.</strong></span> <span class='ocrx_word' id='word_1_450' title='bbox 752 2975 861 3005; x_wconf 87' lang='lat' dir='ltr'><strong>inuisi</strong></span> <span class='ocrx_word' id='word_1_451' title='bbox 878 2986 896 3004; x_wconf 92' lang='grc' dir='ltr'>α</span> <span class='ocrx_word' id='word_1_452' title='bbox 914 2986 922 3004; x_wconf 77' lang='lat'>2</span> <span class='ocrx_word' id='word_1_453' title='bbox 945 2974 1019 3005; x_wconf 81' lang='lat' dir='ltr'><strong>fere</strong></span> <span class='ocrx_word' id='word_1_454' title='bbox 1035 2974 1194 3005; x_wconf 86' lang='lat' dir='ltr'><strong>inuisum</strong></span> <span class='ocrx_word' id='word_1_455' title='bbox 1211 2977 1248 3004; x_wconf 84' lang='lat' dir='ltr'><strong>E.</strong></span> 
     </span>
    </p>
   </div>
   <div class='ocr_carea' id='block_1_9' title="bbox 134 3059 1529 3101">
    <p class='ocr_par' dir='ltr' id='par_1_11' title="bbox 134 3059 1529 3101">
     <span class='ocr_line' id='line_1_46' title="bbox 134 3059 1529 3101; baseline -0.001 -9"><span class='ocrx_word' id='word_1_456' title='bbox 134 3072 183 3101; x_wconf 89' lang='lat'><strong>17.</strong></span> <span class='ocrx_word' id='word_1_457' title='bbox 206 3062 370 3094; x_wconf 83' lang='lat' dir='ltr'><strong>Testatus</strong></span> <span class='ocrx_word' id='word_1_458' title='bbox 386 3060 480 3101; x_wconf 90' lang='lat' dir='ltr'><strong>sum]</strong></span> <span class='ocrx_word' id='word_1_459' title='bbox 499 3061 562 3100; x_wconf 87' lang='lat' dir='ltr'><strong>Ep.</strong></span> <span class='ocrx_word' id='word_1_460' title='bbox 579 3070 655 3100; x_wconf 90' lang='lat'><strong>939.</strong></span> <span class='ocrx_word' id='word_1_461' title='bbox 671 3061 725 3092; x_wconf 91' lang='lat'><strong>66.</strong></span> <span class='ocrx_word' id='word_1_462' title='bbox 975 3071 1028 3100; x_wconf 82' lang='lat'><strong>23.</strong></span> <span class='ocrx_word' id='word_1_463' title='bbox 1053 3060 1144 3101; x_wconf 89' lang='lat' dir='ltr'><strong>vita]</strong></span> <span class='ocrx_word' id='word_1_464' title='bbox 1163 3059 1215 3091; x_wconf 86' lang='lat' dir='ltr'><strong>Cf.</strong></span> <span class='ocrx_word' id='word_1_465' title='bbox 1234 3060 1297 3100; x_wconf 91' lang='lat' dir='ltr'><strong>Ep.</strong></span> <span class='ocrx_word' id='word_1_466' title='bbox 1315 3069 1392 3099; x_wconf 88' lang='lat'><strong>939.</strong></span> <span class='ocrx_word' id='word_1_467' title='bbox 1410 3060 1529 3099; x_wconf 88' lang='lat'><strong>69-71.</strong></span> 
     </span>
    </p>
   </div>
  </div>
 </body>
</html>
