2034 3433
350 166 432 205 608
820 162 1073 202 LETTERS
1113 162 1183 202 OF
1220 160 1486 201 ERASMUS
1827 157 1954 211 [1519

348 273 489 309 tecum
518 268 691 315 auferes,
713 267 749 305 si
779 265 905 304 huius
934 265 1167 315 corpusculi
1194 265 1424 315 imaginem
1453 264 1607 314 pictam
1627 264 1700 302 aut
1719 275 1954 313 expressam

347 336 398 374 ad
427 338 522 374 tuos
551 331 780 371 retuleris?
836 329 1052 381 Optimam
1081 330 1245 368 Erasmi
1272 331 1432 380 partem
1461 329 1507 367 in
1536 328 1655 367 libris
1674 328 1813 367 videre
1841 327 1951 376 licet,

348 401 510 451 quoties
543 398 654 443 libet,
680 397 716 436 si
744 396 845 447 quid
875 398 1016 434 tamen
1045 395 1219 434 omnino
1247 395 1382 434 nostri
1410 396 1474 433 est
1501 394 1610 445 quod
1644 394 1699 433 sit
1718 393 1951 433 visendum.

349 468 464 506 Bene
482 464 586 513 vale,
610 464 768 512 Gaspar
787 461 1043 500 charissime.

291 548 328 579 25
404 529 590 570 Louanii.
615 528 754 567 Tertio
777 526 913 567 Galen.
938 525 1095 565 Iunias.
1123 526 1247 564 Anno
1267 538 1446 565 Μ.1).Χ1Χ.

800 770 898 811 982.
959 768 1024 808 To
1055 767 1238 808 HELIUS
1270 766 1499 808 EOBANUS.

397 894 560 940 Farrago
578 905 615 938 p.
638 895 713 938 158.
1678 887 1858 923 Louvain.

395 952 435 988 F.
454 965 490 999 p.
510 963 599 997 302:
626 950 718 986 HN:
745 951 861 987 Lond.
881 950 927 985 vi.
947 959 1012 995 25:
1041 948 1113 984 LB.
1131 959 1214 993 429.
1633 957 1679 991 30
1694 946 1783 992 May
1804 954 1907 992 1519.

523 1083 730 1114 ERASMVS
762 1082 859 1113 ROT.
895 1081 1076 1112 EOBANO
1105 1081 1260 1118 HESSO,
1288 1081 1463 1111 POETAE
1494 1080 1708 1120 CLARISS„
1737 1080 1773 1112 S.

403 1181 525 1220 ADEo
532 1179 690 1231 placuit
703 1181 825 1218 tuum
836 1177 1095 1227 Ὁδοιπορικὸν
1107 1179 1292 1225 vt,emen
1298 1178 1405 1217 datis
1416 1191 1520 1228 quae
1533 1178 1828 1218 commiserant
1838 1180 1954 1228 typo-

347 1246 508 1297 graphi,
531 1244 709 1285 curarim
728 1244 797 1282 hic
817 1256 962 1282 rursus
980 1243 1175 1282 formulis
1193 1244 1492 1283 excudendum.
1553 1244 1680 1283 Ionae
1700 1243 1956 1294 Schalbique

349 1313 592 1362 conspectus
613 1309 722 1348 mihi
741 1309 822 1348 fuit
849 1308 985 1348 multo
1007 1308 1281 1359 gratissimus.
1344 1309 1424 1348 Sed
1450 1309 1623 1348 interim
1651 1310 1752 1348 dum
1774 1309 1851 1348 hos
1871 1308 1952 1347 huc

348 1377 499 1426 mittis,
520 1389 668 1427 parum
688 1374 874 1414 consulis
894 1387 1011 1413 meae
1034 1374 1166 1413 famae
1183 1388 1192 1421 ;
1221 1375 1339 1413 cuius
1360 1388 1576 1425 nunquam
1597 1388 1685 1414 non
1704 1375 1809 1414 facio
1827 1375 1956 1413 iactu-

312 1451 328 1482 5
350 1456 438 1482 ram
458 1455 508 1481 ex
522 1440 766 1480 huiusmodi
781 1439 1079 1490 congressibus.
1138 1441 1197 1479 At
1212 1439 1423 1478 minitaris
1442 1442 1484 1479 te
1502 1440 1643 1491 plures
1656 1441 1783 1480 etiam
1800 1440 1952 1479 horum

348 1507 509 1546 similes
537 1506 618 1545 huc
645 1505 885 1544 missurum.
946 1504 1152 1553 Quoniam
1177 1504 1224 1543 hi
1251 1505 1515 1555 contigerunt
1539 1519 1614 1556 per
1639 1518 1742 1556 quos
1770 1504 1954 1544 maxime

348 1572 468 1612 licuit
487 1572 678 1620 scribere,
696 1570 788 1609 ideo
808 1570 941 1609 scribo
955 1570 1130 1620 parcius.
1191 1571 1274 1609 Per
1287 1571 1392 1610 alios
1411 1585 1494 1610 non
1510 1571 1612 1610 satis
1633 1573 1725 1610 tuto
1740 1570 1949 1618 scribitur,

348 1651 421 1688 per
453 1638 532 1676 hos
558 1637 724 1685 frustra,
748 1636 821 1685 qui
850 1635 1002 1674 melius
1030 1635 1170 1674 omnia
1198 1648 1336 1674 coram
1366 1636 1544 1675 referent
1567 1650 1694 1686 quam
1719 1649 1792 1686 ego
1819 1635 1953 1674 literis

349 1702 517 1754 possim.

295 1778 332 1800 10
403 1768 572 1807 Nollem
593 1767 789 1817 epistolas
809 1779 923 1805 meas
943 1767 1109 1814 aeditas‚
1131 1779 1233 1817 quas
1251 1767 1481 1806 adiunxisti
1507 1769 1579 1806 tuo
1599 1766 1776 1806 carmini
1793 1780 1804 1813 ς
1832 1766 1952 1805 breui

349 1833 562 1872 aediturus
591 1845 713 1881 eram.
746 1832 818 1871 sed
847 1831 1127 1881 locupletatas.
1186 1831 1363 1871 Carmen
1395 1833 1447 1871 ad
1473 1831 1683 1871 Comitem
1713 1832 1763 1870 de
1792 1830 1951 1870 Nassau

350 1898 545 1949 percupio
577 1898 730 1936 videre.
801 1897 931 1935 Fauet
968 1896 1039 1935 ille
1072 1897 1193 1936 bonis
1224 1896 1371 1943 literis,
1408 1899 1451 1935 et
1487 1897 1637 1936 harum
1675 1896 1808 1947 gratia
1845 1895 1952 1935 mihi

351 1977 524 2015 quoque.
585 1963 665 2002 Sed
682 1962 816 2001 nostri
836 1961 1044 2012 principes
1063 1961 1229 2001 laudare
1249 1965 1416 2011 norunt,
1436 1976 1653 2001 numerare
1675 1976 1760 2001 non
1780 1962 1948 2000 norunt.

352 2030 469 2079 Quod
498 2031 641 2068 tamen
669 2041 760 2066 mea
789 2041 909 2067 causa
938 2041 1022 2066 non
1052 2027 1153 2076 dico,
1183 2028 1255 2078 qui
1284 2028 1394 2067 nihil
1422 2028 1570 2078 ambio,
1602 2030 1711 2068 sorte
1740 2041 1833 2067 mea
1861 2041 1955 2067 con-

295 2105 330 2136 15
352 2097 504 2135 tentus.
565 2095 679 2133 Bene
699 2095 804 2141 vale,
826 2094 1056 2133 amicorum
1077 2094 1380 2143 syncerissime.

406 2161 498 2199 Iam
511 2173 623 2199 nunc
636 2159 892 2210 circunspice
906 2172 951 2198 ac
962 2159 1097 2209 delige
1109 2159 1187 2197 tibi
1199 2162 1494 2209 argumentum
1506 2159 1673 2210 aliquod
1686 2159 1952 2207 foecundum,

352 2227 396 2266 111
426 2239 507 2277 quo
536 2225 715 2264 declares
742 2225 978 2275 posteritati
1007 2227 1189 2275 quantus
1218 2225 1288 2264 sis.
1349 2225 1401 2264 In
1430 2226 1506 2264 hoc
1536 2225 1720 2264 conferes
1748 2224 1952 2275 paulatim

353 2292 548 2343 quicquid
569 2291 781 2341 egregium
801 2290 1010 2329 cotidiana
1028 2290 1151 2328 lectio
1170 2290 1249 2329 tibi
1268 2291 1558 2341 suppeditabit.
1616 2291 1696 2329 Sed
1716 2290 1814 2330 haec
1828 2289 1955 2341 plane

353 2370 578 2397 memorem
599 2357 815 2395 admoneo.
873 2356 1057 2394 Rursum
1076 2355 1177 2395 vale.

295 2432 334 2454 20
406 2421 594 2462 Louanii.
656 2422 796 2460 Tertio
816 2421 899 2461 Cal.
924 2421 1081 2460 Iunias.
1139 2422 1262 2459 Amo
1283 2433 1461 2460 M.D.XIX.

910 2553 985 2584 982.
1013 2563 1041 2584 1.
1066 2555 1114 2583 F:
1137 2551 1341 2592 ὁδοιπορυκὸν
1357 2554 1394 2582 Ε.

397 2679 473 2709 982.
495 2689 521 2708 1.
546 2676 782 2717 Ὁδοιπορικὸν]
799 2677 868 2707 For
884 2677 959 2708 this
974 2675 1046 2707 and
1059 2676 1120 2706 the
1190 2684 1295 2706 name
1334 2675 1365 2705 is
1414 2675 1558 2709 correct,
1596 2673 1659 2704 the
1705 2672 1884 2704 reference
1920 2671 1954 2702 is

355 2723 518 2753 Louvain
533 2721 673 2752 edition
690 2730 748 2751 see
764 2730 820 2760 pp.
842 2721 953 2760 405‚6.
1189 2718 1360 2758 probably
1391 2719 1428 2748 to
1459 2727 1524 2748 one
1556 2716 1594 2747 of
1621 2717 1683 2747 the
1714 2717 1799 2756 boys
1830 2716 1951 2746 whom

401 2775 450 2797 10.
477 2764 663 2805 epistolas]
708 2764 796 2804 Epp.
840 2765 961 2803 870-1‚
1001 2764 1117 2802 873-4,
1189 2762 1357 2793 Erasmus
1382 2760 1454 2791 had
1480 2760 1614 2791 known
1630 2760 1670 2791 in
1692 2759 1793 2792 Paris
1808 2759 1848 2790 in
1867 2767 1948 2798 1501

353 2810 429 2847 876.
1191 2806 1269 2845 (Ep.
1293 2815 1366 2843 147.
1384 2805 1425 2843 58
1437 2805 1511 2843 n.):
1535 2803 1691 2844 perhaps
1703 2803 1765 2834 the
1781 2811 1951 2842 younger,

402 2862 451 2883 11.
479 2851 649 2891 Carmen]
678 2851 764 2882 This
786 2860 899 2882 seems
927 2851 991 2880 not
1016 2851 1052 2881 to
1080 2850 1120 2880 be
1188 2848 1352 2879 William
1371 2850 1429 2887 (10
1443 2847 1549 2888 April
1564 2848 1723 2886 1487—6
1739 2846 1814 2877 Oct.
1835 2844 1949 2885 1559),

355 2896 497 2926 known.
547 2895 684 2926 Krause
723 2895 883 2935 suggests
929 2893 1010 2924 that
1058 2893 1120 2924 the
1188 2892 1271 2922 who
1287 2892 1358 2922 had
1374 2891 1519 2931 already
1534 2891 1651 2931 begun
1666 2892 1703 2921 to
1720 2889 1877 2921 indicate
1893 2889 1952 2919 his

354 2949 455 2977 poem
484 2941 521 2969 to
552 2939 605 2969 Ct.
635 2938 824 2969 Hermann
851 2937 890 2968 of
913 2937 1117 2976 Neuenahr‚
1187 2935 1412 2975 sympathies
1443 2935 1489 2974 by
1517 2934 1688 2975 opposing
1718 2933 1781 2964 the
1811 2933 1886 2964 sale
1916 2932 1954 2963 of

355 2982 542 3021 composed
586 2992 615 3012 c.
660 2982 743 3020 1518
791 2984 952 3020 (Eobanus
989 2981 1012 3016 i,
1058 2990 1117 3020 pp.
1189 2978 1423 3018 indulgences
1447 2979 1488 3009 in
1515 2978 1573 3009 his
1596 2977 1805 3009 dominions
1828 2975 1948 3018 (ADB.

355 3025 418 3063 298
430 3036 475 3063 n.‚
494 3027 586 3066 256),
604 3035 687 3065 may
704 3026 746 3056 be
767 3024 953 3056 intended.
998 3023 1037 3055 If
1056 3024 1118 3054 the
1186 3023 1278 3053 xliii.
1298 3023 1386 3062 129).
