2034 3433
94 153 192 207 906]
548 156 619 196 ΤΟ
658 154 922 194 WILLIAM
961 156 1232 196 BUDAEUS
1606 156 1685 194 459

94 259 268 297 certasse
297 271 393 297 cum
421 258 563 308 Fabro,
593 258 703 308 quod
732 257 832 297 boni
860 258 940 297 viri
969 259 1023 298 sit
1061 258 1366 297 ‘innocentiam
1394 271 1513 298 suain
1541 261 1686 308 suapte
1706 273 1768 304 420

93 322 147 372 vi,
171 336 255 362 non
274 324 431 362 alienae
453 323 628 363 iniuriae
653 323 962 373 propulsatione
987 324 1360 363 commendabilem
1385 324 1515 363 videri
1534 325 1543 340 '
1563 324 1682 362 velle.

94 388 198 427 Mihi
217 389 349 428 bonus
368 389 434 428 vir
452 402 538 428 non
555 391 618 428 est
638 388 709 438 qui
727 388 882 427 famam
902 389 1084 439 negligit,
1101 389 1343 439 praesertim
1362 389 1421 428 sic
1441 388 1683 439 impetitam,

94 452 217 503 idque
232 453 378 492 aeditis
397 453 527 494 libris.
576 455 638 493 Ac
657 467 709 492 ne
727 453 890 503 singula
906 466 1133 503 persequar,
1154 467 1249 492 cuni
1269 454 1403 493 multa
1417 453 1506 493 ioco
1521 453 1683 501 dixeris,

94 518 230 557 multa
250 519 368 567 serio,
390 518 526 563 multa
545 517 797 569 simpliciter,
820 518 957 557 multa
981 518 1208 567 disputans,
1230 519 1364 558 multa
1390 518 1682 569 pronuncians,

95 583 176 622 huc
197 583 386 622 omnium
405 597 570 622 summa
588 583 708 631 redit,
732 585 778 621 vt
801 583 909 621 mihi
934 583 1134 621 hactenus
1159 597 1230 634 per
1256 597 1328 622 vos
1346 584 1519 634 impune
1539 584 1595 623 sit
1614 596 1688 634 pro
1706 595 1766 627 425

96 649 248 687 tuenda
277 662 398 688 causa
425 662 518 688 mea
544 649 769 687 decertasse
784 662 795 697 ;
832 648 902 687 sed
930 648 1159 698 periculum
1188 649 1425 698 denuncias,
1450 649 1486 688 si
1515 649 1688 688 verbum

94 713 299 752 addidero.
368 714 429 752 De
462 727 580 753 causa
613 727 717 765 quae
750 713 859 752 inter
896 726 971 752 nos
1008 713 1156 763 agitur,
1193 727 1277 752 non
1315 714 1575 763 pronuncias,
1616 713 1687 752 sed

95 778 372 829 ampliandam
392 792 544 818 censes.
603 779 744 817 Vnum
764 779 842 817 hoc
862 777 1079 828 desyderas
1097 777 1142 816 in
1163 791 1241 826 me,
1260 778 1540 818 defensionem
1556 778 1688 817 breui·

96 856 209 882 orem
235 857 281 882 ac
308 843 623 882 moderatiorem
649 843 873 894 aliquanto.
934 843 1128 882 Primum
1152 844 1358 894 quoniam,
1390 848 1435 882 vt
1461 847 1556 882 ante
1586 843 1684 891 dixi,

96 922 180 947 non
208 910 395 959 poteram
424 909 618 948 dictionis
646 908 890 958 temperiem
921 921 970 947 ex
1000 908 1189 946 omnium
1219 909 1369 948 animis
1398 909 1614 957 moderari,
1639 923 1688 947 ex
1707 921 1770 953 430

97 986 189 1012 meo
204 974 440 1013 moderatus
455 987 561 1023 sum,
579 974 822 1025 praesertim
841 986 936 1011 cum
955 972 1148 1021 dolerem,
1171 987 1255 1012 non
1273 973 1523 1024 indignarer.
1570 973 1687 1022 Quod

96 1039 131 1077 si
153 1039 205 1077 ad
231 1039 435 1078 calculum
458 1052 575 1078 voces
598 1040 751 1090 quanto
779 1038 919 1088 plures
947 1038 1186 1088 clepsydrae
1211 1038 1369 1077 soleant
1394 1039 1494 1077 olim
1520 1038 1689 1077 infundi

97 1117 165 1142 reo
186 1117 310 1154 quam
329 1104 467 1152 actori,
490 1104 698 1154 simulque
718 1117 852 1142 meam
871 1103 1119 1153 Apologiam
1145 1103 1194 1142 ad
1223 1103 1344 1142 Fabri
1370 1103 1687 1142 insectationem

96 1168 293 1217 conferas,
311 1168 520 1219 intelliges
534 1182 587 1207 ne
601 1169 669 1207 hic
684 1169 854 1220 quidem
869 1169 1094 1208 admodum
1109 1182 1176 1207 me
1190 1171 1460 1218 πλεονεκτῆσαι
1477 1183 1486 1216 ;
1510 1169 1689 1207 maxime

96 1234 133 1272 si
165 1234 316 1284 cogites
350 1235 390 1272 et
420 1234 606 1273 criminis
628 1247 759 1284 genus
788 1236 830 1273 et
859 1237 1014 1284 quanto
1042 1234 1203 1273 facilius
1231 1234 1285 1273 sit
1313 1246 1528 1284 aspergere
1556 1233 1689 1272 labem
1708 1248 1768 1279 435

98 1312 223 1350 quam
251 1298 497 1350 abstergere.
555 1299 735 1339 Proinde
764 1300 810 1338 in
841 1300 977 1339 causis
1008 1300 1255 1350 quibusdam
1288 1302 1447 1350 praeter
1475 1299 1689 1338 solennem

97 1377 322 1404 numerum
359 1363 595 1415 clepsydrae
632 1364 790 1415 aliquot
826 1365 922 1403 addi
958 1364 1094 1403 solent
1131 1364 1328 1414 patronis.
1386 1365 1517 1403 Porro
1554 1377 1689 1403 arcem

98 1430 224 1470 istam
255 1429 425 1480 εὐθυμίας
457 1430 537 1469 tibi
569 1430 763 1481 gratulor,
799 1431 908 1469 vnde
942 1430 1086 1480 prolici
1115 1430 1160 1468 in
1195 1443 1389 1480 campum
1422 1443 1506 1469 non
1543 1430 1687 1479 possis.

99 1496 180 1535 Sed
212 1497 354 1534 tamen
386 1495 558 1534 interim
592 1509 642 1535 ex
674 1509 761 1535 arce
797 1495 949 1534 talibus
983 1495 1128 1534 iaculis
1160 1495 1302 1544 procul
1336 1495 1605 1545 ἀκροβολίζεις,
1640 1508 1690 1533 ex

98 1560 249 1612 quibus
271 1573 356 1599 non
383 1560 548 1599 difficile
575 1561 629 1600 sit
657 1561 937 1600 coniecturam
963 1560 1092 1599 facere
1119 1560 1253 1610 qualis
1279 1560 1444 1598 futurus
1470 1560 1537 1608 sis,
1563 1559 1599 1598 si
1624 1559 1691 1598 vel
1709 1572 1771 1603 440

99 1625 258 1664 decima
288 1627 405 1676 parte
432 1626 732 1676 machinarum,
769 1626 920 1677 quibus
953 1639 1028 1676 ego
1060 1639 1169 1665 sums
1189 1624 1416 1675 impetitus,
1448 1624 1687 1675 quatereris.

100 1690 245 1742 Neque
277 1690 392 1730 enim
423 1692 552 1731 sentis
585 1705 730 1731 omnes
759 1705 874 1731 meos
906 1692 1064 1740 arietes,
1099 1691 1250 1741 quibus
1279 1691 1378 1729 hinc
1416 1692 1540 1740 atque
1576 1689 1693 1728 illinc

100 1758 290 1806 impetor.
346 1757 425 1796 Sed
450 1759 498 1796 tu
523 1757 682 1797 felicior
707 1758 779 1808 qui
800 1758 900 1796 haec
926 1771 1012 1796 non
1037 1756 1260 1806 intelligas.
1320 1756 1375 1794 Et
1400 1755 1564 1794 vtinam
1590 1768 1692 1794 nun-

100 1836 226 1873 quam
244 1822 324 1861 tibi
341 1822 480 1862 veniat
499 1836 609 1873 vsus,
626 1825 673 1863 vt
692 1836 787 1862 cum
806 1823 1046 1862 huiusmodi
1058 1836 1143 1861 non
1163 1821 1384 1861 hominum
1399 1822 1469 1860 sed
1486 1823 1692 1871 portento-

101 1901 196 1926 rum
223 1900 371 1938 genere
400 1888 657 1937 conflicteris,
686 1888 759 1939 qui
786 1901 829 1928 se
855 1887 1073 1937 theologos
1100 1887 1322 1938 appellant,
1353 1899 1448 1925 cum
1478 1886 1582 1924 meri
1609 1886 1694 1924 sint
1712 1897 1774 1929 445
1814 1906 1822 1910 ι

102 1952 405 2003 sycophantae!
462 1953 556 1992 Non
594 1954 774 1993 insector
808 1953 1009 2001 ordinem,
1042 1953 1113 1992 sed
1146 1952 1346 2002 quosdam
1383 1952 1459 1990 hoc
1499 1951 1694 2000 indignos

103 2017 246 2057 ordine
265 2017 393 2057 simul
411 2020 452 2057 et
469 2018 651 2058 nomine.

156 2083 235 2123 Vel
255 2096 388 2133 nuper
406 2083 576 2134 quidam
594 2085 734 2123 extitit
752 2081 976 2122 homuncio
990 2082 1171 2132 pallidus
1189 2095 1235 2121 ac
1250 2081 1506 2131 macilentus,
1522 2081 1564 2119 id
1586 2080 1696 2130 quod

103 2150 279 2199 mireris,
296 2163 393 2189 cum
411 2150 555 2189 nullus
572 2163 757 2201 vnquam
775 2162 902 2199 aeque
921 2148 1002 2187 sibi
1020 2147 1230 2198 placuerit,
1248 2147 1470 2198 plusquam
1483 2146 1697 2197 pueriliter

104 2215 317 2255 insaniens
334 2215 488 2255 ieiunio
506 2215 671 2266 gloriae,
692 2215 830 2254 subito
855 2215 1036 2253 Graecus
1054 2214 1198 2261 factus,
1221 2213 1263 2250 et
1281 2214 1377 2251 ante
1404 2211 1578 2250 biduum
1597 2210 1697 2250 adeo
1714 2223 1777 2255 450

105 2283 238 2321 factus
270 2280 488 2320 Hebraeus
517 2283 563 2320 vt
588 2280 651 2319 illi
676 2279 784 2318 nihil
813 2279 944 2329 sapiat
973 2290 1047 2316 nec
1074 2277 1362 2327 Hieronymus
1391 2289 1464 2314 nec
1493 2275 1691 2325 Capnion.

105 2347 151 2387 Is
187 2346 239 2386 ad
276 2346 516 2385 huiusmodi
553 2345 844 2396 sycophantias
880 2345 1005 2382 natus
1041 2342 1149 2381 nihil
1178 2355 1262 2381 non
1299 2341 1434 2389 audet,
1467 2340 1575 2379 nihil
1612 2353 1696 2379 non

106 2411 280 2451 molitur
313 2425 394 2461 quo
427 2411 566 2450 subito
595 2411 668 2449 fiat
702 2409 884 2457 nobilis;
925 2410 1046 2459 atque
1079 2408 1186 2446 hanc
1217 2407 1331 2446 viam
1367 2405 1548 2445 maxime
1587 2418 1695 2444 com-

107 2476 363 2527 pendiariam
390 2489 479 2515 esse
507 2475 676 2514 iudicat.
743 2473 950 2523 Indignus
977 2475 1040 2512 est
1068 2472 1134 2511 cui
1168 2471 1472 2522 respondeatur,
1505 2469 1587 2509 nisi
1623 2483 1697 2520 pro

107 2541 308 2580 maleficio
327 2541 433 2580 velis
450 2540 700 2580 beneficium
718 2552 914 2590 reponere
931 2553 939 2586 ;
968 2540 1008 2577 et
1027 2540 1167 2577 tamen
1182 2536 1430 2576 virulentior
1448 2537 1509 2574 est
1525 2533 1699 2574 bestiola
1716 2547 1779 2581 455

108 2619 233 2657 quam
264 2608 311 2645 vt
347 2606 447 2644 ferri
484 2606 624 2657 possit.
699 2605 916 2655 Nusquam
955 2616 1040 2642 non
1073 2602 1286 2649 obtrectat,
1319 2600 1590 2640 obambulans
1626 2612 1699 2650 per

209 2736 284 2765 420.
310 2726 403 2766 quod
422 2729 474 2758 E:
496 2736 607 2766 quum
623 2730 664 2757 F:
695 2736 776 2758 cum
794 2724 894 2757 HN22
917 2735 980 2756 cur
993 2723 1037 2755 N1
1050 2723 1071 2755 ³.
1217 2723 1292 2761 426.
1318 2720 1543 2752 denuncians
1557 2721 1598 2750 N.

152 2848 228 2877 420.
252 2835 515 2877 innocentiam]
531 2836 594 2876 Ep.
613 2836 689 2866 810.
705 2845 824 2876 312-3.
940 2836 952 2876 ζ
957 2835 1021 2875 528
1037 2834 1095 2874 cn)
1111 2834 1227 2864 shows
1243 2833 1324 2864 that
1341 2833 1410 2863 Lee
1427 2832 1458 2862 is
1474 2829 1658 2862 intended.

152 2882 227 2920 426.
250 2879 461 2921 denuncias]
479 2879 541 2919 Ep.
557 2881 630 2910 810.
648 2888 766 2919 294-5.
980 2887 1057 2917 451.
1070 2875 1329 2916 Hieronymus]
1343 2875 1528 2907 Horawitz
1540 2873 1591 2914 (v.
1600 2882 1633 2913 p.
1641 2874 1697 2914 22)

153 2925 227 2963 428.
253 2922 516 2964 ampliandam]
531 2922 596 2963 Ep.
613 2923 690 2953 810.
706 2932 780 2962 293.
938 2922 1025 2952 cites
1046 2920 1183 2960 Geiger,
1197 2922 1228 2950 J.
1251 2921 1409 2958 Remmia,
1425 2929 1458 2959 p.
1478 2927 1549 2956 121,
1567 2916 1622 2948 for
1637 2917 1699 2948 the

152 2966 446 3007 448.homuncio]
459 2966 689 3006 Comparison
699 2965 792 2997 with
802 2965 866 3006 Ep.
938 2965 1158 3004 importance
1184 2962 1352 2993 attached
1382 2962 1428 3002 by
1453 2960 1630 2992 Reuchlin
1661 2963 1698 2992 to

110 3020 176 3052 912
197 3010 270 3042 and
295 3010 406 3041 Lond.
423 3010 508 3041 xvii.
538 3019 598 3049 1,2,
617 3009 688 3042 LB.
711 3009 784 3049 446,
804 3010 864 3048 481
935 3008 1077 3039 Jerome
1094 3008 1133 3038 in
1150 3006 1314 3038 HebreW.
