2034 3433
103 162 198 217 741]
617 160 688 200 ΤΟ
727 160 989 200 RICHARD
1027 158 1174 199 PAGE
1614 158 1688 196 17l

99 267 294 308 credibile
327 268 402 314 est,
436 267 520 304 ἄνευ
552 265 716 314 Θησέως,
749 277 873 314 quem
906 266 947 302 et
979 262 1103 302 audio
1132 262 1208 301 tibi
1238 275 1533 312 congerronem
1564 264 1616 309 et,
1646 264 1692 300 vt

101 334 279 385 ingenue
309 331 455 379 dicam,
487 329 678 368 inuideo:
711 329 792 368 nisi
827 328 964 368 mauis
993 328 1115 367 illum
1145 327 1379 373 Herculem,
1411 329 1453 366 te
1482 328 1691 366 Theseum

100 400 242 439 facere.
318 394 625 445 Paraphrasim,
671 393 758 433 siue
805 394 940 432 mauis
985 393 1330 443 Pmaphronesin,
1380 392 1540 431 videbis
1584 392 1691 442 apud

101 465 287 504 Marcum
311 462 375 500 τὸν
400 460 579 511 ἐσόμενον
600 459 812 498 Decanum
833 459 975 498 Sancti
1003 459 1254 507 Donatiani3
1285 471 1521 509 quanquam
1549 458 1694 507 opinor

101 527 345 569 iamdudum
364 525 617 576 euulgatum.
664 525 778 563 Bene
796 525 899 573 vale,
917 524 1180 563 ornatissime
1200 525 1363 573 Pacaee,
1383 524 1443 562 καὶ
1460 525 1525 562 τὸν
1543 526 1691 572 Μῶρον,
1716 539 1754 562 10

101 594 138 634 si
157 593 282 641 adest,
305 590 409 629 meis
428 590 564 629 verbis
583 589 716 629 saluta
736 592 821 629 tam
842 589 1065 639 diligenter
1084 602 1209 639 quam
1230 603 1304 640 ego
1324 603 1375 628 ex
1394 589 1533 628 animo
1553 588 1693 639 diligo.

156 656 345 698 Louanii.
377 667 435 704 17.
460 655 545 694 Gal.
568 655 785 696 †Decemb.

585 787 680 827 742.
741 785 807 827 To
837 785 1052 828 RICHARD
1082 786 1215 827 PACE.

149 877 339 912 Deventer
357 876 433 912 MS.
451 887 509 921 91,
528 876 552 911 f.
571 885 626 920 77.
1338 875 1518 911 Louvain.

150 934 224 970 LB.
241 934 338 980 App.
356 944 435 969 222.
1205 942 1246 967 21
1270 933 1476 969 December
1496 931 1650 979 (1517).

407 1014 571 1057 [Shortly
583 1014 676 1046 after
691 1015 753 1054 Ep.
774 1024 833 1054 741
849 1025 857 1052 ;
882 1015 971 1045 Pace
988 1014 1095 1054 being
1110 1014 1185 1045 still
1201 1016 1238 1045 at
1255 1014 1414 1053 Bruges]

595 1111 798 1141 ERASMVS
827 1112 970 1143 PACEO
1000 1113 1083 1143 SVO
1113 1113 1145 1142 S.
1171 1114 1213 1142 D.

158 1193 304 1232 Home
339 1194 467 1232 natali
500 1194 566 1232 die
599 1193 782 1232 'rhomae
817 1194 1007 1243 Apostoli
1040 1194 1161 1233 binas
1194 1195 1268 1233 abs
1301 1197 1341 1232 te
1375 1195 1518 1244 recepi,
1552 1194 1698 1232 ceteris

105 1256 236 1295 ternis
268 1256 572 1306 responderam.
632 1256 786 1294 Omnes
819 1256 925 1294 mihi
959 1259 1058 1295 sunt
1091 1257 1215 1307 longe
1247 1257 1509 1307 gratissimae
1542 1256 1695 1306 duplici

105 1321 286 1370 nomine,
309 1322 376 1360 vel
400 1321 508 1371 quod
534 1321 666 1359 animi
684 1322 747 1359 tui
772 1323 980 1360 testantur
1004 1322 1267 1367 alacritatem,
1289 1322 1355 1360 vel
1382 1322 1491 1372 quod
1511 1322 1699 1360 studium

104 1399 200 1437 erga
228 1400 295 1425 me
320 1389 441 1425 tuum
470 1399 566 1436 prae
591 1400 634 1426 se
658 1386 804 1435 ferant,
828 1387 956 1425 etiam
983 1387 1020 1425 si
1048 1388 1155 1426 mihi
1180 1388 1262 1426 iam
1289 1387 1391 1426 olim
1418 1390 1693 1437 perspectum.

106 1452 186 1492 Sed
206 1454 252 1491 vt
278 1452 329 1491 ad
353 1452 487 1491 multa
514 1453 655 1503 paucis
682 1453 964 1502 respondeam,
988 1453 1235 1491 miraculum
1253 1454 1496 1502 admiratus,
1519 1453 1555 1492 si
1574 1453 1699 1492 modo
1719 1466 1736 1496 5

104 1516 382 1565 accidit,-sic
401 1518 514 1556 enim
534 1518 660 1556 soluit
678 1518 928 1557 Aristoteles
952 1519 1156 1557 nonnulla
1175 1517 1456 1568 problemata:
1487 1519 1548 1558 De
1568 1519 1698 1557 Fabro

105 1583 236 1632 doleo,
268 1596 343 1621 nec
370 1583 505 1622 adhuc
532 1584 634 1622 satis
662 1597 767 1635 queo
796 1583 982 1623 diuinare
1012 1584 1112 1634 quid
1140 1584 1204 1623 illi
1236 1585 1281 1623 in
1311 1586 1495 1623 mentem
1524 1585 1696 1623 venerit.

105 1648 200 1687 Non
227 1661 394 1692 vocares
421 1661 559 1687 meam
588 1649 836 1687 modestiam
868 1649 1237 1698 mordacissimam,
1268 1650 1303 1688 si
1335 1663 1478 1689 nosses
1507 1650 1604 1700 quid
1634 1649 1698 1689 illi

104 1713 330 1764 potuissem
359 1719 400 1753 et
428 1714 754 1764 approbantibus
781 1714 986 1764 theologis
1009 1714 1268 1764 impingere:
1303 1718 1343 1754 et
1370 1715 1469 1765 quid
1498 1715 1569 1754 ille
1594 1715 1699 1753 mihi

105 1779 324 1830 impegerit
343 1780 470 1819 vides.
531 1780 649 1829 Quod
676 1780 785 1818 nihil
810 1780 1000 1829 praeterii
1027 1793 1114 1819 non
1133 1794 1362 1829 excussum,
1386 1781 1602 1831 vigilantia
1620 1784 1693 1829 est,
1724 1794 1762 1815 10

105 1842 226 1897 (non)
243 1845 516 1894 mordacitas3
545 1848 585 1884 et
606 1848 746 1884 tamen
765 1845 901 1884 multa
918 1846 1111 1894 praeterii
1133 1846 1277 1885 sciens.
1338 1846 1459 1884 Nihil
1479 1848 1541 1885 est
1559 1848 1698 1885 autem

108 1910 218 1960 quod
237 1910 380 1949 iubeas
398 1923 465 1949 me
484 1913 602 1949 tuam
621 1909 882 1949 dissimulare
901 1911 1153 1949 sententiam
1170 1924 1180 1948 2
1210 1912 1373 1950 vtinam
1392 1914 1478 1950 tam
1500 1912 1609 1949 inter
1626 1923 1701 1950 vos

108 1976 349 2014 conueniret
387 1989 513 2026 quam
549 1977 659 2015 inter
697 1977 878 2015 Fabrum
915 1980 956 2015 et
987 1978 1080 2015 me!
1151 1978 1246 2026 Περὶ
1282 1980 1354 2016 τῶν
1392 1977 1575 2025 ἀδελφῶν,
1616 1976 1701 2015 iam

109 2041 272 2091 pridem
304 2041 579 2081 subodoratus
611 2055 705 2081 sum
740 2055 811 2080 eos
843 2042 1000 2092 aliquid
1031 2042 1184 2080 moliri.
1240 2042 1320 2081 Sed
1352 2044 1415 2080 est
1445 2042 1703 2092 quarundam

109 2119 250 2144 rerum
278 2119 325 2145 ea
350 2106 441 2145 lues
466 2109 514 2146 vt
539 2120 625 2146 non
650 2107 731 2146 alia
758 2120 801 2145 re
827 2107 959 2157 magis
984 2107 1131 2146 viceris
1157 2120 1282 2158 quam
1309 2109 1426 2157 fuga:
1456 2109 1502 2146 vt
1521 2107 1702 2145 maxime
1728 2120 1764 2152 15

111 2171 262 2219 vincas,
284 2184 308 2210 a
332 2172 406 2210 tali
434 2172 567 2210 scabie
596 2185 683 2211 non
710 2173 867 2222 poteris
894 2186 979 2211 non
1008 2173 1314 2211 contaminatus
1338 2172 1554 2211 discedere.
1611 2171 1702 2209 Hos

109 2236 240 2288 igitur
264 2237 315 2275 ad
340 2236 529 2286 publicas
549 2237 853 2287 disputationes
878 2250 1098 2288 prouocare
1125 2237 1235 2275 nihil
1260 2237 1374 2275 aliud
1401 2239 1462 2275 est
1488 2249 1614 2286 quam
1639 2236 1702 2273 τὸν

111 2302 225 2340 ἱππέα
258 2305 308 2342 εἷς
340 2302 466 2340 πεδίον
498 2302 781 2351 προκαλεῖσθαι.
851 2303 978 2352 Spero
1011 2302 1128 2340 breui
1160 2303 1246 2341 fore
1278 2304 1325 2341 vt
1358 2302 1459 2339 haec
1496 2300 1704 2349 theologia

112 2367 367 2416 ἀδελφικώδης
404 2369 444 2405 et
481 2369 618 2406 totum
662 2368 739 2406 hoc
776 2367 999 2406 hominum
1035 2380 1166 2416 genus
1203 2367 1532 2417 ψευδοχριστιανὸν
1570 2366 1702 2404 multo

112 2433 363 2473 moderatius
392 2436 535 2482 regnet
563 2446 689 2484 quam
718 2447 830 2472 nunc
858 2434 1016 2483 regnat.
1729 2444 1769 2465 20

167 2499 257 2548 Ego
276 2498 372 2537 -iam
401 2499 445 2536 in
473 2501 659 2537 extremo
687 2498 827 2537 fabule
855 2511 971 2537 meae
999 2512 1141 2537 versor
1168 2500 1285 2537 actu:
1327 2497 1374 2535 in
1404 2497 1550 2534 ceteris
1581 2508 1705 2546 quam

114 2563 266 2602 fuerim
285 2563 386 2601 felix
411 2564 482 2602 alii
500 2564 694 2603 viderint.
754 2564 848 2602 Non
872 2563 1059 2602 deseram
1078 2565 1220 2602 tamen
1242 2564 1284 2602 τὸ
1309 2563 1440 2612 δρᾶμα.
1499 2562 1545 2599 Si
1564 2561 1706 2599 Morus

160 2662 235 2693 741.
253 2663 284 2692 6.
311 2663 487 2693 credibele
504 2666 572 2694 MS.
663 2662 780 2693 θυσέως
795 2665 863 2693 MS.
984 2671 1032 2692 10.
1060 2661 1166 2700 Pacee
1182 2663 1250 2692 MS.
1372 2660 1445 2690 742.
1466 2670 1491 2690 1.
1516 2659 1624 2690 natili
1639 2661 1710 2690 MS.

116 2716 146 2738 2.
171 2706 287 2736 ternis
301 2708 378 2737 LB:
400 2707 523 2738 ternas
538 2709 607 2738 MS.
768 2717 799 2745 4.
823 2708 895 2737 LB:
918 2707 1140 2745 perspectam
1156 2706 1224 2735 MS.
1385 2704 1417 2734 8.
1441 2713 1561 2734 nosses
1577 2704 1708 2739 scripsi:

118 2759 239 2780 nosces
254 2751 321 2780 MS.
418 2759 466 2780 11.
492 2760 566 2781 non
581 2753 654 2781 add.
670 2753 734 2781 LB.
828 2759 876 2788 13.
901 2759 958 2779 me
974 2747 1040 2788 περὶ
1056 2747 1120 2778 τὼν
1131 2744 1371 2789 ἀδελφῶνΙΙειω
1389 2749 1457 2777 MS.
1551 2756 1600 2784 14.
1627 2755 1712 2785 quo-

119 2792 272 2823 rundam
289 2795 357 2824 MS.
375 2804 382 2825 :
406 2796 532 2825 correxi.
654 2794 705 2824 18.
729 2796 805 2824 LB:
830 2791 924 2823 ἶπτέα
940 2794 1010 2824 MS.
1100 2791 1188 2821 haec
1204 2793 1280 2821 LB:
1305 2791 1372 2821 hoc
1388 2793 1456 2823 MS.
1569 2799 1618 2828 19.
1642 2790 1712 2821 hoc

118 2838 171 2866 ΕΒ
187 2847 195 2866 :
217 2837 264 2867 ho
279 2838 348 2867 MS.
481 2846 532 2868 20.
557 2839 681 2877 regnat
697 2839 772 2868 LB:
796 2838 920 2876 regnet
936 2838 1005 2866 MS.
1137 2844 1187 2866 22.
1212 2834 1374 2865 desaram
1390 2836 1459 2865 MS.

162 2924 236 2956 741.
262 2925 291 2954 6.
309 2923 453 2965 Θησέως]
471 2924 647 2963 Probably
659 2924 756 2956 More
771 2935 780 2963 ;
797 2924 879 2955 who
990 2932 1021 2961 9.
1047 2921 1222 2960 Marcum]
1239 2932 1280 2953 sc.
1299 2922 1510 2952 Lam-inum.

119 2977 205 2998 once
243 2967 363 2999 before
401 2968 472 2998 had
510 2966 673 2998 attacked
711 2967 809 3007 Dorp
840 2968 878 2997 in
991 2966 1066 2996 742.
1089 2975 1136 2996 12.
1160 2965 1238 3006 vos]
1255 2965 1342 2996 Pace
1359 2964 1430 2995 and
1447 2964 1557 3005 Dorp.

122 3009 299 3043 Erasmus’
314 3010 470 3043 defence.
513 3011 577 3042 See
593 3011 656 3051 Ep.
675 3012 749 3049 388.
769 3020 828 3050 157
845 3020 880 3041 n.
994 3018 1042 3048 13.
1070 3008 1234 3049 ἀδελφῶν]
1254 3009 1306 3040 Cf.
1325 3009 1387 3049 Ep.
1404 3009 1478 3047 627.
1499 3017 1547 3038 12.
