2034 3433
159 157 256 210 665]
663 157 733 196 TO
771 157 1008 196 ANTONY
1046 156 1237 198 CLAVA
1699 158 1748 196 91

158 262 251 309 tuit,
273 261 344 299 sed
365 261 494 311 pudet
514 261 827 301 inconstantiae.
886 262 983 301 Misi
1001 275 1073 312 per
1095 261 1304 300 Batauum
1327 260 1591 310 Apologiam.
1647 260 1753 299 Vide

161 392 276 431 Bene
312 391 417 440 vale,
460 393 729 441 patronorum
768 393 936 441 optime,
973 405 1068 430 cum
1106 392 1189 430 tuis
1227 391 1422 430 omnibus
1458 391 1500 428 et
1538 390 1750 428 Caesarem
1772 404 1789 433 5

160 457 296 496 saluta
331 457 437 495 meis
469 457 606 495 verbis
639 457 869 508 diligenter.
944 457 1033 496 Hec
1067 456 1212 507 scripsi
1242 470 1346 506 pene
1384 457 1553 494 enectus
1590 455 1750 505 pituita.

214 521 389 561 Louanii
409 522 541 571 pridie
560 522 782 562 Lamberti.
1456 524 1464 532 ‘

571 660 667 700 666.
729 659 794 701 To
825 660 1038 713 <MARCUS
1069 659 1338 713 LAURINUs>.

207 748 394 784 Deventer
412 748 487 784 MS.
508 759 564 795 91,
586 751 609 785 f.
630 761 683 795 93.
1203 749 1355 794 College
1372 748 1420 782 du
1439 748 1510 789 Lis,
1530 747 1708 783 Louvain.

207 806 280 841 LB.
298 807 394 853 App.
418 809 492 852 185.
1230 809 1271 842 16
1290 806 1511 852 September
1528 805 1681 852 (1517).

204 886 328 927 [From
352 890 575 928 comparison
599 891 688 921 with
714 891 775 931 Ep.
801 892 876 930 651,
904 891 1043 921 Leclerc
1067 890 1098 920 is
1121 889 1253 929 clearly
1275 889 1372 928 right
1392 889 1431 919 in
1457 888 1668 927 addressing
1682 886 1758 918 this

160 930 268 961 letter
283 933 320 962 to
336 931 545 974 Laurinus.]

218 1008 256 1047 S.
291 1008 358 1057 P.,
403 1011 631 1050 amicorum
679 1012 980 1062 syncerissime.
1038 1011 1193 1060 Scripsi
1241 1023 1372 1059 nuper
1416 1022 1490 1059 per
1537 1009 1756 1048 Batauum.

167 1072 309 1111 Nolim
341 1076 382 1112 te
410 1074 493 1113 frui
521 1078 594 1115 tuo
623 1077 912 1116 incommodo:
950 1075 1104 1126 alioqui
1136 1079 1207 1113 tua
1236 1074 1487 1113 consuetudo
1517 1074 1622 1112 foret
1652 1073 1758 1112 mihi

165 1138 415 1187 gratissima.
488 1141 734 1192 Apologiam
772 1143 823 1181 ad
864 1142 1044 1180 Fabrum
1085 1140 1182 1179 misi
1218 1153 1290 1189 per
1326 1139 1516 1177 eundem.
1590 1139 1635 1177 Si
1673 1152 1756 1177 non

165 1204 294 1250 venis,
329 1205 479 1244 saltem
509 1207 659 1245 litteris
698 1220 773 1246 nos
807 1207 1017 1246 interuise.
1090 1206 1204 1244 Haec
1237 1205 1381 1254 scripsi
1411 1217 1515 1253 pene
1549 1204 1758 1242 extinctus

167 1267 332 1317 pituita.
388 1271 562 1309 Louanii
581 1285 631 1310 ex
651 1273 812 1311 Liliano
832 1272 1050 1323 gymnasio
1069 1271 1201 1321 pridie
1222 1270 1445 1308 Lamberti.
1778 1283 1796 1315 5

219 1334 326 1372 Cura
358 1338 405 1373 vt
439 1339 546 1375 recte
586 1338 731 1376 valeas.
801 1338 852 1376 D.
886 1338 1063 1385 Decano,
1104 1336 1158 1374 M.
1200 1335 1416 1382 Lodouioe,
1458 1334 1615 1384 hospiti
1650 1347 1754 1381 meo,

165 1399 391 1450 ceterisque
417 1402 627 1441 sodalibus
655 1403 834 1442 multam
863 1416 911 1441 ex
937 1416 1005 1441 me
1033 1402 1211 1441 salutem
1240 1400 1379 1439 dicito.
1439 1400 1472 1438 O
1497 1399 1759 1437 sterilitatem

167 1463 292 1503 huius
316 1466 524 1516 regionis!
582 1468 786 1518 Phrysius
811 1469 880 1507 hic
903 1470 965 1507 tot
984 1466 1179 1518 <artibus>
1206 1466 1434 1504 instructus
1458 1467 1506 1503 vt
1532 1463 1761 1503 Mercurius

165 1528 252 1579 ipse
275 1542 360 1568 non
385 1531 587 1581 pluribus,
612 1533 773 1572 nullam
796 1533 865 1572 hic
888 1534 1099 1572 fortunam
1122 1530 1313 1582 repperit.
1375 1530 1556 1569 Proinde
1576 1531 1760 1568 extrema

163 1605 312 1633 ancora
341 1599 402 1636 est
430 1597 679 1647 Britannia3
711 1612 815 1649 quae
844 1599 925 1638 nisi
953 1612 1020 1636 me
1049 1597 1315 1645 subleuasset‚
1346 1596 1479 1634 adhuc
1507 1594 1760 1633 mendicaret
1781 1610 1819 1631 10

164 1658 374 1700 Erasmus.
434 1662 619 1702 Rursum
638 1664 740 1703 vale.

646 1796 742 1837 667.
803 1795 869 1837 To
899 1795 1042 1848 <JOHN
1072 1792 1279 1846 msam).

211 1880 397 1918 Deventer
414 1883 490 1919 MS.
510 1897 567 1931 91,
588 1886 612 1921 f,
633 1897 676 1931 93
696 1890 745 1921 νο,
1397 1881 1572 1917 Louvain.

213 1938 284 1974 LB.
302 1940 398 1986 App.
422 1945 497 1978 186.
1262 1943 1302 1977 16
1319 1941 1540 1986 September
1561 1937 1714 1986 (1517).

276 2020 399 2060 [After
416 2024 480 2063 Ep.
499 2026 562 2065 653
580 2026 691 2057 Reich
708 2026 739 2056 is
754 2025 929 2065 certainly
944 2024 1042 2064 right
1058 2024 1098 2054 in
1114 2022 1325 2061 addressing
1339 2021 1416 2052 this
1431 2023 1467 2051 to
1484 2019 1638 2060 Fisher.]

224 2097 333 2137 Pos'r
370 2101 547 2141 salutem
579 2117 632 2153 p.‚
664 2103 887 2142 reuerende
922 2102 1057 2148 Pater,
1095 2114 1168 2151 per
1207 2101 1383 2139 Petrum
1412 2098 1637 2138 vnoculum
1666 2097 1762 2136 misi

169 2164 397 2204 secundum
429 2166 635 2207 Theodori
662 2169 816 2207 librum
845 2170 885 2207 et
912 2166 1161 2217 epistolium.
1235 2165 1318 2203 Hic
1349 2165 1529 2202 Ioannes
1559 2162 1763 2212 Phrysius

174 2229 274 2267 satis
298 2232 513 2271 emendate
534 2235 575 2271 et
594 2233 816 2284 legibiliter
841 2232 987 2270 scribit
1008 2232 1138 2270 Grece
1157 2232 1198 2268 et
1218 2230 1378 2268 Latine.
1438 2228 1643 2266 Narrabas
1661 2227 1763 2266 olim

172 2293 222 2331 de
247 2293 355 2333 libro
384 2297 565 2346 quodam
595 2299 833 2337 excudendo
861 2297 985 2347 typis.
1045 2296 1090 2334 Si
1117 2296 1185 2334 hic
1210 2294 1414 2333 describat
1440 2295 1481 2331 et
1507 2292 1763 2342 descriptum

170 2359 363 2408 conferat,
381 2364 502 2401 tuum
521 2363 733 2413 exemplar
751 2361 938 2401 manebit
959 2360 1038 2399 tibi
1056 2360 1275 2398 incolume.
1333 2358 1457 2408 Fugit
1471 2358 1577 2396 hanc
1596 2357 1764 2396 sterilis·
1782 2371 1798 2401 5

174 2425 326 2463 simam
364 2427 586 2477 regionem,
623 2428 781 2478 quaerit
815 2427 1003 2466 vberiora
1040 2438 1199 2475 pascua.
1272 2424 1363 2462 Hec
1401 2422 1547 2473 scripsi
1584 2422 1764 2471 grauiter

170 2490 345 2540 afflictus
380 2493 542 2542 pituita,
578 2507 663 2532 non
698 2494 787 2532 sine
819 2492 936 2531 febri.
1004 2491 1067 2529 Tu
1100 2503 1196 2528 cura
1229 2491 1276 2527 vt
1307 2488 1456 2532 valeas,
1495 2490 1762 2537 patronorum

172 2541 337 2606 &ptime
398 2558 573 2597 Louanii
592 2559 725 2608 pridie
745 2557 967 2597 Lamberti.

748 2646 822 2676 666.
848 2654 879 2684 3.
904 2644 987 2674 misi
1004 2645 1050 2674 bis
1066 2644 1101 2672 in
1115 2644 1182 2672 MS.

216 2711 290 2743 665.
317 2721 348 2750 3.
374 2712 570 2753 Batauum]
589 2711 642 2742 Cf.
661 2711 723 2751 Ep.
741 2712 817 2750 650.
838 2721 866 2749 7.
1046 2708 1121 2739 666.
1146 2709 1178 2737 6.
1205 2705 1361 2746 Decano]
1377 2704 1430 2735 Cf.
1443 2704 1506 2744 Ep.
1525 2705 1601 2742 651.
1623 2713 1660 2743 19
1672 2714 1708 2735 n.

218 2767 248 2794 4.
275 2755 463 2796 fratribus]
491 2755 565 2786 The
596 2755 777 2786 Brethren
809 2755 847 2785 of
873 2753 934 2784 the
1091 2749 1282 2790 Lodouico]
1299 2749 1350 2780 Cf.
1372 2748 1437 2788 Ep.
1454 2750 1529 2786 651.
1549 2757 1600 2778 21.

173 2799 348 2830 Common
371 2798 470 2837 Life3
494 2798 568 2829 also
591 2798 725 2829 known
747 2808 785 2828 as
807 2798 935 2828 Hiero-
1046 2805 1078 2834 9.
1105 2796 1268 2824 extrema
1283 2791 1426 2832 ancora]
1452 2792 1525 2822 But
1542 2790 1583 2822 cf.
1603 2791 1668 2831 Ep.
1685 2791 1761 2823 608.

174 2843 349 2881 nymiani.
375 2842 439 2872 See
448 2842 589 2881 Herzog
598 2842 675 2873 viii.
687 2852 740 2880 40,
753 2851 779 2881 1,
792 2841 873 2881 and,
882 2840 936 2870 for
1008 2839 1099 2878 17—8.

176 2886 274 2917 their
287 2886 397 2916 house
413 2886 453 2916 in
470 2886 603 2924 efflent,
625 2885 676 2917 iii.
695 2886 804 2924 486‚7.
1048 2882 1123 2912 667.
1136 2893 1167 2919 4.
1181 2879 1288 2921 libro]
1300 2879 1458 2918 Perhaps
1469 2877 1530 2909 the
1541 2877 1760 2917 ‘Harmony'

260 2928 534 2970 dissimillimis]
566 2928 634 2959 For
661 2928 738 2959 this
768 2928 872 2959 mode
903 2927 941 2958 of
1006 2925 1045 2956 of
1063 2926 1126 2956 the
1143 2923 1290 2964 Gospels
1307 2922 1518 2953 mentioned
1541 2921 1580 2951 in
1604 2921 1668 2960 Ep.
1687 2921 1761 2961 936.

176 2973 399 3012 comparison
417 2972 460 3004 cf.
477 2972 540 3011 Ep.
565 2981 638 3011 292.
659 2981 754 3010 22-4.
1004 2970 1100 3008 86‚7;
1118 2968 1155 2998 of
1161 2967 1282 2998 which
1293 2967 1465 2998 Erasmus
1475 2963 1547 2995 had
1556 2964 1668 2995 heard
1678 2966 1761 2995 olim.

218 3026 248 3056 5.
273 3014 476 3056 Caesarem]
493 3015 623 3046 Robert
640 3015 684 3046 de
701 3015 869 3054 Keysere.
1093 3010 1285 3051 describat]
1305 3009 1357 3040 Cf.
1377 3009 1441 3049 Ep.
1461 3009 1534 3047 766.
1551 3018 1590 3046 41
1610 3018 1644 3038 n.
