2034 3433
190 129 288 184 843]
680 131 750 169 TO
788 129 1014 169 MARTIN
1054 127 1296 168 LYPSIUS
1703 126 1781 164 321

189 236 372 274 maxime
390 248 537 274 verum
564 236 681 282 esset,
707 247 792 272 non
813 232 956 272 licebit
975 233 1103 283 igitur
1121 246 1142 270 e
1162 232 1289 271 sacris
1311 231 1442 278 libris,
1465 230 1500 269 si
1520 229 1616 280 quid
1638 228 1785 268 erroris
1802 244 1862 276 325

188 300 412 351 irrepserit,
435 300 612 338 tollere?

247 378 309 414 51.
344 365 412 405 ‘Si
442 365 543 415 quid
563 364 711 403 erroris
731 364 821 412 est,'
840 364 978 413 inquit
1001 363 1254 402 ‘secundum
1284 362 1458 400 Patrum
1483 359 1654 409 antiqua
1677 359 1788 398 testi-

190 431 332 470 monia
350 431 484 470 fuerat
511 429 846 468 emendandum.'
902 429 1036 479 Atqui
1056 428 1099 466 id
1121 427 1229 477 quod
1258 428 1411 474 monet,
1434 425 1613 464 maxime
1631 424 1787 463 factum

190 498 253 535 est
272 509 296 535 a
314 509 404 534 me:
435 508 581 534 verum
599 495 677 533 hoc
696 495 824 533 istum
844 493 963 544 fugit,
988 494 1084 543 quia
1103 493 1258 531 librum
1277 505 1363 530 non
1382 490 1575 541 inspexit.

248 572 309 608 52.
361 560 538 611 ‘Lepra'
575 559 714 610 inquit
762 558 987 598 ‘sacerdoti
1034 557 1263 605 indicanda,
1310 556 1429 594 cuius
1475 557 1538 595 est
1583 553 1864 602 iudicare.'330

194 627 343 674 Recte3
378 628 418 664 et
438 626 489 664 ob
509 625 553 663 id
576 626 708 664 Leoni
733 624 893 663 decimo
919 623 1018 662 misi
1044 636 1156 673 opus,
1181 623 1299 661 cuius
1320 621 1488 660 hortatu
1515 632 1786 670 susceperam.

193 694 333 742 Atque
364 691 401 730 is
431 704 502 741 per
535 690 640 729 duos
669 689 905 728 Cardinales
938 687 1125 727 studium
1156 700 1298 726 meum
1327 685 1624 736 comprobauit.
1685 684 1791 724 Cum

193 757 258 795 illi
286 757 425 796 visum
453 756 589 802 fuerit,
621 754 829 805 delegabit
863 754 928 792 cui
956 753 1068 792 volet
1099 755 1146 792 vt
1179 752 1312 791 nostri
1346 751 1504 790 codices
1535 750 1586 789 ab
1617 749 1793 789 eruditis

194 822 483 860 emendentur.
544 822 649 860 Eam
678 819 938 870 prouinciam
969 818 1075 857 mihi
1106 831 1192 857 non
1226 830 1358 865 sumo,
1392 816 1488 855 licet
1523 817 1573 855 ad
1603 816 1646 854 id
1679 815 1792 854 viam

195 887 434 925 struxerim.
1807 897 1866 929 335

252 963 314 1001 53.
348 952 440 990 Iam
485 951 596 1001 quod
637 950 805 989 adducit
853 950 903 988 de
950 949 1213 999 septuaginta
1258 947 1421 986 cellulis
1464 960 1549 986 non
1592 946 1709 986 videt
1749 946 1794 984 in

197 1017 447 1068 Hieronymi
485 1020 607 1066 caput
646 1016 835 1063 recidere,
871 1015 942 1065 qui
971 1028 1039 1053 eas
1066 1014 1183 1054 velut
1217 1013 1432 1052 mendacio
1466 1012 1696 1062 cuiuspiam
1730 1024 1794 1050 ex-

195 1085 352 1122 tructas
371 1083 488 1121 ridet.
549 1082 594 1121 Si
613 1082 786 1120 illorum
804 1079 1025 1119 translatio
1045 1078 1221 1129 Spiritui
1240 1080 1382 1117 sancto
1404 1077 1616 1126 tribuitur,
1640 1077 1796 1127 impius

196 1149 498 1198 Hieronymus,
540 1148 612 1197 qui
649 1160 742 1185 eam
781 1145 936 1185 alicubi
977 1145 1241 1183 mendacium
1278 1145 1426 1190 vocat3
1473 1144 1514 1181 et
1550 1144 1692 1180 tamen
1729 1142 1796 1180 hic

197 1213 448 1263 Hieronymi
479 1212 682 1251 iudicium
711 1211 900 1261 sequitur
928 1210 1110 1249 Ecclesia
1136 1210 1183 1248 in
1211 1208 1419 1259 plerisque
1447 1207 1608 1247 Veteris
1637 1208 1797 1246 Instru-
1811 1218 1873 1251 340

198 1279 333 1317 menti
350 1278 652 1317 voluminibus.

255 1355 316 1392 54.
350 1343 548 1382 Eiusdem
564 1341 808 1392 prudentiae
822 1343 885 1380 est
905 1341 1015 1391 quod
1034 1341 1093 1379 ait
1116 1343 1160 1379 ‘a
1180 1340 1346 1379 Graecis
1361 1339 1492 1377 libros
1508 1351 1603 1376 suos
1614 1337 1794 1383 falsatos,

199 1408 270 1447 vbi
299 1407 565 1447 desciuerunt
591 1421 615 1446 a
641 1407 857 1446 Rhomana
880 1407 1052 1445 ecclesia
1068 1406 1090 1442 ³.
1149 1406 1309 1454 Quaeso
1333 1404 1432 1454 quid
1457 1405 1543 1442 erat
1563 1416 1707 1442 causae
1727 1416 1798 1442 cur

198 1486 268 1512 eos
287 1486 433 1512 omnes
453 1473 761 1522 corrumperent
776 1473 796 1510 ⁶?
853 1471 984 1510 Porro
1001 1484 1096 1509 cum
1116 1483 1250 1520 nuper
1269 1470 1518 1508 desciuerint
1538 1481 1561 1507 a
1581 1468 1800 1506 Rhomana

198 1538 379 1587 ecclesia,
416 1538 490 1588 qui
528 1538 577 1576 fit
614 1539 661 1576 vt
694 1537 795 1575 noui
833 1536 992 1575 codices
1028 1535 1201 1575 illorum
1238 1548 1334 1573 cum
1372 1533 1672 1573 vetustissimis
1710 1546 1801 1572 con·
1814 1543 1873 1575 345

199 1604 419 1644 sentiant?
458 1603 528 1654 qui
564 1603 614 1641 fit
650 1604 698 1641 vt
736 1602 945 1652 Origenes,
986 1604 1033 1641 vt
1072 1601 1267 1649 Basilius,
1301 1602 1347 1639 vt
1385 1600 1717 1649 Chrysostomus,
1753 1600 1798 1636 vt

198 1670 339 1709 Latini
368 1682 547 1719 quoque,
574 1667 836 1715 Ambrosius,
863 1667 1159 1717 Hieronymus,
1192 1666 1394 1713 Hilarius,
1425 1664 1667 1714 Cyprianus,
1700 1676 1795 1702 cum

197 1735 370 1774 illorum
393 1734 553 1773 falsatis
576 1733 696 1772 libris
721 1733 995 1780 consentiant,
1018 1746 1041 1771 a
1066 1732 1219 1771 nostris
1246 1730 1528 1770 dissentiant?
1556 1730 1627 1767 An
1646 1728 1795 1767 horum

199 1801 389 1839 omnium
408 1799 537 1838 libros
556 1799 684 1837 semel
704 1798 909 1837 falsarunt
930 1798 1109 1838 Graeci?

256 1877 318 1915 55.
349 1866 478 1904 Porro
510 1865 620 1915 quod
655 1878 705 1903 ex
743 1864 931 1903 Decretis
969 1863 1204 1902 Pontificiis
1242 1861 1482 1908 obieceram,
1514 1859 1625 1899 Noui
1661 1859 1797 1898 Testa·
1814 1871 1877 1903 350

200 1931 335 1970 menti
371 1931 590 1969 veritatem
628 1943 679 1968 ex
717 1930 971 1968 Graecorum
1009 1927 1295 1966 voluminibus
1335 1926 1658 1965 examinandam
1697 1937 1795 1972 esse,

202 1997 355 2035 fatetur
373 1995 458 2033 illis
477 1994 737 2044 temporibus
756 1994 1013 2040 conuenisse,
1031 1993 1099 2031 his
1118 1992 1227 2031 nihil
1245 1992 1399 2030 minus.
1457 1991 1632 2030 Causam
1647 1988 1793 2037 reddit,

202 2061 313 2111 quod
327 2060 588 2103 desciuerint.
648 2059 773 2107 Quasi
788 2072 886 2098 vero
903 2058 1075 2097 defectio
1091 2058 1342 2097 Graecorum
1357 2055 1531 2094 mutarit
1548 2055 1798 2093 Graecorum

203 2124 490 2175 Euangelium.

260 2193 321 2238 56.
349 2190 505 2229 Verum
539 2190 576 2227 si
607 2189 699 2227 ideo
731 2202 815 2227 non
847 2191 909 2227 est
946 2187 1161 2226 fidendum
1200 2187 1449 2225 Graecorum
1480 2185 1600 2224 libris
1632 2185 1742 2235 quod
1776 2197 1877 2230 a355

204 2256 422 2295 Rhomana
449 2254 619 2293 ecclesia
648 2253 884 2301 defecerint,
917 2266 992 2291 nec
1022 2252 1273 2301 Hieronymi
1303 2251 1562 2301 temporibus
1593 2249 1713 2288 licuit
1750 2262 1799 2288 ex

205 2320 492 2360 Hebraeorum
515 2318 800 2358 voluminibus
825 2318 1044 2357 emendare
1067 2317 1200 2355 Vetus
1225 2317 1568 2363 Testamentum3
1597 2328 1691 2354 cum
1714 2315 1798 2354 iam

203 2389 296 2425 tum
313 2385 560 2424 Iudaeorum
575 2383 751 2434 populus
765 2396 850 2422 non
865 2396 888 2422 a
901 2383 1119 2422 Rhomana
1131 2382 1311 2428 ecclesia,
1330 2381 1401 2419 sed
1417 2393 1584 2430 prorsus
1599 2393 1622 2419 a
1634 2380 1799 2419 Christo

206 2451 421 2490 defecisset
441 2464 449 2488 ε
480 2449 588 2499 quod
608 2462 684 2498 ego
703 2447 882 2486 arbitror
900 2448 1112 2498 aliquanto
1132 2446 1383 2485 sceleratius.

262 2527 324 2564 57.
375 2514 602 2562 Postremo,
643 2514 679 2552 si
717 2513 932 2552 fidendum
971 2514 1034 2551 est
1071 2514 1240 2551 tantum
1283 2512 1531 2550 Graecorum
1569 2509 1689 2549 libris
1727 2511 1799 2560 qui
1817 2514 1883 2555 360

206 2579 459 2620 schismatici
478 2592 562 2617 non
581 2580 692 2627 sunt,
710 2579 860 2617 horum
876 2577 1127 2628 exemplaria
1145 2577 1410 2627 potissimum
1430 2576 1643 2626 sequimur
1660 2590 1669 2614 :
1698 2588 1798 2625 quae

207 2649 349 2684 tamen
369 2658 392 2684 a
412 2644 774 2683 schismaticorum
796 2644 914 2682 libris
934 2656 1019 2682 non
1039 2643 1284 2692 discrepant.

251 2768 325 2798 334.
350 2760 398 2788 F:
422 2757 528 2788 liceat
544 2760 581 2788 D.
691 2766 766 2796 342.
791 2766 872 2787 suos
889 2759 916 2786 D
932 2769 937 2787 :
961 2757 1119 2796 ipsorum
1136 2757 1177 2785 H.
1279 2764 1353 2793 347.
1380 2754 1624 2793 Hieronymus
1640 2763 1700 2784 om.
1718 2757 1752 2784 F.

253 2867 329 2896 330.
353 2856 481 2897 Lepi-a]
500 2856 552 2887 Cf.
571 2856 684 2888 Levit.
706 2865 755 2895 13.
774 2867 827 2896 49.
1080 2863 1152 2892 350.
1179 2852 1393 2892 obieceram]
1419 2852 1465 2883 In
1484 2852 1547 2882 the
1568 2852 1727 2892 Apology
1743 2852 1797 2892 (N.

253 2910 327 2940 332.
352 2899 575 2940 cardinales]
594 2899 648 2930 Cf.
664 2899 730 2939 Ep.
746 2900 820 2938 835.
842 2909 880 2938 13
890 2908 925 2929 n.
1039 2900 1132 2928 Inscr.
1150 2896 1185 2927 ff.
1198 2896 1281 2927 bbb<3
1292 2901 1353 2935 v⁰.,
1370 2894 1476 2935 bbb⁷>,
1491 2896 1563 2926 and
1579 2895 1642 2926 the
1658 2895 1797 2935 preface

255 2953 330 2984 337.
344 2942 681 2984 Hieronymi]praef.
692 2941 970 2982 inPent.‚qu0ted
1038 2943 1074 2971 to
1100 2940 1164 2971 the
1189 2941 1290 2970 notes
1313 2939 1391 2980 (Ep.
1417 2949 1490 2978 373.
1518 2939 1638 2978 13-7);
1662 2939 1706 2971 cf.
1731 2938 1796 2978 Ep.

212 2988 251 3018 in
267 2990 343 3018 adu.
360 2989 467 3023 thfin.
485 2995 514 3018 2.
534 2995 574 3025 25
592 2997 600 3016 z
616 2986 660 3019 cf.
677 2987 740 3026 Ep.
759 2987 831 3026 326.
851 2987 948 3017 80-2.
1038 2993 1111 3023 337.
1129 2992 1237 3023 742,3.

279 3053 386 3072 annm<
406 3051 451 3072 111
986 3052 1014 3077 Y
