2034 3433
326 171 405 208 556
789 169 1040 208 LETTERS
1079 169 1147 209 or
1185 169 1449 209 ERASMUS
1788 169 1912 223 [1519

324 288 377 314 ne
414 275 524 314 inter
560 274 752 313 homines
791 273 981 324 quidem:
1030 273 1197 313 tametsi
1235 273 1413 312 vixerim
1457 285 1552 312 cum
1596 274 1658 311 tot
1695 274 1913 313 nationum

264 355 304 386 35
325 340 626 389 hominumque
644 338 872 389 generibus.

380 406 538 444 Literas
569 407 660 442 tuas
685 403 869 453 suspicor
898 402 1133 441 Louanium
1160 402 1338 451 perlatas
1367 416 1465 450 esse,
1488 408 1611 453 atque
1639 402 1757 441 illinc
1785 404 1917 442 Antu-

328 470 511 520 uerpiam
542 469 889 508 remissas—nam
922 467 981 505 ibi
1014 469 1107 506 tum
1139 467 1337 517 agebam:
1378 468 1435 506 ita
1468 468 1625 506 factum
1660 470 1722 506 est
1753 469 1799 507 vt
1832 481 1917 507 non

331 535 505 574 viderim
535 534 606 584 qui
635 548 702 573 eas
730 533 964 583 pertulerat.
1035 532 1268 572 Consilium
1299 535 1359 572 est
1388 546 1574 572 mensem
1601 533 1714 571 hunc
1741 546 1918 572 vernum

330 600 553 640 sarciendis
586 600 764 651 corporis
799 599 1012 649 animique
1051 598 1239 637 viriculis
1276 598 1496 647 insumere,
1532 599 1567 637 si
1605 599 1728 637 modo
1765 598 1916 637 licebit.

270 679 310 709 40
331 668 427 706 Mox
454 667 619 704 fauente
645 665 809 705 Christo
840 664 1135 714 Paraphrasim
1164 664 1387 714 aggrediar,
1419 666 1460 702 et
1488 667 1781 714 argumentum
1811 664 1920 714 quod

331 735 376 771 tu
415 734 629 782 tantopere
665 730 886 781 efflagitas:
934 730 1042 780 quod
1084 729 1222 780 ipsum
1263 732 1404 768 tamen
1447 729 1540 769 aliis
1581 729 1795 779 scribetur,
1836 742 1921 768 non

331 797 511 836 Borsalo.
585 796 693 835 Noui
723 797 866 846 pectus
894 795 1006 833 istud
1039 796 1171 839 tuum,
1202 795 1302 833 noui
1331 795 1558 845 ingenium,
1591 795 1692 833 noui
1721 795 1919 834 studium.

332 862 456 902 Domi
488 862 645 901 fontem
678 861 813 909 habes,
846 862 893 899 vt
928 873 1013 899 non
1044 872 1206 898 necesse
1239 859 1295 898 sit
1327 873 1375 898 ex
1406 860 1540 899 aliena
1571 859 1747 899 cisterna
1774 872 1921 910 aquam

332 930 480 978 petere.
541 927 635 965 Non
664 927 836 965 deerunt
864 925 936 976 qui
969 925 1174 963 celebrent
1211 924 1457 974 pontificum
1489 925 1765 973 autoritatem,
1799 938 1923 975 quam

272 1005 312 1036 45
332 994 462 1032 fateor
481 1005 567 1032 esse
595 992 740 1031 debere
765 992 1090 1038 sacrosanctam
1120 1003 1203 1028 non
1231 990 1406 1029 deerunt
1436 990 1507 1040 qui
1531 989 1643 1029 Scoti
1662 990 1924 1039 Thomaeque

335 1060 494 1098 decreta
512 1058 758 1109 praedicent,
783 1070 884 1107 quae
904 1070 979 1095 nec
1002 1069 1076 1106 ego
1106 1069 1203 1094 sane
1231 1069 1400 1105 prorsus
1426 1055 1626 1106 improbo.
1685 1056 1747 1095 Tu
1772 1069 1925 1106 purum

332 1125 452 1164 illum
483 1128 525 1163 et
553 1137 773 1174 syncerum
807 1122 1021 1162 Christum
1048 1122 1260 1160 mentibus
1290 1123 1461 1160 tuorum
1491 1122 1662 1171 instilla,
1692 1121 1855 1172 quando
1884 1121 1926 1160 id

333 1204 356 1229 a
379 1190 522 1239 paucis
547 1189 637 1227 fieri
661 1189 861 1227 videmus.
923 1187 1091 1227 Gaudeo
1114 1187 1191 1225 tibi
1214 1187 1425 1226 fortunam
1456 1186 1651 1237 obtigisse
1680 1200 1777 1226 cum
1797 1186 1927 1237 digni-

335 1257 416 1294 tate
448 1254 724 1303 coniunctam,
761 1256 855 1292 tum
888 1254 1027 1292 autem
1060 1252 1277 1291 materiam
1310 1265 1355 1291 ac
1388 1254 1569 1302 segetem
1600 1252 1781 1291 oblatam
1811 1252 1928 1290 bene-

276 1341 318 1371 50
335 1320 524 1359 merendi
563 1320 613 1358 de
652 1332 772 1369 grege
812 1318 1060 1357 Christiano.
1136 1317 1254 1356 Felix
1292 1317 1460 1367 quidem
1499 1318 1637 1356 ocium
1681 1318 1924 1365 studiorum,

336 1387 405 1425 sed
439 1386 519 1424 huc
553 1385 774 1423 descendat
814 1385 975 1434 oportet
1014 1382 1179 1432 sapiens
1215 1382 1286 1421 ille
1324 1381 1578 1431 Platonicus,
1615 1395 1702 1422 non
1737 1383 1810 1422 vni
1849 1382 1928 1421 sibi

335 1453 469 1490 natus.

391 1515 585 1566 Optimus
612 1515 804 1565 princeps
833 1513 1052 1564 Adolphus
1080 1512 1245 1551 videtur
1273 1513 1409 1551 adhuc
1431 1514 1613 1551 veterem
1642 1513 1764 1551 illum
1786 1512 1831 1551 in
1854 1525 1930 1551 nos

337 1581 527 1619 animum
554 1579 739 1618 obtinere
766 1591 888 1629 quem
917 1591 1017 1628 puer
1042 1577 1200 1616 habuit.
1260 1577 1313 1616 In
1333 1577 1458 1616 huius
1477 1578 1713 1627 propiorem
1731 1577 1928 1617 noticiam

280 1657 320 1688 55
338 1645 670 1685 commodissime
682 1646 812 1683 temet
824 1643 1054 1682 insinuabis
1065 1656 1138 1694 per
1153 1642 1327 1681 Petrum
1341 1642 1593 1693 Zutpenium
1607 1643 1926 1690 Casseletanum,

339 1725 419 1762 quo
444 1711 534 1749 viro
563 1710 672 1748 nihil
700 1709 832 1748 adhuc
860 1708 948 1748 vidi
974 1707 1189 1747 candidius
1211 1709 1283 1746 aut
1308 1707 1490 1746 amicius.
1553 1708 1668 1757 Quod
1690 1707 1932 1746 Franciscus

340 1776 569 1816 Galliarum
600 1789 671 1814 rex
705 1788 771 1813 me
801 1772 974 1813 tentarit
1014 1772 1116 1812 satis
1145 1771 1295 1823 amplis
1329 1772 1638 1811 conditionibus
1671 1772 1716 1811 in
1749 1772 1929 1810 Galliam

339 1847 523 1889 euocare,
544 1853 686 1878 rumor
705 1852 791 1878 non
811 1838 981 1877 omnino
1000 1851 1133 1877 vanus
1156 1839 1229 1876 est.
1289 1837 1515 1876 Tentatum
1540 1839 1601 1876 est
1621 1840 1662 1876 et
1681 1839 1930 1876 retentatum

341 1906 601 1956 quorundam
621 1904 752 1943 literis
772 1919 780 1943 :
810 1917 956 1942 verum
975 1903 1082 1941 nihil
1105 1903 1239 1941 adhuc
1268 1902 1389 1940 audio
1410 1905 1568 1941 certum
1588 1902 1778 1952 vigilans,
1800 1915 1932 1952 neque

283 1979 324 2009 60
341 1976 428 2011 tam
447 1971 562 2010 rudis
583 1983 678 2009 sum
698 1983 836 2008 rerum
857 1969 1134 2008 humanarum
1153 1970 1199 2006 vt
1219 1967 1344 2006 meris
1369 1967 1585 2017 promissis
1610 1967 1749 2018 pellici
1772 1979 1930 2017 queam.

342 2038 397 2076 Vt
429 2036 691 2075 Ferdinando
721 2036 960 2084 praeceptor
988 2047 1132 2083 essem,
1163 2036 1300 2072 actum
1329 2035 1391 2071 est
1425 2032 1575 2081 sedulo,
1608 2046 1702 2072 cum
1730 2045 1804 2084 per
1832 2032 1934 2072 alios

343 2102 583 2154 permultos,
608 2104 699 2140 tum
725 2114 798 2150 per
823 2100 872 2139 D.
897 2100 1175 2150 Bergensem3
1205 2101 1245 2137 et
1271 2098 1306 2137 is
1336 2101 1398 2136 est
1426 2099 1625 2149 Princeps
1649 2101 1694 2137 vt
1721 2098 1934 2137 meliorem

344 2167 554 2217 magisque
581 2165 757 2205 docilem
784 2178 859 2203 nec
888 2167 1026 2214 optare
1053 2164 1221 2214 possim.
1282 2162 1361 2201 Sed
1391 2162 1600 2202 deterrent
1629 2177 1696 2202 me
1723 2163 1931 2214 quaedam,

346 2247 449 2284 quae
468 2234 559 2271 tuto
579 2231 710 2271 literis
730 2230 936 2270 committi
954 2243 1039 2268 non
1058 2230 1242 2280 possunt.
1299 2228 1414 2266 Bene
1433 2228 1535 2267 vale.

286 2301 326 2341 65
401 2298 583 2337 Louanii.
608 2297 673 2336 die
692 2297 875 2347 paschae.
898 2297 1025 2335 Anno
1044 2308 1223 2334 M.D.X1x.

810 2443 944 2497 953976
1005 2441 1136 2483 FROM
1167 2442 1293 2483 JOHN
1322 2441 1490 2483 FABER.

396 2519 559 2564 Farrago
578 2530 612 2563 p.
637 2518 714 2560 164.
1636 2513 1854 2550 Constance.

395 2578 433 2613 F.
455 2589 491 2622 p.
511 2586 600 2622 307:
629 2576 722 2611 HN:
749 2574 863 2610 Lond.
882 2574 929 2610 vi.
951 2584 1014 2618 32:
1041 2574 1117 2609 LB.
1134 2583 1214 2619 415.
1601 2575 1645 2609 26
1662 2572 1770 2619 April
1791 2582 1890 2619 1519.

395 2669 494 2754 [Tl61e]
510 2669 590 2700 date
614 2670 645 2700 is
668 2666 861 2700 confirmed
886 2666 933 2705 by
957 2666 1100 2697 Beatus’
1126 2665 1264 2696 edition
1290 2665 1326 2696 of
1347 2665 1410 2696 the
1432 2667 1524 2696 Ratio
1549 2667 1641 2696 Vercae
1658 2667 1851 2703 Theoloqiaeg
1883 2674 1938 2696 see

350 2724 381 2752 p.
404 2723 440 2752 17
467 2738 473 2744 .

409 2812 461 2850 36.
487 2813 535 2840 F:
560 2809 636 2840 illic
652 2812 690 2841 E.
826 2819 875 2848 55.
900 2808 1119 2848 Zutpenium
1136 2810 1209 2839 acld.
1227 2810 1268 2838 H.
1404 2809 1456 2839 62.
1482 2807 1522 2838 D.
1542 2809 1590 2838 E:
1614 2806 1815 2847 principem
1833 2808 1874 2837 H.

398 2941 449 2968 40.
476 2929 747 2971 Paraphrasim]
763 2930 827 2961 See
845 2930 909 2969 Ep.
927 2930 1002 2969 956.
1229 2928 1282 2958 61.
1307 2926 1530 2967 praeceptor]
1546 2927 1609 2958 See
1624 2936 1661 2967 p.
1677 2936 1751 2966 492.

402 2982 452 3011 55.
480 2972 711 3014 Zutpenium]
730 2973 794 3004 See
817 2973 994 3004 Erasmus’
1011 2971 1117 3003 letter
1231 2971 1283 3000 62.
1309 2970 1349 3001 D.
1384 2969 1613 3012 Bergensem]
1647 2970 1709 3001 See
1739 2980 1796 3010 pp.
1830 2971 1938 3009 166,7,

355 3019 393 3046 to
411 3017 489 3046 him
507 3016 608 3047 dated
631 3026 669 3048 10
685 3018 779 3055 Aug.
799 3026 892 3055 1519.
1187 3014 1258 3045 and
1275 3013 1317 3044 ef.
1338 3014 1400 3053 Ep.
1417 3016 1492 3054 969.
1509 3023 1583 3053 3-5.
