2034 3433
288 142 371 180 440
750 140 1000 179 LETTERS
1041 139 1109 177 OF
1147 137 1411 178 ERASMUS
1754 137 1882 192 [1513

290 257 406 283 secus
426 256 550 294 quam
569 244 646 282 feci
671 243 812 281 facere.
871 242 1029 279 Verum
1055 254 1100 279 ea
1126 241 1248 292 longa
1274 243 1335 280 est
1361 240 1511 280 fabula.
1571 240 1666 280 Non
1685 245 1746 280 est
1764 244 1884 282 tuum

290 312 360 348 aut
381 309 624 359 cuiusquam
640 308 688 346 de
702 308 833 345 aliena
846 306 1094 345 conscientia
1109 306 1392 356 pronunciare.
1438 306 1522 345 Leo
1536 319 1660 356 graue
1674 309 1885 356 peccatum

292 377 352 413 est
388 375 573 412 mutatus
606 372 766 420 cultus;
796 385 870 421 ego
897 373 997 421 puto
1027 370 1149 421 longe
1177 372 1344 421 grauius
1373 371 1429 417 (id
1459 371 1569 422 quod
1598 371 1670 410 ille
1699 373 1889 421 gnauiter

235 459 271 489 25
291 440 403 488 facit)
424 439 650 477 obtrectare
669 437 777 476 vitae
797 436 965 483 alienae,
988 449 1092 486 quae
1111 436 1161 474 ad
1187 436 1307 474 illum
1331 436 1439 474 nihil
1458 437 1618 474 attinet.
1673 437 1727 475 Et
1747 438 1889 475 tamen

292 500 390 543 haec
421 503 573 542 faciens
601 502 817 541 sanctulus
845 502 925 540 sibi
953 501 1125 539 videtur.
1189 501 1318 540 Crede
1347 502 1469 548 mihi,
1498 501 1726 540 minimum
1765 501 1890 540 habet

294 568 521 618 Augustini
555 568 624 617 qui
653 569 791 617 preter
819 566 979 605 cultum
1007 566 1094 616 (qui
1125 568 1265 604 tamen
1296 566 1526 616 Augustini
1558 579 1644 605 non
1677 567 1754 615 est)
1783 565 1891 605 nihil

294 633 426 672 habet.
487 632 592 671 Cum
632 632 688 671 ait
728 632 773 670 in
807 631 959 682 regula,
998 634 1006 649 ‘
1030 631 1124 669 Non
1163 631 1362 669 affectetis
1400 630 1587 670 vestibus
1626 631 1784 681 placere
1821 630 1892 670 sed

294 697 504 746 moribus,’
542 697 679 746 palam
718 699 780 736 est
827 697 956 735 istum
993 696 1276 746 prodigiosum
1323 698 1364 734 et
1410 696 1633 746 plusquam
1670 695 1894 735 notabilem

238 781 277 810 30
295 763 456 802 cultum
476 762 525 800 ab
545 763 635 812 ipso
660 776 745 801 non
764 762 892 800 fuisse
912 761 1145 811 probatum.
1204 762 1295 810 Age
1315 774 1423 809 ver0‚
1448 761 1636 811 quisquis
1655 761 1895 810 Augustino

296 828 405 867 dedit
426 841 589 875 nomen,
612 828 650 865 ei
669 828 732 866 fas
751 841 837 866 non
858 827 935 865 erit
955 826 1105 865 alicubi
1124 826 1175 864 ab
1196 840 1241 865 eo
1266 826 1495 875 dissentire,
1519 826 1703 865 etiamne
1724 825 1760 864 si
1783 825 1853 864 ille
1872 837 1896 863 a

295 907 394 933 vero
423 893 673 931 dissentiat?
739 893 858 932 Certe
886 891 986 930 locis
1014 891 1172 942 aliquot
1202 892 1259 930 sic
1289 892 1428 941 lapsus
1458 893 1521 930 est
1556 894 1602 930 vt
1636 892 1777 942 negari
1811 903 1896 929 non

298 958 436 1008 possit.
496 958 550 996 Et
582 960 724 996 tamen
758 970 966 1007 nusquam
995 970 1079 996 non
1109 959 1346 995 reuerenter
1379 957 1525 1007 loquor
1562 956 1611 995 de
1642 956 1894 1007 Augustino-

298 1023 406 1072 Quid
435 1024 617 1062 sentiant
646 1024 730 1062 Leo
753 1025 845 1062 tum
870 1022 1112 1061 eruditiores
1140 1024 1233 1060 tum
1259 1022 1493 1067 sanctiores,
1513 1022 1581 1060 hic
1601 1035 1685 1060 non
1706 1021 1892 1060 referam.

240 1105 278 1136 35
298 1089 429 1127 Porro
458 1089 567 1139 quod
597 1088 668 1127 ille
696 1091 784 1127 tam
812 1088 1023 1138 impendio
1057 1088 1168 1126 fauet
1198 1087 1446 1137 Augustino,
1471 1101 1555 1126 non
1582 1087 1751 1135 mirum,
1776 1098 1900 1137 quem

298 1154 523 1194 arbitratur
542 1154 593 1192 ab
613 1167 655 1192 se
676 1153 763 1192 solo
783 1153 972 1204 intelligi.

355 1219 470 1267 Vide,
503 1233 641 1269 queso,
674 1233 754 1269 quo
788 1218 1005 1268 supercilio
1040 1218 1118 1257 ista
1149 1218 1298 1268 scripta
1329 1221 1429 1257 sunt
1461 1218 1535 1256 abs
1564 1220 1615 1256 te.
1680 1217 1898 1263 ‘Recanta

302 1285 483 1334 inquam,
507 1284 578 1323 vbi
604 1284 714 1322 male
741 1284 937 1333 cecinisti,
961 1297 1136 1334 repurga
1160 1283 1316 1322 librum
1342 1286 1484 1322 tuum:
1515 1284 1654 1332 itaque
1674 1280 1902 1332 perpendes

303 1352 506 1400 quantum
526 1350 612 1399 ipse
634 1362 753 1399 egeas
781 1362 946 1387 censore
973 1349 1111 1398 potius
1132 1362 1256 1399 quam
1279 1361 1489 1387 censorem
1509 1347 1632 1397 agas.’
1689 1346 1796 1395 Quid
1820 1344 1903 1384 diei

243 1427 285 1459 40
302 1416 437 1464 potest
457 1417 529 1453 aut
548 1414 720 1453 stultius
740 1416 810 1453 aut
829 1414 1087 1464 arrogantius
1101 1416 1121 1453 ἶ)
1178 1414 1303 1463 Quasi
1323 1414 1429 1452 mihi
1448 1413 1499 1451 ad
1523 1425 1740 1451 censuram
1767 1410 1904 1461 operis

304 1482 374 1518 tua
394 1480 448 1518 sit
467 1493 570 1530 opus
593 1481 742 1529 opera!
800 1480 909 1518 Sunt
931 1479 1003 1518 alii
1031 1493 1208 1529 quorum
1234 1479 1436 1518 iudicium
1463 1491 1637 1528 sequor;
1668 1490 1742 1515 nec
1771 1488 1902 1525 vsque

303 1545 403 1582 adeo
432 1544 538 1582 mihi
564 1545 678 1583 deest
705 1544 905 1583 iudicium
935 1546 976 1583 vt
1003 1547 1074 1583 tua
1100 1545 1368 1594 castigatione
1387 1544 1443 1582 sit
1464 1556 1575 1593 opus.
1637 1543 1682 1581 Si
1700 1542 1763 1580 vis
1782 1540 1905 1580 valde

306 1610 638 1659 Augustinianus
665 1609 809 1656 videri,
839 1609 1025 1648 studium
1054 1622 1098 1648 ac
1129 1610 1260 1647 vitam
1290 1608 1404 1647 illius
1434 1609 1609 1647 imitare.
1669 1607 1714 1646 Si
1743 1606 1904 1645 viueret

306 1675 580 1725 Augustinus,
621 1675 745 1713 citius
783 1677 1020 1724 agnosceret
1058 1688 1124 1712 me
1163 1688 1285 1725 quam
1328 1674 1482 1713 multos
1520 1673 1588 1724 qui
1628 1672 1752 1711 titulo
1790 1671 1906 1710 illius

249 1754 288 1786 45
308 1739 557 1778 stultissime
579 1739 821 1789 gloriantur.

363 1805 476 1843 Haec
514 1805 642 1843 libere
676 1804 753 1842 tibi
792 1804 934 1851 scribo,
970 1805 1039 1843 sed
1072 1806 1214 1843 amice.
1276 1804 1407 1843 Perde
1439 1804 1513 1842 has
1546 1804 1696 1842 literas.
1758 1802 1803 1841 Si
1840 1801 1906 1839 vis

309 1870 527 1920 exemplar,
560 1870 869 1909 transscribito:
899 1882 1033 1908 meam
1070 1882 1244 1907 manum
1282 1869 1454 1908 aboletO.
1515 1868 1694 1907 Posthac
1733 1867 1768 1905 si
1806 1865 1905 1917 quid

309 1935 465 1983 scribis,
488 1935 660 1985 obsigna
678 1935 837 1973 litteras
856 1936 1022 1984 propter
1040 1934 1228 1973 famulos.
1289 1934 1404 1972 Bene
1424 1933 1525 1972 vale.

692 2063 883 2119 ⁸⁹⁹900901
944 2063 1074 2103 FROM
1109 2062 1295 2102 MARTIN
1329 2061 1535 2102 prffls.

360 2153 548 2189 Horawitz
566 2153 642 2189 Ms.
662 2165 698 2199 p.
717 2164 773 2197 42.
1556 2150 1731 2186 Louvain.

362 2211 550 2248 Horawitz
569 2225 600 2247 V.
619 2214 651 2247 6.
1432 2208 1485 2256 (c.
1504 2209 1715 2245 November
1735 2208 1861 2254 1518.)

489 2295 572 2336 [For
588 2294 651 2325 the
668 2294 840 2325 omission
858 2293 896 2324 of
909 2304 928 2324 a
945 2303 1088 2333 passage
1106 2294 1144 2323 in
1161 2293 1235 2324 this
1251 2293 1357 2323 letter
1373 2301 1430 2322 see
1447 2291 1509 2331 Ep.
1526 2302 1600 2331 901.
1622 2293 1661 2322 18
1677 2290 1731 2331 n.]

344 2382 576 2412 MARTINVS
607 2381 789 2411 LYPSIVS
821 2381 1159 2411 BRVXELLENSIS
1192 2379 1357 2409 EXIMIO
1389 2378 1558 2408 SACRAE
1589 2377 1877 2408 THEOLOGIAE

662 2450 934 2480 PROFESSORI
964 2450 1006 2479 D.
1039 2449 1217 2479 ERAsMO
1248 2447 1567 2479 ROTERODAMO.

372 2532 478 2570 LEGI
498 2531 758 2581 iurgatricem
774 2511 994 2580 epsstolam
1010 2532 1137 2577 tuam,
1152 2529 1217 2567 vir
1235 2527 1526 2575 eruditissime,
1542 2529 1582 2565 at
1602 2540 1687 2565 non
1701 2526 1791 2565 sine
1812 2525 1910 2574 risu,

320 2597 427 2646 quod
457 2595 562 2634 mihi
592 2595 942 2645 plane‘videreris
966 2596 1012 2633 in
1038 2594 1120 2632 alio
1141 2594 1320 2644 quodam
1340 2592 1493 2631 versari
1512 2591 1681 2630 mundo.
1742 2590 1917 2640 Quando

320 2662 434 2700 enim
454 2663 525 2700 aut
545 2660 616 2699 vbi
635 2673 846 2699 censorem
866 2660 930 2710 egi
944 2659 1010 2699 vel
1030 2660 1140 2698 vitae
1161 2658 1225 2698 vel
1244 2658 1477 2697 studiorum
1497 2660 1665 2696 tuorum
1677 2659 1698 2695 ἰ)
1754 2657 1910 2703 Fateor,

366 2758 438 2788 899.
465 2767 518 2796 32.
546 2756 607 2787 ille
619 2760 687 2794 post
701 2757 751 2787 sic
767 2759 841 2787 aad.
859 2758 892 2789 β.
996 2766 1049 2796 33.
1075 2757 1118 2786 Et
1137 2757 1257 2786 tamen
1276 2764 1452 2794 nusquam
1469 2765 1488 2783 α
1505 2765 1512 2784 z
1536 2754 1721 2793 Nusquam
1737 2756 1859 2785 tamen
1875 2753 1910 2786 β.

323 2810 375 2839 43.
402 2800 515 2831 videri
531 2812 550 2830 α
567 2812 573 2830 :
596 2801 720 2831 haberi
735 2801 769 2834 β.

368 2900 441 2929 599,
458 2900 509 2929 28.
529 2898 609 2928 Non
621 2897 809 2937 affectetis]
828 2898 922 2937 Aug.
935 2899 994 2934 Ep.
1009 2906 1046 2926 21
1056 2906 1081 2926 1.
1196 2868 1248 2934 gg.
1265 2894 1308 2925 de
1319 2894 1540 2936 Augustino]
1553 2894 1606 2925 Cf.
1613 2894 1676 2934 Ep.
1685 2895 1829 2933 844.124
1841 2901 1914 2932 seq.

329 2951 367 2971 10
385 2953 391 2971 ι
415 2941 632 2981 reproduced
656 2942 695 2972 in
712 2941 770 2972 his
786 2943 903 2979 Requla
922 2943 965 2971 ad
983 2951 1085 2970 seruos
1196 2940 1248 2976 48.
1274 2940 1418 2978 propter
1445 2937 1614 2978 famulos]
1645 2937 1701 2970 Cf.
1723 2938 1811 2977 Epp.
1833 2944 1910 2975 901.

326 2987 391 3023 Dei,
410 2984 527 3024 Migne
544 2985 566 3015 i.
589 2985 684 3023 1380.
1157 2982 1248 3021 15-8‚
1267 2991 1344 3020 902.
