2034 3433
284 146 337 186 66
752 149 1005 189 LETTERS
1043 149 1113 189 OF
1151 150 1417 191 ERASMUS
1758 147 1796 202 [1
1806 159 1827 197 5
1837 161 1851 186 1
1861 158 1881 198 7

329 251 403 283 The
420 251 595 283 Bodleian
613 251 678 283 has
702 262 722 283 a
744 251 880 283 vellum
903 261 991 291 copy
1008 251 1130 291 (Arch.
1150 251 1252 283 Bodl.
1272 252 1314 284 D.
1330 253 1425 285 subt.
1445 252 1498 292 15)
1517 252 1556 283 of
1569 251 1751 283 Linacre's
1767 253 1883 284 trans-

287 295 401 326 lation
418 296 456 326 of
468 295 611 327 Galen’s
627 298 671 326 De
689 297 946 332 Tempe-amentis
964 294 1204 336 (Cambridge,
1222 296 1244 326 J
1247 319 1255 327 .
1274 296 1431 337 Siberch,
1454 296 1565 337 1521),
1582 295 1703 326 which
1718 296 1882 327 Tunstall

284 338 475 378 presented
496 340 534 369 to
558 338 794 378 Sparcheford
818 339 858 369 in
884 347 980 377 1530.
1026 338 1082 368 An
1109 339 1234 370 erased
1250 349 1313 371 ms.
1334 340 1550 379 inscription
1567 339 1604 370 at
1619 339 1682 369 the
1699 339 1770 370 end
1785 341 1883 379 gives

286 382 351 413 the
368 382 449 414 date
465 382 503 413 of
515 381 781 422 Sparcheford’s
797 381 935 422 death.]

492 469 587 500 DES.
616 468 825 499 ERASMVS
855 469 1189 499 ROTERODAMVS
1219 469 1420 501 RICARDO
1452 470 1535 501 SVO
1567 470 1601 503 S.
1625 470 1668 500 D.

341 549 433 588 NON
454 562 499 587 eo
524 549 769 599 scripseram
790 550 839 588 de
860 542 1017 589 Ioanne
1036 564 1128 589 meo
1152 552 1200 590 vt
1219 551 1341 590 illum
1367 551 1585 591 Tunstallo
1605 551 1879 599 obtruderem,

284 614 354 652 sed
376 616 422 652 vt
441 615 606 663 gratum
630 614 817 664 facerem,
842 615 877 653 si
906 615 984 654 hoc
1009 615 1075 654 illi
1101 615 1246 655 fuisset
1272 617 1395 655 cordi.
1454 617 1661 656 Animum
1689 629 1785 666 erga
1813 630 1881 655 me

285 683 407 717 tuum
445 681 530 718 tam
578 681 791 718 amantem
829 694 874 719 ac
919 694 1174 731 propensum
1219 682 1443 732 amplector
1487 685 1610 733 atque
1656 682 1880 721 exosculor.

287 743 427 794 Perge,
457 745 518 782 mi
543 745 717 784 Ricarde
750 746 1001 795 charissime,
1030 747 1267 797 purissimis
1293 747 1480 786 moribus
1507 761 1633 798 puras
1660 747 1883 798 adiungere

249 809 266 838 5
286 809 433 858 literas,
459 809 623 859 quando
643 811 688 849 in
707 811 786 850 hoc
807 825 895 851 esse
913 814 955 851 te
974 812 1109 852 video.
1166 813 1281 852 Bene
1300 813 1401 852 vale.
1513 862 1516 866 ι

340 874 525 923 Louanii,
547 875 677 925 pridie
705 875 873 916 Oalend.
899 878 1107 928 Septemb.
1128 879 1256 917 Anno
1275 891 1477 917 M.D.XV11.

661 1008 757 1048 645.
819 1006 883 1048 To
914 1008 1106 1050 GERARD
1138 1008 1503 1054 GELDENHAUER.

332 1095 558 1144 Nouiomagi
575 1096 751 1143 Epistola
767 1098 828 1134 tit.
847 1102 886 1133 v⁰
903 1099 965 1144 (a).
1578 1099 1753 1136 Louvain.

333 1154 370 1189 F.
388 1167 424 1201 p.
443 1164 533 1200 473:
560 1155 652 1191 HN:
680 1156 798 1192 Lond.
819 1157 882 1192 xii.
905 1168 947 1202 9:
976 1157 1048 1193 LB.
1069 1160 1149 1194 266.
1506 1169 1546 1203 31
1567 1158 1714 1205 August
1735 1167 1834 1203 1517.

329 1235 378 1276 [A
393 1237 688 1277 commendatory
712 1238 821 1270 letter
841 1238 989 1278 printed
1011 1239 1102 1270 with
1123 1242 1261 1277 Epistola
1286 1242 1417 1271 Gerarclz·
1436 1242 1625 1278 Nouiomayi
1643 1243 1680 1270 cle
1701 1241 1884 1277 triumphali

285 1281 425 1317 inssressu
444 1282 653 1311 illustrissimi
669 1284 826 1319 principis
843 1285 985 1320 Philippi
1008 1286 1042 1313 de
1061 1286 1258 1323 Buryundia,
1277 1286 1358 1315 electi
1378 1288 1405 1315 et
1425 1287 1599 1321 confirmati
1612 1286 1763 1314 Ecclesiae
1779 1285 1884 1314 Traie-

285 1325 404 1363 ctensis,
423 1325 458 1354 in
475 1326 621 1355 ditionem
636 1335 741 1365 suam,
761 1325 937 1364 Louvain,
955 1326 1021 1359 Th.
1042 1327 1211 1367 Martens,
1229 1338 1291 1359 s.a.
1315 1327 1599 1359 Geldenhauer’s
1620 1327 1747 1367 epistle
1769 1328 1800 1358 is
1822 1327 1881 1357 ad—

283 1366 428 1397 dressed
444 1369 481 1398 to
496 1367 595 1398 John
618 1369 825 1400 Paludanus
845 1369 924 1410 (Ep.
946 1370 1008 1401 180
1031 1370 1181 1411 introd.)
1202 1371 1295 1402 from
1310 1371 1372 1402 the
1389 1370 1552 1412 Bishop's
1567 1371 1658 1402 villa
1673 1372 1710 1402 at
1725 1370 1820 1410 Wyk
1836 1371 1883 1410 by

283 1410 486 1441 Duurs'tede
503 1421 549 1441 on
569 1411 629 1442 the
647 1412 731 1452 Lek,
747 1422 787 1451 25
801 1413 884 1454 May
904 1423 997 1453 1517,
1012 1414 1083 1446 and
1098 1415 1275 1447 describes
1290 1415 1353 1446 the
1366 1416 1583 1447 ceremonies
1595 1415 1634 1446 of
1645 1415 1707 1446 the
1718 1413 1883 1454 Bishop's

282 1455 389 1493 entry
405 1455 482 1485 into
499 1455 653 1486 Utrecht
673 1465 776 1496 19-22
793 1457 886 1496 May.

326 1497 400 1528 The
418 1498 501 1529 date
517 1499 548 1530 is
564 1499 761 1530 confirmed
778 1501 825 1540 by
840 1501 904 1532 the
920 1502 1088 1533 mention
1104 1502 1142 1533 of
1152 1502 1216 1533 the
1234 1505 1357 1540 Querela
1373 1505 1474 1543 Pacis,
1494 1512 1551 1534 see
1567 1513 1625 1543 pp.
1646 1512 1696 1543 13,
1714 1501 1763 1542 4.]

402 1597 609 1627 ERASMVS
640 1599 974 1630 ROTERODAMVS
1005 1600 1218 1631 GERARDO
1249 1601 1517 1632 NOVIOMAGO
1549 1601 1631 1631 SVO
1663 1601 1696 1633 S.
1723 1601 1767 1631 D.

337 1678 587 1717 CLARISSIMI
620 1680 820 1730 principis
849 1681 1038 1732 Philippi
1062 1695 1085 1721 a
1107 1683 1348 1732 Burgondia
1371 1683 1583 1722 Praesulis
1606 1682 1880 1731 Vltraiectini,

282 1744 346 1781 tui
374 1743 625 1783 Moecenatis
648 1747 700 1793 et,
728 1746 810 1785 nisi
839 1746 1014 1793 inuidos,
1037 1748 1145 1786 mihi
1173 1750 1312 1787 tecum
1336 1748 1584 1796 communis,
1606 1739 1883 1798 inauguratio-

282 1822 380 1847 nem
400 1805 509 1847 adeo'
520 1810 714 1860 graphice
732 1812 1028 1862 perspicueque
1049 1813 1282 1863 depinxisti,
1305 1816 1351 1852 vt
1370 1813 1511 1852 minus
1530 1813 1697 1852 visurus
1716 1813 1878 1860 fuerim,

282 1874 318 1912 si
336 1873 424 1923 ipse
446 1875 610 1925 pompis
638 1876 833 1915 omnibus
863 1877 1161 1916 interfuissem.
1220 1878 1457 1928 Perplacuit
1487 1879 1629 1916 autem
1655 1878 1762 1928 quod
1791 1892 1881 1917 rem

247 1945 263 1975 5
283 1938 479 1978 historica
506 1939 588 1978 fide
613 1943 881 1991 persequeris,
913 1955 1029 1981 secus
1056 1956 1180 1993 quam
1205 1942 1358 1992 vulgus
1384 1943 1636 1993 scriptorum
1658 1942 1781 1991 facit3
1811 1944 1882 1994 qui

284 2004 329 2042 in
359 2003 602 2043 huiusmodi
625 2007 884 2056 argumentis
914 2008 1050 2046 multa
1083 2008 1219 2046 solent
1245 2010 1460 2058 ἐπιμετρεῖν,
1485 2008 1562 2046 hoc
1587 2009 1650 2046 est
1677 2008 1880 2057 admetiri,

282 2081 334 2107 ne
354 2069 487 2108 dicam
507 2070 744 2110 admentiri.
796 2073 866 2111 An
887 2072 1083 2123 gratulari
1104 2073 1274 2112 debeam
1294 2072 1502 2122 Philippo,
1522 2073 1712 2111 nondum
1731 2074 1860 2113 statui
1872 2089 1882 2122 ;

282 2134 354 2184 qui
373 2136 412 2173 et
433 2135 530 2172 ante
550 2138 790 2187 susceptum
821 2137 1024 2176 honorem
1048 2137 1178 2177 istum
1198 2138 1286 2177 suis
1305 2137 1437 2188 ipsius
1463 2137 1630 2177 dotibus
1649 2141 1736 2177 erat
1754 2140 1882 2179 maxi-

282 2211 391 2247 mus,
430 2201 471 2238 et
508 2200 609 2239 adeo
653 2214 739 2240 non
777 2202 926 2241 ambiit
964 2204 1010 2242 vt
1048 2205 1313 2242 recusaturus
1350 2203 1487 2252 fuerit,
1530 2204 1576 2242 ni
1612 2203 1690 2243 hoc
1727 2205 1882 2254 patriae

225 2270 264 2293 ¹0
283 2264 511 2303 commodis
547 2267 589 2303 et
628 2266 763 2305 Caroli
803 2267 1012 2317 Principis
1051 2268 1268 2307 affectibus
1309 2269 1500 2308 dedisset.
1574 2269 1693 2308 Certe
1731 2269 1882 2309 diocesi

281 2330 467 2379 gratulor
495 2330 561 2379 (ad
591 2332 708 2370 cuius
736 2333 1076 2373 communionem
1105 2336 1147 2372 et
1179 2334 1267 2384 ipse
1299 2334 1515 2384 pertineo),
1552 2333 1619 2373 cui
1656 2335 1753 2373 talis
1786 2349 1880 2374 con-

281 2394 423 2444 tigerit
449 2396 490 2434 et
517 2395 715 2448 Princeps
743 2400 783 2436 et
815 2398 1054 2449 Episcopus,
1079 2399 1151 2449 qui
1170 2413 1243 2449 pro
1269 2399 1470 2449 singulari
1490 2399 1709 2450 prudentia
1727 2413 1881 2450 proque

281 2472 446 2499 summa
477 2473 644 2501 morum
678 2462 917 2513 integritate
950 2465 1067 2503 iuxta
1104 2477 1260 2503 munus
1291 2466 1514 2514 vtrumque
1543 2464 1597 2502 sit
1625 2463 1879 2513 expleturus.

280 2522 331 2562 Id
350 2527 398 2565 vt
417 2526 621 2566 confidam
642 2528 739 2578 fore,
762 2542 847 2568 non
863 2529 999 2568 solum
1019 2529 1151 2579 ipsius
1166 2532 1314 2568 natura
1332 2529 1432 2567 facit
1447 2528 1556 2567 nihil
1570 2542 1654 2567 non
1669 2530 1880 2580 egregium

221 2598 261 2630 15
279 2589 492 2641 pollicens,
513 2605 659 2631 verum
678 2594 805 2632 etiam
825 2597 940 2644 pater
960 2594 1183 2644 Philippus
1205 2594 1468 2644 Burgondiae
1489 2594 1584 2642 dux,
1606 2608 1687 2644 quo
1706 2595 1880 2635 saeculis

281 2653 436 2706 aliquot
459 2657 602 2697 nullus
626 2659 801 2710 contigit
832 2660 930 2698 huic
959 2659 1118 2709 regioni
1144 2660 1342 2709 Princeps
1368 2658 1578 2708 laudatior,
1609 2661 1696 2699 siue
1724 2663 1881 2711 spectes

280 2731 374 2758 vere
403 2721 558 2771 regiam
591 2723 722 2762 animi
753 2724 1091 2774 magnitudinem
1124 2725 1212 2763 siue
1245 2737 1382 2762 raram
1416 2725 1627 2775 quandam
1656 2740 1751 2777 erga
1784 2739 1881 2766 suos

280 2783 523 2825 charitatem
543 2787 634 2826 siue
652 2788 764 2837 pacis
784 2789 955 2828 alendae
977 2789 1165 2828 studium
1186 2789 1273 2827 siue
1295 2803 1461 2828 morum
1481 2790 1720 2831 comitatem
1740 2794 1874 2842 atque,

323 2888 396 2918 644.
419 2897 445 2918 1.
464 2899 503 2919 eo
519 2892 593 2920 DF:
617 2900 679 2930 ego
702 2893 739 2922 E.
821 2893 852 2923 6.
871 2892 981 2924 Anno
996 2902 1153 2924 M.D.xvn
1169 2895 1241 2924 add.
1261 2895 1304 2924 H.
1388 2893 1460 2925 645.
1490 2903 1520 2924 1.
1536 2894 1823 2926 Vltratraiectini
1837 2896 1877 2926 F.

322 2986 395 3017 644.
425 2997 454 3019 1.
476 2987 628 3030 Ioanne]
646 2989 779 3028 Smith,
797 2990 878 3023 who
894 3000 967 3022 was
983 3001 1064 3023 now
1080 2991 1226 3033 seeking
1244 2991 1395 3032 English
1412 2994 1545 3025 service
1562 3004 1570 3033 3
1595 2994 1638 3027 cf.
1658 2995 1721 3035 Ep.
1741 2994 1816 3032 829.
