2034 3433
380 149 459 189 614

341 266 359 300 5
379 254 460 303 sis;
489 254 627 294 omnia
646 251 826 303 pertulit.

838 148 1086 188 LETTERS
1123 148 1193 188 OF
1229 147 1491 188 ERASMUS

1826 148 1950 204 [1519

885 251 1026 302 Neque
1045 264 1119 301 ego
1136 251 1302 301 segnius
1325 263 1413 289 rem
1432 251 1571 290 curaui
1590 253 1716 300 tuam,
1734 253 1777 290 et
1795 252 1951 292 Princi-

376 332 471 369 pem
485 318 608 357 habui
628 318 676 356 ad
698 317 740 356 id
760 316 971 367 negotium
985 316 1167 356 alacrem.
1219 316 1316 355 Non
1335 316 1478 367 egebat
1496 317 1710 367 praeconio
1725 330 1816 356 meo
1830 319 1948 358 tuum

377 396 541 431 munus,
562 381 733 421 ornabat
754 382 891 432 ipsum
916 382 1046 420 semet
1070 381 1240 420 abunde.

1299 381 1356 419 Vt
1382 381 1554 430 legendo
1576 383 1840 432 percurrerat,
1864 383 1950 421 ‘En

376 448 544 497 dignam
559 448 567 462 ⁹
585 447 722 497 inquit
743 448 752 465 ⁴
766 447 937 485 Erasmo
957 458 1043 484 rem
1061 447 1070 484 1
1099 446 1156 484 sic
1176 446 1248 484 1110
1266 447 1312 484 vt
1331 446 1402 484 diu
1425 445 1561 495 faciat,
1581 446 1652 485 diu
1678 446 1797 485 nobis
1815 459 1949 496 super-

375 512 452 551 sit!
468 512 478 529 ’
503 513 770 562 precatusque
794 512 856 550 est
884 510 1125 549 felicitatem
1148 510 1225 548 tibi
1249 523 1441 559 omnem;
1468 510 1618 560 plenus
1645 511 1822 561 optimae
1841 511 1892 550 de
1908 513 1953 550 te

318 592 357 615 10
374 577 471 628 spei,
499 577 650 627 quippe
681 576 878 626 intelligit
908 589 1032 626 quam
1060 578 1106 615 tu
1134 576 1267 614 lucem
1295 575 1454 624 studiis,
1487 575 1594 625 quod
1622 576 1817 615 studiosis
1844 589 1953 615 com·

374 642 545 681 modum
564 642 749 680 inuehas.
798 640 921 679 Venit
942 642 1034 691 post
1054 640 1391 679 Stromer—nam
1411 640 1455 679 in
1475 640 1652 680 Saxonia
1670 654 1838 680 vxorem
1853 641 1947 680 dux-

374 708 467 755 erat,
491 720 621 757 neque
640 706 782 745 statim
802 707 1000 756 sequutus
1018 706 1102 744 erat
1122 705 1258 744 aulam
1277 719 1287 753 ;
1316 705 1388 755 qui
1406 718 1499 744 cum
1518 706 1592 744 tua
1609 705 1793 756 alioquin
1812 706 1950 745 omnia

374 772 505 822 magis
533 785 656 822 quam
688 771 825 810 credat
852 770 1002 821 aliquis
1028 770 1265 819 admiretur,
1297 772 1387 808 tum
1415 770 1481 808 vel
1509 770 1716 820 imprimis
1743 770 1820 809 hoc
1847 784 1949 822 opus

373 837 523 875 adorat.

595 835 835 886 Gregorium
873 836 1074 885 Coppum,
1104 835 1280 874 alterum
1318 834 1525 885 Principis
1561 835 1778 884 medicum,
1813 835 1949 876 fecisti

315 918 352 951 ¹5
371 904 506 940 totum
526 902 785 940 Erasmicum
805 917 814 947 3
842 900 964 939 habet
983 902 1078 938 tuos
1102 899 1261 938 labores
1283 899 1329 937 in
1354 899 1546 938 manibus
1575 913 1745 951 semper,
1768 900 1953 952 legitque

371 969 417 1006 vt
448 966 519 1005 vix
546 966 651 1005 alius
678 966 807 1005 auide.

371 1031 541 1070 medicis
559 1032 677 1070 aiunt
694 1029 903 1080 theologos
924 1030 1054 1068 facere
1073 1033 1125 1068 te.

877 965 968 1004 Hoc
1006 965 1174 1003 nomine
1212 965 1448 1003 irascuntur
1475 964 1554 1003 tibi
1586 964 1722 1014 multi,
1755 966 1863 1015 quod
1897 979 1949 1005 ex

1183 1029 1275 1068 Iam
1300 1031 1341 1068 et
1365 1029 1650 1069 iureconsultis
1672 1030 1870 1069 molestus
1890 1044 1945 1079 es,

370 1097 570 1147 quosdam
600 1110 624 1135 a
652 1096 851 1135 Bartholo
880 1096 1134 1134 transuersos
1160 1108 1307 1145 agens;
1341 1094 1412 1144 qui
1435 1094 1480 1132 in
1508 1095 1592 1134 tuis
1614 1109 1725 1134 nunc
1751 1095 1944 1145 otiantur,

370 1162 512 1200 relicto
545 1162 711 1212 penitus
743 1161 841 1199 foro.

315 1240 353 1263 20
370 1227 572 1275 intuleris,
601 1227 733 1266 adhuc
757 1225 920 1264 miraris
946 1225 1055 1275 quod
1081 1227 1123 1263 te
1148 1224 1346 1264 oderint?

899 1160 1086 1199 Eandem
1123 1160 1280 1198 cladem
1311 1159 1653 1210 theologistarum
1683 1160 1821 1199 studio
1852 1174 1947 1200 cum

1400 1224 1574 1264 Faciunt
1600 1225 1738 1276 ipsum
1765 1225 1842 1265 hoc
1870 1238 1947 1265 suo

370 1293 545 1344 quodam
564 1293 652 1330 iure
669 1307 678 1339 ;
706 1304 802 1330 nam
821 1291 923 1329 bene
941 1303 1032 1329 raro
1049 1290 1207 1328 faciunt
1225 1289 1392 1340 aliquid.

423 1357 518 1396 Fuit
536 1360 672 1396 totum
690 1357 755 1395 1110
776 1369 963 1394 mensem
987 1368 1140 1403 rumor,
1164 1357 1206 1394 et
1225 1355 1342 1393 credo
1365 1355 1416 1393 ad
1438 1368 1511 1394 vos
1536 1368 1664 1406 vsque
1681 1356 1882 1406 peruenit,
1902 1357 1946 1396 in

370 1422 478 1462 bello
499 1423 735 1462 occubuisse
754 1437 831 1462 me.

892 1421 981 1459 Hoc
998 1419 1064 1458 illi
1081 1419 1333 1468 exultabant,
1351 1419 1429 1458 hoc
1448 1420 1771 1470 triumphabant.

1831 1421 1947 1470 Quod

369 1488 505 1537 siquid
538 1488 645 1526 mihi
676 1488 896 1535 accidisset,
929 1487 1086 1524 certum
1118 1485 1248 1523 habeo
1276 1497 1301 1522 a
1329 1484 1495 1524 Christo
1522 1486 1601 1524 1100
1631 1485 1873 1536 impetrasse
1903 1499 1947 1526 se

312 1563 349 1595 25
370 1553 550 1592 dicturos
578 1553 726 1592 fuisse:
754 1553 839 1592 iam
867 1551 949 1590 scio
977 1550 1090 1588 enim
1113 1550 1220 1588 male
1243 1549 1398 1600 precari
1422 1550 1551 1589 nobis.

750 1619 812 1657 Tu
832 1630 928 1656 vero
953 1628 1036 1654 non
1056 1615 1178 1653 debes
1202 1617 1346 1665 putare
1370 1618 1411 1654 te
1435 1616 1512 1654 hoc
1534 1616 1759 1665 perdidisse
1780 1618 1946 1667 tempus

367 1618 531 1656 Latomi
549 1619 591 1656 et
608 1618 690 1656 risi.

1611 1550 1711 1602 Legi
1733 1551 1944 1601 dialogum

369 1684 477 1734 quod
506 1684 741 1723 scribendae
766 1682 991 1733 Apologiae
1017 1681 1192 1728 dedisti3
1220 1694 1319 1720 nam
1348 1681 1389 1720 id
1419 1681 1538 1720 nobis
1566 1682 1705 1731 magni
1729 1682 1834 1721 lucri
1858 1682 1946 1721 vice

366 1748 457 1787 fuit.

421 1813 536 1862 Quod
573 1813 718 1852 scribis
755 1813 805 1851 de
842 1811 1112 1858 Ferdinando,
1147 1812 1251 1849 mire
1287 1811 1418 1861 placet
1457 1811 1593 1850 studia
1630 1814 1773 1851 nostra
1807 1825 1946 1852 amare

311 1892 349 1923 30
367 1878 675 1918 adolescentem.
733 1878 911 1917 Erexisti
935 1877 1122 1916 animum
1146 1876 1262 1925 mihi,
1286 1877 1467 1926 speranti
1489 1876 1575 1915 fore
1599 1878 1646 1916 vt
1674 1877 1785 1916 orbis
1809 1877 1944 1928 capita

367 1944 564 1983 aduersus
609 1943 834 1982 barbariem
880 1942 1097 1981 nobiscum
1143 1941 1387 1991 conspirent.

1465 1942 1666 1980 Albertus
1712 1941 1945 1982 Cardinalis

367 2011 533 2047 strenue
561 2022 636 2047 nos
663 2011 812 2054 tuetur,
832 2021 977 2058 meque
1005 2007 1138 2045 adhuc
1166 2006 1287 2045 habet
1310 2006 1546 2056 liberaliter,
1571 2009 1613 2046 et
1637 2007 1700 2047 tui
1728 2007 1942 2058 desyderio

365 2076 527 2112 tenetur
557 2073 755 2112 maximo.

811 2073 960 2124 Inique
993 2072 1092 2111 facis
1122 2071 1193 2122 qui
1224 2074 1265 2109 te
1295 2084 1379 2110 non
1407 2072 1529 2111 offers
1555 2071 1634 2120 illi,
1663 2085 1747 2111 non
1776 2073 1945 2112 credens

366 2139 472 2178 mihi
494 2139 616 2178 toties
643 2139 838 2178 clamanti
866 2151 1110 2188 propensam
1137 2137 1252 2176 illius
1279 2150 1374 2187 erga
1400 2139 1441 2175 te
1469 2136 1783 2188 benignitatem.
1838 2138 1944 2177 Mihi

308 2219 346 2251 35
366 2204 574 2243 commisit
606 2217 758 2242 munus
792 2217 871 2254 quo
900 2205 941 2242 te
970 2203 1153 2243 vicissim
1184 2202 1368 2242 honorat.

413 2349 460 2369 11.
485 2338 655 2379 Stromer]
674 2338 730 2369 He
746 2338 817 2368 had
840 2337 994 2368 married
1014 2337 1121 2368 Anna

366 2382 629 2414 Hummelhain
666 2384 702 2413 at
740 2381 881 2421 Leipzig
908 2382 946 2412 in
974 2381 1122 2419 March3

365 2436 421 2457 see
437 2426 500 2465 Ep.
516 2427 578 2464 578
594 2425 726 2456 introd.

411 2478 459 2507 14.
479 2468 650 2509 Coppum]
663 2469 699 2499 of
707 2468 814 2508 Calw,
826 2478 852 2499 s.
866 2468 904 2499 of
911 2468 1119 2499 Pforzheim.

364 2511 466 2543 With
501 2513 656 2543 Stromer
689 2512 734 2543 he
767 2521 840 2542 was
870 2511 1059 2551 physician
1086 2513 1122 2543 to

363 2556 488 2587 Albert
504 2556 543 2587 of
557 2556 817 2595 Brandenburg
831 2566 838 2594 3
863 2556 933 2586 and
950 2556 1035 2586 thus
1049 2565 1121 2586 was

363 2600 517 2639 brought
547 2599 625 2630 into
661 2601 799 2630 contact
836 2599 927 2629 with
966 2598 1117 2637 Hutten,

364 2642 482 2673 whom
510 2642 557 2673 he
586 2642 713 2682 helped
743 2643 782 2673 in
810 2642 873 2672 the
902 2645 944 2673 De
972 2645 1116 2681 Guaiaco,

365 2685 491 2725 Mainz,
504 2686 534 2717 J.
552 2686 715 2724 Scheffer,
730 2685 833 2725 April
849 2694 932 2726 1519
944 2685 1034 2726 (HE.
1046 2686 1117 2726 98).

363 2729 433 2760 His
448 2729 533 2768 only
547 2729 736 2768 published
755 2729 851 2760 work
871 2730 902 2760 is
922 2739 943 2760 a
960 2729 1067 2760 letter
1082 2731 1119 2759 to

364 2773 530 2812 Stromer,
540 2773 738 2812 discussing
747 2774 754 2788 ‘
763 2775 897 2803 statum
904 2772 1119 2812 reipublicae

364 2815 586 2847 Christianae
606 2816 672 2847 hoc
695 2816 811 2847 seculo
837 2816 1086 2855 degenerantis
1098 2815 1117 2855 ',

365 2860 508 2889 written
524 2869 563 2899 31
581 2860 669 2899 Aug.
690 2869 773 2899 1520
785 2860 875 2890 from
893 2859 1116 2899 Magdeburg‚

365 2901 521 2932 whither
550 2903 595 2933 he
626 2902 697 2934 had
726 2902 955 2942 temporarily
988 2903 1119 2934 retired

365 2944 455 2975 from
485 2945 542 2976 his
572 2946 690 2977 duties
722 2947 760 2976 in
800 2946 902 2976 order
939 2949 975 2977 to
1012 2946 1121 2985 study

365 2987 527 3033 Hebrew,
560 2990 631 3019 and
662 2989 805 3029 printed
845 2989 933 3020 with
977 2999 1042 3021 one
1086 2989 1125 3020 of

1425 2203 1573 2241 Patera
1602 2205 1665 2242 est
1696 2216 1746 2242 ex
1776 2207 1944 2254 argento

1188 2337 1347 2367 Stromer
1373 2337 1404 2375 (7
1427 2337 1510 2368 Jan.
1531 2347 1623 2379 1520,
1648 2339 1874 2382 Aldenburg)
1898 2351 1944 2373 on

1187 2379 1248 2410 the
1258 2389 1354 2410 same
1365 2381 1495 2420 theme,
1509 2381 1555 2420 by
1564 2382 1609 2413 M.
1621 2382 1780 2424 Lotther‚
1791 2384 1943 2426 Leipzig,

1187 2433 1214 2454 0.
1231 2423 1325 2463 Sept.
1348 2433 1431 2462 1520
1448 2424 1540 2464 (HE.
1561 2425 1649 2466 195).
1695 2426 1758 2457 See
1771 2428 1813 2460 G.
1826 2428 1944 2460 Wust-

1188 2467 1327 2497 mann's
1342 2467 1403 2497 life
1419 2467 1457 2498 of
1470 2468 1639 2509 Stromer,
1656 2479 1712 2509 pp.
1727 2471 1825 2511 36-9.

1231 2511 1279 2541 18.
1306 2510 1490 2552 Bartholo]
1508 2511 1571 2542 See
1588 2513 1650 2552 Ep.
1670 2522 1740 2552 134.
1755 2516 1846 2547 2611.

1229 2563 1280 2592 25.
1305 2554 1482 2594 dialogum
1509 2555 1665 2596 Latomi]
1695 2557 1747 2589 Of.
1773 2558 1836 2598 Ep.
1863 2568 1937 2599 934.

1182 2606 1203 2636 3
1219 2606 1281 2629 nn.

1223 2650 1277 2680 29.
1302 2640 1543 2684 Ferdinando]
1559 2643 1611 2674 Cf.
1628 2643 1693 2683 Ep.
1708 2654 1783 2683 917.
1799 2655 1839 2677 10
1853 2656 1888 2678 n.

1225 2693 1278 2723 35.
1305 2684 1445 2726 Patera]
1486 2686 1531 2716 In
1568 2687 1630 2717 the
1673 2688 1864 2730 inventory
1908 2692 1946 2722 of

1182 2728 1362 2758 Erasmus'
1389 2731 1555 2769 property
1585 2730 1687 2762 made
1720 2731 1768 2770 by
1800 2733 1943 2765 Gilbert

1183 2771 1372 2811 Cognatus,
1398 2781 1438 2802 10
1460 2772 1564 2812 April
1599 2782 1680 2812 1534
1713 2774 1833 2815 (Basle
1867 2777 1940 2810 MS.

1184 2814 1220 2845 C.
1238 2814 1322 2845 VII.
1344 2824 1393 2853 19,
1418 2825 1451 2855 p.
1477 2817 1523 2856 2),
1550 2816 1624 2847 this
1646 2819 1677 2848 is
1699 2817 1881 2851 described
1903 2830 1941 2851 as

1188 2857 1380 2889 ‘Poculum
1408 2859 1540 2898 duplex
1572 2860 1698 2900 ingens
1735 2865 1941 2903 argenteum

1183 2901 1400 2941 inauratum,
1428 2903 1595 2942 vtrinque
1620 2904 1755 2935 habens
1784 2907 1940 2947 insignia

1183 2944 1323 2975 Alberti
1337 2944 1536 2977 Cardinalis
1547 2946 1761 2989 Moguntini,
1774 2949 1837 2989 qui
1848 2950 1940 2981 dono

1184 2987 1284 3018 dedit
1297 2986 1316 3019 '.
1374 2988 1418 3018 In
1443 2989 1501 3019 his
1525 2990 1613 3031 will,
1646 2991 1752 3023 dated
1785 3003 1823 3023 12
1854 2993 1935 3025 Feb.
