2034 3433
288 155 368 194 428
749 149 1002 190 LETTERS
1040 147 1110 186 OF
1147 143 1414 186 ERASMUS
1751 136 1792 192 [1
1803 149 1824 187 5
1834 151 1848 175 1
1857 140 1878 174 8

339 259 408 298 Ad
428 258 664 308 proximum
686 257 915 293 mercatum
928 252 1059 291 exibit
1074 251 1242 290 Nouum
1253 247 1569 287 Testamentum
1585 243 1687 282 satis
1705 242 1881 281 feliciter

287 325 535 363 absolutum.
596 323 740 361 Cetera
765 319 939 365 videbis,
967 319 1039 356 aut
1064 317 1148 355 iam
1172 314 1331 361 vidisti,
1355 313 1400 351 in
1419 309 1618 360 Angliam
1644 307 1878 357 importata.

288 390 550 439 Argumenta
578 388 623 425 in
651 399 798 424 omnes
817 383 1115 435 Apostolorum
1145 379 1355 430 Epistolas
1383 390 1475 416 mea
1501 376 1587 414 iam
1609 372 1879 419 excuduntur,

225 472 267 502 40
290 455 335 492 in
349 454 495 492 morbo
512 451 753 501 conscripta.
786 450 854 489 Ad
871 447 1147 498 Paraphrases
1163 445 1363 494 accingar.
1398 440 1701 480 Hoechstratus
1713 436 1883 476 Colonia

288 518 483 568 expulsus
513 519 576 556 est
604 520 646 555 et
673 516 776 555 alibi
804 515 947 554 sedem
977 513 1169 562 queritat.
1230 510 1315 548 Res
1334 508 1387 547 ab
1406 503 1665 557 argumentis
1684 502 1735 540 ad
1754 501 1884 540 fustes

287 584 417 622 rediit.
478 583 533 621 In
553 583 711 632 dialogo
739 595 813 620 suo
840 582 955 618 taxat
974 578 1181 618 Comitem
1202 576 1345 614 Nouae
1363 571 1553 623 Aquilae.
1613 569 1674 608 Ea
1693 578 1759 605 res
1777 578 1882 605 com-

286 648 418 686 mouit
446 648 602 687 multos
630 647 832 686 militares
855 645 1059 691 homines,
1082 655 1185 693 quos
1209 641 1278 680 hic
1309 638 1433 678 habet
1462 638 1633 687 agnatos
1659 634 1701 671 et
1729 631 1880 670 affines.

286 713 443 764 Opinor
487 727 583 752 eum
632 713 864 751 Louanium
916 709 1301 759 commigraturum.
1362 704 1475 742 Bene
1520 700 1622 748 vale,
1671 696 1883 749 presulum

224 795 265 825 45
284 779 560 829 integerrime,
577 781 619 817 et
637 778 860 817 Erasmum
876 775 1137 821 clientulum,
1160 775 1206 812 vt
1225 771 1346 819 soles,
1367 782 1470 808 ama.
1712 782 1714 785 ·

338 845 516 883 Louanii
535 858 561 882 x
582 844 720 883 Galen.
736 842 937 881 Nouemb.

1537 898 1738 936 Erasmus
1757 896 1825 932 &c.

740 1021 836 1061 890.
897 1018 962 1059 To
995 1017 1161 1058 HENRY
1193 1015 1426 1056 BULLocK.

333 1112 518 1147 Deventer
535 1111 612 1146 MS.
632 1121 688 1156 91,
707 1111 733 1145 f.
754 1113 797 1145 28
816 1115 868 1145 νο.
1491 1096 1722 1147 (Louvain)

333 1170 405 1205 LB.
424 1172 522 1216 App.
540 1172 622 1216 296.
1386 1162 1442 1208 (e.
1461 1171 1504 1206 23
1522 1159 1687 1195 October
1706 1152 1835 1202 1518.)

333 1252 436 1293 [This
463 1252 537 1283 and
568 1252 631 1291 Ep.
656 1253 717 1291 891
744 1261 801 1281 are
829 1251 1036 1291 fragments,
1063 1248 1184 1279 which
1212 1257 1272 1278 are
1299 1246 1339 1275 in
1363 1239 1781 1291 juxtapositionftn-the
1810 1236 1885 1287 JMS.

291 1296 449 1336 through
466 1295 530 1327 the
545 1296 617 1326 loss
637 1295 675 1326 of
693 1305 714 1326 a
736 1294 811 1326 leaf
827 1296 987 1325 between
1011 1294 1047 1324 ff.
1063 1293 1163 1332 28,9;
1186 1289 1356 1331 probably
1375 1288 1467 1319 from
1483 1287 1546 1317 the
1561 1287 1771 1336 beginning,
1789 1290 1886 1312 smce

290 1340 460 1371 Erasmus
476 1340 670 1379 completes
686 1339 747 1370 the
768 1338 979 1369 unfinished
1001 1338 1168 1367 sentence
1190 1345 1236 1365 on
1259 1334 1282 1365 f.
1299 1334 1342 1363 28
1357 1335 1407 1363 v⁰.
1425 1333 1473 1371 by
1489 1329 1626 1368 adding
1645 1338 1666 1358 a
1685 1327 1755 1357 few
1770 1324 1886 1356 words

290 1384 404 1414 below
426 1384 490 1414 the
514 1383 600 1414 line.
649 1383 694 1413 In
717 1382 787 1414 LB.
804 1382 867 1412 the
887 1383 960 1413 two
981 1381 1179 1420 fragments
1200 1388 1260 1409 are
1284 1376 1429 1416 printed
1453 1385 1490 1405 as
1512 1383 1578 1404 one
1599 1373 1716 1411 letter,
1737 1370 1803 1400 but
1824 1368 1886 1398 the

291 1428 520 1467 incongruity
536 1428 567 1457 is
583 1427 765 1458 indicated
783 1427 820 1456 in
839 1436 859 1456 a
874 1425 989 1466 note.]

748 1513 955 1543 ERASMVS
987 1511 1180 1542 BOVILLO
1213 1510 1295 1540 SVO
1327 1509 1360 1537 S.
1383 1508 1426 1538 D.

342 1595 454 1643 va
473 1596 559 1644 agit
575 1608 695 1633 meus
714 1594 909 1633 Bouillus
921 1595 941 1632 ἶ)
996 1595 1067 1632 An
1088 1592 1222 1630 adhuc
1241 1603 1337 1629 cum
1353 1587 1553 1628 Fabristis
1573 1584 1730 1623 bellum
1748 1579 1887 1631 gerit‘?

288 1662 441 1710 Accepi
474 1674 580 1699 vnas
615 1663 739 1711 atque
768 1660 919 1698 alteras
947 1659 1118 1707 litteras,
1156 1656 1308 1707 quibus
1350 1652 1567 1694 testabaris
1599 1652 1640 1689 te
1673 1645 1885 1696 scripsisse

290 1726 425 1765 nescio
445 1726 544 1775 quid
564 1726 764 1765 aduersus
783 1725 887 1763 istos
907 1723 1186 1774 sycophantas
1204 1737 1214 1770 ;
1241 1733 1390 1761 verum
1410 1719 1487 1758 hoc
1515 1717 1716 1766 scriptum
1741 1711 1793 1750 ad
1816 1723 1884 1750 me

289 1805 373 1830 non
392 1791 595 1841 peruenit.

797 1879 893 1918 891.
956 1876 1020 1918 To
1049 1876 1177 1917 JOHN
1208 1874 1374 1917 COLET.

335 1968 524 2003 Deventer
539 1966 617 2002 MS.
636 1977 693 2013 91,
712 1967 737 2002 f.
756 1977 813 2012 29.
1569 1960 1749 1998 Louvain.

334 2026 408 2062 LB.
425 2026 521 2072 App.
542 2028 622 2071 296.
1490 2033 1535 2068 23
1553 2021 1716 2058 October
1735 2021 1838 2065 1518.

333 2108 455 2149 [Some
478 2107 646 2137 estimato
667 2106 706 2137 of
725 2106 788 2136 the
809 2108 955 2146 portion
978 2107 1131 2147 missing
1146 2109 1184 2138 at
1199 2107 1262 2138 the
1277 2107 1477 2146 beginning
1494 2105 1552 2144 (cf.
1571 2104 1633 2144 Ep.
1651 2103 1717 2142 890
1733 2099 1885 2138 introd.)

289 2161 372 2191 may
389 2152 431 2182 be
447 2151 587 2181 formed
603 2150 694 2181 from
712 2150 775 2180 the
790 2150 1092 2190 correspondence
1107 2151 1146 2181 of
1158 2151 1181 2182 1.
1204 2160 1217 2181 1
1236 2150 1321 2181 here
1337 2150 1429 2181 with
1445 2150 1506 2190 Ep.
1525 2149 1604 2180 888.
1617 2147 1665 2188 8.]

344 2258 355 2267 .
378 2257 387 2266 .
412 2257 420 2265 .
444 2229 486 2265 et
514 2239 604 2265 ecce
645 2227 754 2276 apud
775 2226 1089 2276 Aquisgranum
1117 2226 1163 2265 in
1193 2226 1381 2266 subitum
1410 2227 1586 2266 exitium
1619 2226 1889 2278 precipitatus

290 2306 395 2332 sum.
455 2292 618 2330 Partim
647 2305 764 2342 equo,
807 2291 961 2341 partim
999 2292 1205 2331 vehiculis
1243 2293 1482 2343 deportatus
1517 2305 1613 2332 sum
1651 2292 1885 2331 Louanium

293 2358 362 2396 vix
393 2357 635 2405 semiuiuus,
658 2370 752 2396 cum
779 2357 914 2396 tribus
942 2357 1151 2396 vlceribus
1178 2360 1219 2396 et
1246 2357 1467 2408 glandibus
1495 2357 1679 2405 duabus3
1709 2370 1887 2408 quarum

295 2424 423 2462 altera
459 2422 641 2471 euanuit,
675 2422 803 2461 altera
853 2423 1054 2471 nondum,
1095 2423 1141 2461 in
1188 2423 1359 2462 sinistro
1396 2423 1582 2473 inguine,
1624 2437 1700 2462 nec
1743 2425 1885 2462 tamen

256 2499 275 2531 5
297 2488 566 2527 exulceratur.
628 2488 692 2526 Ex
737 2488 873 2526 tribus
910 2488 1119 2528 vlceribus
1157 2501 1249 2528 caro
1288 2489 1408 2538 nigra
1441 2491 1483 2527 et
1520 2490 1684 2527 mortua
1721 2488 1886 2528 excidit.

292 2553 522 2592 Maximum
552 2555 640 2592 erat
671 2553 750 2591 sub
781 2566 880 2592 coxa
909 2554 1010 2592 leua.
1066 2555 1210 2593 Vnum
1240 2555 1348 2604 quod
1376 2557 1438 2593 est
1466 2555 1512 2593 in
1541 2555 1685 2594 dextro
1713 2554 1887 2605 inguine

288 2619 587 2669 propemodum
613 2618 850 2666 obductum,
867 2619 1024 2669 reliqua
1044 2620 1126 2658 duo
1145 2620 1279 2658 adhuc
1297 2620 1429 2658 hiant.
1473 2620 1658 2670 Vterque
1671 2620 1887 2670 chirurgus

333 2705 407 2735 889.
427 2715 480 2744 39.
501 2705 727 2744 Argumenti‘i
741 2707 813 2737 MS.
829 2717 836 2735 ε
860 2716 935 2736 corr.
950 2707 1013 2736 LB.
1095 2707 1169 2737 890.
1188 2716 1219 2745 3.
1239 2705 1283 2736 ad
1296 2715 1354 2738 me
1367 2716 1439 2737 non
1452 2708 1619 2747 peruenit
1631 2709 1707 2738 add.
1721 2709 1884 2738 Erasmus.

332 2792 406 2822 889.
433 2803 484 2830 40.
513 2792 729 2833 conscripta]
755 2792 806 2824 Cf.
826 2803 861 2832 p.
877 2803 949 2832 432.
1120 2793 1207 2824 each
1222 2793 1351 2832 speech
1373 2794 1412 2824 of
1429 2793 1493 2825 the
1512 2793 1764 2825 interlocutors
1779 2794 1885 2832 being

377 2835 540 2876 Colonia]
565 2836 615 2866 Cf.
636 2836 700 2876 Ep.
717 2837 792 2875 877.
813 2838 927 2876 16-29.
1121 2836 1320 2876 responded
1351 2839 1387 2867 to
1415 2838 1461 2877 by
1486 2847 1505 2867 a
1531 2837 1776 2878 ‘Theologus’‚
1802 2837 1884 2868 who

335 2888 387 2915 42.
429 2878 586 2919 dialogo]
629 2880 853 2910 Hochstrat’s
890 2882 1051 2920 Apoloqia,
1121 2880 1320 2911 maintains
1344 2880 1568 2912 Hochstrat's
1589 2881 1692 2912 view.

291 2921 459 2960 Cologne‚
487 2922 571 2953 Feb.
602 2923 695 2961 1518,
724 2924 763 2953 in
795 2923 897 2963 reply
923 2926 961 2954 to
992 2923 1055 2954 the
1165 2923 1240 2954 890.
1270 2933 1297 2955 1.
1323 2933 1404 2954 cum
1427 2923 1619 2964 Fabristis]
1645 2924 1696 2956 Cf.
1719 2924 1784 2963 Ep.
1807 2923 1878 2954 826.

291 2966 432 3001 Defensio
458 2967 625 2996 Reuchlini
657 2967 737 3006 (Ep.
765 2967 840 2998 680.
865 2968 908 2996 26
931 2968 997 3007 a).
1024 2967 1056 2998 is
1120 2976 1208 3007 9‚10.

291 3006 365 3037 also
388 3010 462 3038 cast
486 3009 525 3038 in
549 3009 612 3039 the
636 3009 728 3040 form
758 3010 796 3041 of
820 3020 840 3040 a
868 3010 1032 3049 dialogue
1046 3021 1054 3049 ;
1167 3019 1200 3049 3.
1226 3010 1416 3051 scriptum]
1443 3011 1512 3042 Not
1527 3012 1661 3043 extant.
