2034 3433
154 149 251 195 91³]
525 142 676 181 FROM
714 141 1034 181 LoNGomus
1072 123 1143 180 To
1181 139 1364 180 LUoAs
1660 140 1742 179 475

150 243 371 294 aliquando
405 244 449 283 in
478 246 663 284 oratione
691 257 815 283 suum
842 243 921 281 sibi
952 244 1089 282 10011111
1118 244 1288 282 honeste
1315 243 1505 290 vindicet,
1527 242 1742 282 turbidum

151 309 322 349 interim
359 310 493 350 fluere.
553 310 684 349 Illum
721 309 858 359 potius
896 310 1017 348 nobis
1053 309 1287 360 significare
1333 309 1432 359 quid
1467 309 1568 348 velit
1615 321 1741 359 quam
1763 320 1800 351 55

151 374 310 423 dicere;
340 375 450 414 hunc
479 375 701 414 immodica¹
729 375 933 413 sermonis
956 375 1142 413 vbertate
1162 375 1294 413 veluti
1322 375 1429 413 laeto
1448 373 1635 424 gramine
1654 376 1742 412 sata

149 441 420 492 strangulare.
479 440 610 479 Illum
630 441 813 479 oratione
838 453 950 478 nunc
969 440 1134 491 obliqua
1154 441 1416 488 verticosum,
1439 453 1550 479 1111110
1569 441 1743 490 figurata

149 507 316 554 elatum,
340 519 457 557 saepe
484 506 757 545 intumescere
773 520 782 553 ;
823 506 934 544 hunc
963 508 1074 545 recto
1103 507 1293 556 nudoque
1321 508 1447 545 ductu
1476 506 1742 545 humiliorem

151 572 393 622 plerumque
414 572 533 622 humi
553 584 725 621 serpere.
762 571 889 609 Hunc
907 571 1075 609 lasciuia
1094 571 1340 619 molliorem,
1364 571 1486 611 illum
1506 572 1744 610 austeritate

151 637 369 675 duriorem.
428 637 617 687 Denique
643 636 822 675 alterum
849 635 982 674 doctis
1000 636 1157 674 mirum
1176 637 1220 674 in
1240 637 1412 675 modum
1432 649 1550 686 posse
1569 637 1740 686 placere,
1760 642 1802 675 60

149 702 327 740 alterum
353 702 478 740 etiam
504 701 718 752 imperitis,
742 702 776 739 si
802 702 846 739 in
876 704 964 740 tam
992 702 1170 740 secunda
1199 702 1260 751 (vt
1289 702 1455 740 illorum
1475 702 1613 740 verbis
1638 702 1744 750 vtar)

148 767 341 806 facundia
363 768 534 806 modum
560 769 761 814 tenerent,
785 769 826 805 et
856 780 930 805 suo
960 780 1122 816 semper
1150 767 1244 805 freti
1274 768 1452 817 ingenio,
1481 767 1616 805 alieno
1644 779 1742 805 non-

150 844 365 882 nunquam
390 834 529 871 essent
555 832 698 871 diserti
715 832 782 870 vel
803 832 954 871 iudicio
974 833 1040 871 vel
1060 833 1241 871 consilio.
1294 833 1402 870 Nam
1423 846 1517 871 cum
1536 834 1743 882 praestare

148 897 309 946 possint
327 897 522 948 quicquid
541 898 700 944 volunt,
722 911 796 948 par
821 900 893 946 est,
916 897 1120 947 inquiunt,
1144 899 1190 936 vt
1211 898 1367 948 optima
1392 911 1573 948 quaeque
1599 897 1741 941 velint,

151 975 225 1001 nec
258 976 346 1001 sese
374 963 637 1001 ambitiosius
666 963 786 1017 nobis
814 963 1058 1002 venditent:
1097 975 1143 1001 eo
1172 976 1236 1001 res
1265 965 1428 1002 nostras
1457 962 1659 1009 recidisse,
1695 964 1741 999 vt
1762 962 1802 1004 65

150 1030 311 1066 mature
344 1028 484 1078 potius
512 1028 685 1067 iuuandi
714 1042 840 1078 quam
870 1028 1166 1078 intempestiue
1196 1028 1430 1066 delectandi
1463 1028 1619 1074 simus;
1665 1040 1739 1077 pro

148 1095 338 1144 suscepto
369 1094 500 1143 operis
529 1093 722 1132 instituto
752 1093 933 1132 fideliter
961 1093 1147 1141 docendi,
1169 1107 1253 1131 11011
1283 1093 1437 1132 crebris
1466 1092 1744 1131 licentiosissi-

151 1159 308 1210 misque
344 1160 660 1198 excursionibus
696 1158 932 1209 ambagiose
969 1160 1272 1209 suspendendi:
1316 1162 1356 1197 et
1386 1159 1543 1209 digredi
1576 1158 1742 1209 quidem

150 1224 346 1263 Senecam
366 1226 407 1263 et
426 1224 627 1273 Plinium,
645 1225 716 1263 sed
737 1224 919 1263 alterum
935 1237 1066 1273 parce,
1086 1223 1264 1262 alterum
1286 1237 1388 1269 raro,
1413 1237 1486 1262 nec
1506 1224 1562 1262 sic
1583 1235 1744 1273 quoque

150 1289 348 1338 quaesito,
369 1302 445 1328 nec
466 1290 548 1328 nisi
568 1289 705 1328 oblato
725 1291 982 1339 argumento.
1765 1302 1804 1336 70

204 1353 319 1394 Haec
348 1355 503 1394 critici:
546 1368 721 1405 quorum
749 1349 979 1393 sententiae
1008 1368 1089 1404 quo
1124 1355 1262 1393 minus
1297 1354 1440 1393 statim
1473 1352 1742 1397 subscribam,

149 1420 306 1458 faciunt
327 1433 423 1459 cum
443 1420 523 1459 alia
543 1419 686 1467 multa,
709 1422 803 1458 tum
824 1420 932 1469 quod
962 1432 1048 1458 non
1069 1420 1232 1458 defuere
1252 1419 1350 1457 clari
1369 1422 1550 1457 oratores
1569 1418 1641 1467 qui
1661 1431 1745 1456 non

148 1485 442 1534 grammaticos
462 1486 531 1524 sed
558 1485 762 1535 populum
789 1485 1045 1535 eloquentiae
1065 1484 1244 1523 iudicem
1264 1485 1498 1523 statuerint.
1555 1484 1667 1531 Esto,
1689 1483 1745 1522 sit

148 1550 418 1601 porrigendus
438 1551 570 1589 doctis
589 1551 712 1589 modo
733 1550 925 1598 calculus,
941 1551 1026 1589 sint
1041 1551 1120 1588 soli
1139 1550 1355 1589 literarum
1373 1550 1581 1600 principes
1599 1550 1674 1588 hac
1695 1550 1744 1588 de

148 1628 189 1653 re
208 1616 254 1654 in
273 1616 495 1655 consilium
515 1616 737 1656 mittendi:
767 1617 970 1666 quisnam,
986 1616 1143 1664 amabo,
1160 1607 1234 1654 hac
1254 1617 1386 1655 aetate
1405 1616 1556 1665 dignus
1574 1615 1639 1653 cui
1659 1617 1744 1653 tam
1766 1628 1803 1660 75

148 1681 324 1731 superba
343 1695 516 1720 censura
542 1683 631 1720 iure
657 1682 845 1720 credatur
858 1684 878 1720 ⁵?
934 1681 1182 1720 Tuebuntur
1200 1695 1243 1720 se
1263 1684 1432 1731 vterque
1452 1681 1561 1720 haud
1582 1682 1745 1731 magnis

148 1746 285 1785 solum
305 1747 509 1798 exemplis
531 1748 602 1786 sed
629 1748 755 1786 etiam
775 1747 1049 1787 validissimis
1077 1748 1350 1797 argumentis.
1409 1747 1560 1785 Dicent
1589 1760 1631 1785 se
1659 1760 1745 1785 non

150 1825 362 1862 perperam
392 1813 579 1862 scribere,
602 1813 674 1851 sed
704 1813 801 1851 illos
831 1815 1023 1863 corrupte
1051 1812 1258 1851 iudicare:
1300 1813 1346 1851 in
1374 1812 1631 1851 orationibus
1659 1813 1745 1850 suis

151 1891 235 1916 11011
274 1878 398 1925 nasci,
436 1878 506 1916 sed
539 1878 589 1916 ab
624 1877 830 1928 imperitis
864 1877 1003 1928 spinas
1037 1877 1199 1917 afferri:
1241 1878 1443 1916 Erasmus
1476 1891 1519 1916 se
1553 1877 1744 1916 omnium

152 1943 352 1981 rationem
398 1943 603 1990 habuisse,
640 1943 831 1981 Budaeus
878 1956 1103 1992 paucorum
1151 1943 1313 1981 theatro
1360 1944 1604 1981 contentum
1643 1955 1740 1981 esse.
1764 1946 1806 1977 80

151 2007 298 2057 Itaque
317 2008 404 2057 ipse
425 2007 531 2046 nihil
553 2009 740 2055 decerno,
755 2008 820 2046 vel
841 2022 892 2046 ne
911 2011 1028 2046 sutor
1047 2009 1106 2058 (vt
1120 2008 1251 2056 aiunt)
1272 2021 1395 2057 supra
1416 2007 1623 2058 crepidam
1639 2021 1649 2055 ;
1678 2006 1745 2045 vel

149 2073 258 2122 quod
286 2073 394 2123 apud
423 2086 490 2111 me
518 2074 631 2122 paria
658 2073 824 2119 faciant,
845 2073 922 2111 hoc
956 2075 1019 2112 est
1051 2073 1289 2121 virtutibus,
1318 2073 1354 2111 si
1388 2086 1469 2122 qua
1501 2074 1610 2121 sunt,
1639 2072 1745 2110 vicia

150 2141 324 2188 pensent
343 2140 464 2188 atque
484 2139 583 2177 adeo
603 2140 809 2188 superent.
868 2137 1039 2177 Habent
1059 2138 1173 2176 enim
1192 2138 1285 2188 plus
1305 2138 1413 2188 quod
1433 2138 1598 2176 laudem
1619 2150 1743 2187 quam

150 2203 259 2254 quod
288 2203 508 2254 ignoscam.
570 2203 683 2242 Illud
710 2205 878 2242 tantum
903 2203 1047 2252 miror,
1071 2203 1180 2253 quod
1206 2202 1257 2241 ab
1284 2203 1406 2241 initio
1426 2202 1642 2241 dicebam:
1672 2216 1745 2241 0111·

150 2269 350 2320 Princeps
381 2271 518 2308 vester
556 2270 599 2307 in
637 2271 751 2308 tanta
799 2268 958 2308 Budaei
994 2268 1214 2319 probitate,
1254 2268 1458 2316 doctrina,
1495 2268 1740 2319 eloquentia,
1763 2273 1802 2314 85

151 2337 406 2375 Germanum
428 2335 560 2382 Gallo,
582 2336 773 2373 exterum
791 2334 883 2382 ciui,
906 2334 1098 2383 ignotum
1116 2333 1313 2372 familiari
1332 2333 1583 2383 praetulerit.

203 2401 288 2440 Nec
321 2401 398 2440 hoc
432 2400 523 2438 dico
555 2400 664 2450 quod
699 2400 864 2438 Erasmi
897 2400 1085 2438 fortunae
1116 2399 1339 2438 inuideam.
1398 2399 1551 2438 Studeo
1582 2412 1745 2450 nanque

152 2466 324 2515 homini,
348 2466 384 2504 si
405 2465 498 2517 quis
518 2465 761 2504 mortalium
780 2465 898 2514 alius,
912 2465 1082 2503 tametsi
1101 2465 1151 2502 de
1169 2464 1270 2503 facie
1290 2477 1505 2514 nunquam
1523 2463 1630 2502 mihi
1641 2463 1741 2511 viso,

151 2532 272 2582 idque
308 2531 360 2570 ob
392 2544 659 2570 communem
692 2529 894 2581 patriam;
936 2542 1080 2568 sumus
1113 2529 1226 2568 enim
1261 2529 1456 2576 eiusdem,
1479 2531 1525 2567 vt
1557 2529 1679 2577 nosti,
1703 2531 1744 2568 et

152 2597 318 2646 linguae
335 2597 378 2634 et
398 2596 577 2635 ditionis.
636 2596 736 2635 Colo
763 2597 903 2635 autem
933 2595 984 2633 ob
1013 2594 1188 2633 eximias
1210 2594 1305 2633 illas
1323 2594 1453 2632 animi
1473 2595 1612 2641 dotes;
1642 2608 1742 2644 quas
1762 2606 1805 2640 90

153 2664 198 2700 in
231 2674 278 2700 eo
306 2661 366 2699 ita
393 2661 585 2711 suspicio.
608 2664 653 2699 vt
672 2663 868 2699 votorum
897 2673 1084 2699 meorum
1112 2672 1278 2698 summa
1307 2659 1363 2697 sit
1391 2660 1489 2697 111110
1512 2660 1563 2697 3.(1
1582 2673 1743 2698 3111111111

153 2726 281 2766 etiam
299 2726 478 2766 alterum
497 2739 620 2776 supra
639 2726 895 2775 vicesimum,
919 2739 999 2775 quo
1026 2739 1091 2763 me
1117 2727 1250 2764 aetate
1270 2727 1445 2774 superat,
1465 2724 1501 2762 si
1520 2737 1604 2763 non
1623 2724 1744 2764 illum

154 2806 277 2842 quem
311 2806 423 2831 nunc
457 2795 583 2840 tenet,
605 2792 753 2831 saltem
778 2792 1015 2842 proximum
1042 2790 1299 2840 eloquentiae
1324 2790 1498 2840 gradum
1527 2790 1739 2841 attingere.

196 2885 249 2915 60.
274 2883 406 2914 mirum
424 2883 462 2914 in
479 2883 624 2914 modum
643 2886 689 2913 F:
715 2884 818 2915 miris
833 2884 949 2914 modis
967 2885 1004 2913 E.
1125 2883 1179 2914 62.
1204 2891 1466 2920 nonnunquam
1484 2884 1532 2912 P:
1556 2891 1743 2922 nunquam

155 2931 192 2959 E.
324 2927 376 2957 68.
401 2929 436 2957 et
452 2938 511 2958 om.
531 2930 564 2958 F.
699 2926 752 2959 88.
777 2927 985 2958 mortalium
1002 2928 1075 2957 (cdd.
1093 2928 1128 2957 F.
1220 2925 1314 2956 mihi
1331 2927 1405 2956 add.
1423 2927 1460 2956 F.

199 3015 248 3043 57.
268 3005 509 3046 strangulare]
521 3004 573 3037 Cf.
588 3005 709 3045 Quint.
726 3006 804 3036 Inst.
816 3004 847 3037 8.
860 3015 910 3044 pr.
925 3014 977 3043 23.
1068 3013 1120 3043 59.
1139 3002 1241 3034 humi
1253 3004 1409 3045 serpere]
1423 3003 1475 3035 Cf.
1494 3004 1581 3035 Hor.
1597 3007 1678 3036 A.P.
1691 3006 1742 3036 28.
