2034 3433
326 183 405 221 548
785 179 1032 218 LETTERS
1072 178 1140 217 or
1178 177 1445 217 ERAsMUs
1482 229 1484 232 v
1791 174 1918 229 [1519

324 286 583 333 sessionibus,
614 284 817 324 foeminae
855 296 949 321 cum
986 282 1136 332 primis
1172 282 1369 332 prudenti
1405 295 1450 319 ac
1491 281 1582 329 piae
1620 293 1694 318 nec
1732 280 1921 319 indoctae

325 353 579 402 persuaserat
599 363 666 388 me
684 349 844 388 facinus
863 347 1144 386 inexcusabile
1163 347 1406 397 designasse,
1430 346 1501 396 qui
1521 346 1773 396 Hieronymi
1792 345 1922 385 libros

326 417 584 464 correxerim,
617 414 698 454 viri
736 413 967 453 doctissimi
1005 415 1128 463 atque
1167 413 1292 451 etiam
1332 411 1476 451 sancti.
1533 412 1594 450 Ea
1631 424 1826 461 persuasa
1862 413 1922 450 sic

248 501 283 522 22
289 499 306 532 5
325 481 557 532 expostulat
578 494 673 519 cum
694 479 827 518 aulico
853 479 1031 529 quodam
1051 478 1156 516 mihi
1180 477 1312 516 amico
1332 491 1340 515 :
1375 477 1546 516 ‘Nonne
1561 479 1570 494 '
1589 476 1728 527 inquit
1752 478 1759 496 ‘
1776 476 1922 515 Hiero-

325 560 480 597 nymus
506 546 587 585 fuit
622 546 689 584 vir
721 543 1085 583 eruditissimus‘?’
1147 543 1294 582 ‘Fuit’
1353 543 1526 581 ‘Nonne
1554 543 1599 581 in
1627 542 1752 581 coelis
1780 541 1920 592 agit‘?’

328 612 479 662 ‘Agit’
539 613 547 630 ‘
565 611 673 660 Quid
693 613 785 649 tum
804 613 946 660 postea
960 611 980 648 ⁶?
1037 609 1125 658 Quo
1145 608 1274 659 igitur
1294 607 1427 647 colore
1448 607 1642 646 defendes
1662 609 1783 646 tuum
1805 607 1921 647 Eras-

326 690 459 726 mum,
481 677 552 727 qui
572 677 702 715 libros
721 675 836 714 illius
856 674 1110 713 correxerit?
1151 675 1222 712 An
1237 673 1333 723 plus
1353 673 1461 723 sapit
1480 673 1551 712 ille
1570 687 1694 724 quam
1716 673 1921 723 Hierony-

328 744 458 782 mus‘?
475 745 483 759 ’
549 743 689 792 Atque
737 741 881 780 eadem
929 740 995 778 hic
1043 739 1279 789 praedicant
1327 738 1434 777 serio
1481 739 1553 789 qui
1599 739 1679 778 sibi
1725 738 1925 778 videntur

249 826 309 857 230
327 808 532 847 Ecclesiae
581 807 799 846 columina.
876 806 996 844 Tales
1042 805 1241 843 habemus
1287 804 1555 844 aduersarios.
1632 803 1750 843 Tales
1797 804 1921 843 habet

329 873 485 913 Christi
522 873 668 924 religio
708 873 953 911 defensores.
1015 870 1134 908 Nihil
1171 872 1306 920 potest
1343 883 1431 909 esse
1468 870 1684 921 stupidius,
1718 870 1825 908 nihil
1863 870 1922 909 in-

329 939 490 978 sulsius.
550 940 605 978 Et
634 940 774 977 tamen
800 937 1043 976 huiusmodi
1071 936 1292 974 calumniis
1315 936 1423 986 apud
1451 935 1660 975 indoctam
1685 935 1850 986 plebem
1877 948 1924 974 ac

327 1005 477 1043 stultas
495 1003 758 1043 mulierculas
778 1002 1045 1042 traducimur.

384 1069 464 1108 Sed
494 1082 701 1120 nugarum
730 1068 815 1106 iam
843 1067 944 1106 satis
972 1069 1046 1105 est.
1107 1066 1236 1104 Porro
1270 1066 1378 1115 quod
1413 1066 1546 1105 serius
1579 1067 1806 1116 respondeo
1838 1066 1924 1105 tuis

250 1152 308 1183 ²35
328 1134 470 1183 literis,
495 1134 659 1185 quiduis
678 1134 817 1184 potius
837 1132 1056 1182 suspiceris
1076 1131 1120 1170 in
1141 1144 1261 1170 causa
1280 1131 1407 1170 fuisse
1434 1145 1558 1182 quam
1587 1132 1650 1171 tui
1673 1131 1923 1181 neglectum.

329 1200 488 1238 Obruor
517 1200 666 1239 cotidie
695 1199 910 1238 literarum
948 1197 1166 1236 fasciculis.
1229 1196 1272 1235 Si
1305 1209 1390 1235 non
1422 1197 1663 1247 respondeo,
1695 1197 1840 1236 videor
1866 1197 1925 1236 in·

328 1265 547 1304 humanus.
606 1265 679 1304 Sin
700 1264 936 1314 respondeo,
958 1262 1110 1312 triplex
1138 1262 1449 1301 incommodum
1476 1263 1616 1312 capio:
1645 1263 1828 1313 primum
1850 1276 1925 1302 nec

328 1331 395 1370 his
423 1331 628 1370 satisfacio
656 1331 816 1381 quibus,
839 1332 885 1368 vt
910 1331 971 1368 est
998 1341 1173 1376 necesse,
1197 1327 1426 1378 respondeo
1455 1328 1651 1379 quicquid
1680 1329 1724 1366 in
1753 1330 1924 1368 buccam

330 1397 472 1445 venit;
501 1397 648 1436 deinde
677 1395 917 1434 huiusmodi
945 1393 1220 1433 tumultuaria
1246 1393 1469 1443 scriptione
1492 1394 1639 1433 stilum
1668 1408 1740 1444 per
1763 1407 1806 1433 se
1825 1395 1926 1433 satis

251 1481 313 1511 240
332 1463 490 1501 malum
538 1462 662 1501 reddo
710 1461 981 1509 deterioren13
1029 1462 1238 1510 postremo
1284 1459 1416 1498 famae
1463 1459 1762 1498 detrimentum
1808 1461 1924 1499 facio.-

332 1532 573 1571 Ridiculum
611 1535 751 1571 autem
790 1532 916 1570 malle
948 1531 998 1570 ab
1032 1530 1139 1568 Italo
1172 1532 1310 1580 petere
1344 1530 1452 1580 quod
1486 1530 1604 1568 domi.
1638 1530 1800 1569 habeas.
1858 1531 1924 1570 Sic

332 1598 484 1648 vulgus
525 1598 734 1636 existimat
774 1598 981 1647 optimum
1026 1595 1236 1634 medicum
1274 1596 1345 1645 qui
1387 1609 1428 1634 se
1466 1595 1597 1646 fingat
1634 1596 1817 1634 Arabem
1854 1599 1925 1635 aut

332 1664 499 1711 Indum,
523 1676 543 1701 e
564 1663 747 1702 locorum
768 1661 990 1702 interuallo
1009 1662 1163 1699 famam
1193 1674 1400 1711 aucupans
1424 1661 1534 1710 apud
1554 1661 1715 1700 stultos.
1775 1661 1854 1700 Sed
1873 1662 1925 1700 ab

332 1729 407 1767 hoc
446 1729 593 1768 affectu
628 1729 821 1768 conuenit
855 1727 1036 1766 eruditos
1075 1739 1199 1777 quam
1237 1726 1478 1776 longissime
1516 1727 1670 1766 abesse.
1728 1727 1925 1778 Quisquis

254 1810 312 1841 ²45
333 1794 453 1833 callet
473 1795 602 1833 bonas
621 1795 775 1842 literas,
796 1794 832 1832 is
851 1793 969 1831 nobis
990 1792 1126 1831 Italus
1145 1805 1232 1830 esse
1253 1791 1382 1831 debet.
1444 1792 1547 1831 Mihi
1566 1793 1737 1842 posthac
1758 1806 1842 1832 non
1862 1795 1925 1832 est

333 1860 553 1898 consilium
574 1873 669 1898 curn
685 1860 761 1898 hoc
778 1859 997 1897 homiuum
1013 1871 1158 1908 genere
1174 1870 1323 1895 manus
1338 1871 1558 1896 conserere.
1600 1858 1692 1896 Iam
1706 1861 1925 1899 veteranus

333 1938 426 1963 sum
446 1938 490 1964 ac
511 1925 710 1964 missione
730 1925 906 1974 dignus;
936 1926 976 1962 et
1002 1936 1123 1961 cursu
1151 1923 1334 1961 defessus
1353 1923 1472 1962 vobis
1496 1923 1715 1962 iuuenibus
1738 1923 1926 1974 lampada

332 1991 459 2029 trado.
520 1990 597 2029 Vel
635 1990 725 2029 sine
766 2003 832 2028 me
869 1989 1079 2038 continget
1117 1990 1160 2027 τὸ
1199 1989 1384 2035 ἐπινίκιον,
1428 1988 1463 2027 si
1503 1989 1627 2027 modo
1664 2002 1808 2039 perges
1846 2004 1926 2041 qua

333 2055 516 2106 coepisti.

253 2138 315 2169 250
388 2120 610 2171 Philippus
630 2120 924 2160 Melanchthon
944 2119 1053 2170 apud
1074 2131 1140 2157 me
1159 2120 1331 2168 patrono
1350 2132 1435 2157 non
1455 2121 1545 2169 eget
1565 2121 1637 2158 aut
1658 2119 1925 2169 deprecatore.

333 2186 467 2225 Faueo
497 2185 641 2224 iuueni
668 2188 714 2224 vt
743 2186 809 2224 cui
837 2185 1027 2223 maxime.
1086 2183 1313 2234 Plusquam
1348 2186 1465 2223 atrox
1496 2184 1649 2224 iniuria
1679 2185 1736 2224 sit
1766 2188 1926 2237 oportet

334 2264 438 2301 quae
457 2250 563 2301 apud
585 2264 651 2289 me
672 2250 840 2289 dirimat
860 2250 1095 2288 amicitiam.

390 2316 506 2354 Bene
525 2316 626 2363 vale,
652 2315 837 2354 Louanii.
860 2317 986 2354 Anno
1006 2327 1187 2353 uorax.
1211 2327 1250 2353 x.
1275 2314 1369 2353 Kal.
1397 2314 1531 2354 Maias.

382 2445 452 2476 228.
481 2444 673 2475 correxerit
689 2455 708 2474 a
725 2455 732 2474 ε
756 2444 907 2474 correxit
925 2446 964 2474 N.
1078 2452 1151 2481 233.
1177 2442 1307 2473 stultas
1323 2454 1343 2472 a
1359 2453 1365 2473 :
1391 2442 1571 2482 simplices
1586 2445 1629 2474 H.
1733 2453 1806 2481 241.
1833 2444 1928 2475 Italo

337 2499 357 2516 ιι
373 2498 379 2516 ;
405 2487 513 2518 Italia
528 2490 565 2519 E.
654 2497 728 2526 247.
754 2487 911 2518 defessus
927 2498 946 2516 α
964 2498 970 2516 :
995 2486 1108 2517 fessus
1124 2489 1161 2517 E.
1255 2487 1327 2525 248.
1354 2484 1392 2516 τὸ
1409 2489 1483 2516 add.
1503 2488 1547 2517 H.
1637 2496 1710 2526 250.
1737 2487 1929 2527 Philippus

339 2553 346 2560 .
374 2554 380 2560 .
408 2555 415 2562 .
444 2540 515 2569 252.
543 2531 740 2562 amicitiam
762 2533 836 2562 adel.
862 2532 890 2560 E
913 2529 1001 2570 (250.
1030 2532 1106 2570 eget
1130 2532 1178 2560 F:
1209 2531 1308 2569 aeget
1331 2529 1385 2570 E).
1554 2539 1627 2569 253.
1661 2530 1769 2562 Anno
1793 2533 1866 2562 add.
1891 2532 1925 2565 β.

338 2583 370 2604 x.
390 2573 466 2605 Kal.
485 2574 596 2606 Maias
610 2584 666 2605 om.
687 2576 725 2605 E.

340 2709 477 2746 London,
500 2716 593 2746 1775,
611 2707 647 2737 ii.
677 2706 820 2746 1014.5).
867 2705 923 2736 He
946 2705 1103 2736 adhered
1165 2705 1330 2745 Chapuys
1357 2705 1583 2743 securedhis
1614 2705 1755 2745 release,
1785 2705 1857 2736 and
1882 2705 1929 2736 he

341 2749 474 2789 loyally
493 2752 529 2780 to
546 2750 756 2787 Katharine,
776 2749 846 2780 and
867 2759 905 2780 as
926 2759 945 2779 a
973 2759 1099 2788 person
1165 2749 1337 2780 returned
1359 2751 1395 2780 to
1414 2749 1538 2788 Spain,
1560 2750 1597 2780 te
1619 2751 1753 2780 receive
1778 2750 1818 2780 in
1847 2750 1930 2788 1538

341 2794 401 2823 ‘of
425 2795 517 2824 most
541 2793 759 2833 simplieity’
788 2803 860 2823 was
890 2792 1040 2824 allowed
1065 2794 1101 2823 to
1165 2792 1226 2822 the
1250 2793 1377 2823 united
1405 2802 1479 2823 sees
1507 2793 1544 2823 of
1571 2792 1763 2832 AmpurIas
1791 2793 1830 2823 in
1854 2793 1926 2824 NE.

342 2837 480 2867 remain
497 2836 586 2867 with
604 2838 668 2867 her
684 2836 777 2867 after
792 2836 853 2867 the
871 2836 933 2867 div
936 2846 1014 2867 erce
1031 2845 1102 2867 was
1166 2835 1351 2867 Catalonia
1370 2836 1442 2867 and
1463 2836 1607 2876 Templo
1629 2837 1668 2866 in
1689 2837 1731 2867 N.
1750 2836 1929 2867 Sardinia.

341 2880 581 2918 pronounced.
628 2881 676 2910 At
708 2881 772 2910 her
810 2880 918 2910 death
957 2880 989 2919 (7
1022 2880 1104 2911 Jan.
1167 2879 1231 2910 See
1250 2880 1393 2910 Brewer
1413 2879 1485 2910 and
1509 2880 1640 2918 Gams3
1664 2880 1736 2910 and
1753 2880 1795 2912 cf.
1814 2880 1928 2910 Lond.

347 2923 444 2963 1536)
461 2924 506 2954 he
528 2924 622 2954 tried
647 2926 682 2954 to
701 2933 821 2962 escape
842 2926 879 2954 to
901 2923 1022 2963 Spain,
1041 2923 1103 2953 but
1168 2923 1253 2953 xxii.
1272 2933 1326 2963 31,
1347 2923 1415 2953 LB.
1435 2933 1499 2962 979
1520 2924 1619 2964 (1108
1634 2924 1708 2963 AB).

343 2975 416 2996 was
433 2967 561 3006 caught
579 2967 650 2998 and
672 2967 993 3007 imprisoned.1n
1010 2966 1103 3007 Sept.
1215 2967 1286 3004 246.
1314 2966 1519 3008 veteranus]
1544 2966 1595 2998 cf.
1615 2966 1715 2998 Hier.
1730 2969 1788 3004 Ep.
1806 2975 1876 3006 105.
1895 2976 1927 3005 3.
