2034 3433
77 187 175 242 606]
626 186 699 226 ΤΟ
737 186 886 226 JOHN
922 185 1111 226 RUSER

1609 188 1658 224 19

75 295 191 334 illius
223 293 398 345 gratiam
426 293 611 331 facturus
638 305 725 330 non
754 291 846 331 sim.
905 290 985 330 Sed
1015 304 1147 341 neque
1170 291 1275 329 mihi
1298 304 1458 341 semper
1479 290 1660 340 suppetit
1680 302 1696 331 5

76 360 187 411 quod
223 359 338 398 illius
375 358 557 397 officinae
593 357 864 408 suppeditem‚
896 370 1027 407 neque
1066 355 1242 406 quoduis
1275 358 1568 405 argumentum
1599 355 1662 392 illi

74 425 284 464 conuenit.
353 424 570 464 Postremo
595 436 690 461 cum
709 422 957 473 typographi
979 422 1111 460 ferme
1135 422 1220 460 sint
1244 422 1354 460 inter
1373 434 1459 460 sese
1482 423 1662 471 κεραμεῖς,

77 491 150 529 vix
168 490 257 529 fieri
276 491 412 539 potest
429 491 476 528 vt
496 488 554 527 sic
574 488 774 538 obsequar
796 487 872 526 vni
896 487 995 537 quin
1023 487 1202 526 alterum
1229 487 1435 525 offendam
1452 500 1462 534 ς
1492 486 1533 524 id
1554 486 1663 536 quod

75 568 154 595 vsu
185 555 303 595 venit
333 554 380 593 in
416 567 560 592 rursus
593 552 830 591 excudenda
866 552 1002 601 Copia.
1061 551 1169 590 Nam
1201 565 1331 591 annos
1368 551 1527 601 aliquot
1559 550 1664 588 mihi

76 621 365 660 succensuerat
388 619 546 658 Badius
567 617 809 668 priusquam
838 617 1074 656 offensionis
1099 630 1266 656 causam
1291 630 1454 667 possem
1477 616 1659 654 olfacere.
1689 621 1724 642 ¹0

77 685 323 736 Quanquam
342 684 457 722 illius
482 683 724 733 indignatio,
744 684 790 720 vt
815 684 877 721 est
900 682 964 719 vir
987 682 1180 732 optimus,
1203 682 1305 720 citra
1323 695 1490 720 omnem
1510 694 1665 719 amaru-

79 750 252 790 lentiam
272 751 343 788 aut
360 749 487 787 etiam
508 749 764 787 simultatem
779 747 975 786 constitit.
1035 747 1167 786 Aufer
1182 760 1278 786 vero
1297 746 1407 785 mihi
1424 747 1505 785 ista
1523 745 1661 793 verba,

82 818 159 854 ‘ne
197 828 292 854 eum
330 828 380 853 ex
416 814 511 853 albo
547 816 717 852 tuorum
754 825 964 862 expungas
1001 812 1256 850 amicorum.'
1325 812 1432 850 Tum
1469 824 1544 860 ego
1581 823 1666 849 non

81 879 455 920 inhumanissimus
497 879 620 918 modo
662 877 742 916 sim
782 877 1058 916 verumetiam
1102 876 1416 927 ingratissimus,
1457 876 1493 914 si
1537 877 1668 926 patiar

81 945 351 985 Schurerium
383 944 562 994 expungi
594 943 821 982 amicorum
853 942 1045 992 catalogo.
1104 942 1362 989 Simulatque
1400 941 1566 980 dabitur
1602 954 1666 990 op·
1691 948 1725 978 15

81 1011 326 1062 portunitas,
368 1009 593 1057 declarabo,
633 1007 670 1046 si
706 1007 816 1046 nihil
852 1006 979 1056 aliud,
1019 1008 1126 1046 certe
1170 1020 1423 1057 propensum
1463 1006 1509 1046 in
1547 1005 1668 1044 illum

81 1076 284 1115 animum.

139 1140 329 1179 Demiror
347 1153 420 1178 cur
434 1141 521 1178 tam
540 1139 610 1178 diu
631 1139 869 1188 prorogetur
883 1137 1089 1187 Rodolphi
1104 1137 1320 1187 Agricolae
1335 1136 1669 1176 lucubrationum

83 1205 245 1244 aeditio.
304 1205 405 1253 Quis
424 1206 499 1251 est,
514 1217 672 1254 quaeso,
691 1203 837 1254 genius
857 1203 934 1241 iste
953 1202 1090 1241 malus
1106 1203 1177 1252 qui
1195 1202 1371 1252 gloriam
1385 1202 1490 1240 hanc
1505 1204 1669 1240 nostrae

85 1270 247 1309 inuidet
276 1269 556 1308 Germaniae?
622 1269 780 1308 Verum
807 1270 856 1308 vt
883 1268 1082 1307 hactenus
1116 1268 1249 1306 ociosa
1275 1267 1356 1305 fuit
1385 1266 1557 1316 epistola
1585 1268 1667 1313 tua,
1692 1276 1730 1296 20

85 1334 195 1385 quod
225 1348 275 1373 ex
306 1337 378 1374 tua
408 1333 765 1373 commendatione
795 1334 904 1372 nihil
935 1333 1150 1372 accesserit
1183 1345 1297 1371 meae
1326 1332 1370 1370 in
1401 1332 1670 1370 Schurerium

85 1400 410 1449 beneuolentiae,
433 1400 492 1438 ita
517 1413 591 1449 per
610 1413 700 1438 eam
720 1400 806 1449 ipse
833 1399 939 1437 mihi
961 1400 1092 1437 factus
1111 1412 1155 1437 es
1174 1398 1309 1436 multo
1333 1395 1668 1435 commendatior.

87 1465 195 1505 Nam
223 1465 406 1515 egregias
433 1465 563 1503 animi
589 1464 653 1503 tui
681 1464 805 1512 dotes,
829 1477 928 1514 quas
956 1463 1119 1514 pridem
1147 1477 1169 1502 e
1197 1462 1444 1502 suauissimo
1472 1460 1673 1510 colloquio

85 1533 173 1579 tuo,
203 1544 225 1570 e
253 1531 386 1580 vultu,
419 1544 470 1569 ex
497 1530 598 1580 ipsis
626 1530 756 1568 oculis
784 1531 991 1580 vtcunque
1020 1529 1283 1577 conieceram,
1310 1528 1367 1566 sic
1395 1526 1600 1577 expressit
1628 1529 1674 1564 vt

86 1596 209 1646 longe
239 1609 363 1646 quam
391 1598 486 1634 ante
514 1595 648 1645 magis
675 1595 879 1645 coeperim
908 1607 1046 1633 amare
1075 1593 1257 1632 indolem
1282 1593 1405 1631 istam
1434 1593 1549 1630 tuam
1577 1591 1674 1640 lepi·
1694 1599 1738 1632 25-

88 1660 261 1699 dissima
286 1660 509 1699 festiuitate
537 1673 583 1699 ac
606 1673 698 1699 rara
722 1660 922 1699 modestia
946 1659 1236 1709 pellicibilem;
1264 1657 1542 1696 eruditionem
1564 1656 1675 1695 haud

87 1739 186 1765 sane
218 1725 431 1775 vulgarem
464 1739 559 1764 cum
595 1725 809 1775 vtriusque
841 1725 1081 1763 literaturae
1111 1724 1258 1774 peritia
1294 1722 1566 1767 coniunctam,
1603 1721 1675 1760 sed

92 1791 153 1830 ita
171 1793 218 1831 vt
243 1791 350 1830 hanc
376 1791 555 1838 nullum,
578 1791 688 1840 quod
712 1791 797 1829 fere
825 1790 940 1838 solet,
965 1790 1234 1840 supercilium
1256 1788 1486 1827 comitetur.
1543 1787 1676 1836 Quare

90 1855 196 1894 mihi
216 1857 386 1906 posthac
409 1855 606 1895 Ruserius
634 1869 720 1894 non
740 1855 850 1894 inter
874 1855 1064 1902 famulos,
1089 1854 1198 1905 quod
1221 1856 1315 1892 tuae
1334 1852 1557 1891 modestiae
1577 1852 1678 1891 satis

89 1923 190 1970 erat,
212 1921 283 1960 sed
301 1922 411 1960 inter
429 1921 668 1972 praecipuos
687 1921 843 1959 amicos
861 1919 1161 1959 numerabitur.
1221 1918 1335 1958 Bene
1348 1918 1447 1957 vale.
1699 1927 1737 1958 30

147 1984 381 2040 [Basileae.]
439 1999 507 2025 AN.
530 1998 732 2024 M.D.XVI1.

474 2085 611 2140 607663

141 2175 327 2212 Deventer
345 2175 422 2211 MS.
441 2186 498 2222 91,
516 2176 543 2211 f.
563 2177 640 2212 182.

143 2233 216 2269 LB.
234 2234 328 2280 App.
350 2244 427 2280 150.

670 2083 734 2125 To
764 2081 1017 2126 CUTHBERT
1048 2082 1299 2124 TUNSTALL.

1378 2170 1555 2207 Louvain.

1312 2239 1353 2276 17
1371 2231 1459 2276 July
1479 2230 1632 2277 <1517)·

485 2307 576 2349 [The
592 2307 774 2347 year-date
790 2308 820 2338 is
837 2307 1001 2347 supplied
1018 2307 1108 2338 from
1124 2306 1187 2346 Ep.
1207 2304 1300 2347 597.]

519 2396 728 2427 ERASMVS
758 2395 1016 2426 'I'VNSTALLO
1047 2395 1129 2425 SVO
1160 2395 1194 2427 S.
1216 2395 1260 2427 D.

151 2474 380 2513 LovAva
399 2472 767 2523 commigrauimus
786 2485 882 2510 cum
902 2471 1095 2510 omnibus
1114 2469 1294 2517 sarcinis,
1312 2468 1477 2507 etiamsi
1495 2468 1681 2507 nondum

96 2540 258 2589 reperta
293 2539 410 2577 sedes
446 2538 547 2577 satis
583 2537 846 2576 accommoda
883 2536 1033 2575 studiis
1069 2537 1110 2574 et
1146 2534 1286 2573 animo
1322 2536 1477 2574 nostro.
1553 2532 1684 2572 Faber

97 2604 358 2655 Stapulensis
379 2603 500 2642 nobis
525 2616 683 2642 nouum
707 2602 864 2653 peperit
894 2600 1121 2651 negocium,
1144 2599 1216 2651 qui
1243 2612 1340 2638 suos
1367 2597 1686 2638 commentarios

723 2697 800 2731 606.
828 2707 878 2738 19.
902 2699 954 2729 est
969 2698 1042 2728 add.
1060 2697 1104 2727 H.

145 2781 221 2811 606.
246 2790 275 2820 7.
301 2780 459 2822 κεραμεῖς]
476 2780 529 2812 cf.
546 2780 630 2812 Hes.
649 2782 700 2818 op.
717 2788 770 2819 25.

145 2834 178 2864 9.
205 2823 329 2865 Copia]
365 2821 511 2855 Badius*
540 2824 738 2863 complaint
767 2824 864 2854 must

101 2866 195 2899 have
205 2867 293 2897 been
304 2867 411 2898 about
421 2868 483 2898 the
493 2876 573 2898 new
585 2867 720 2898 edition
734 2867 771 2897 of
781 2867 861 2898 Dee.

105 2920 190 2950 1514
219 2910 298 2950 (Ep.
331 2913 421 2950 311),
450 2912 514 2941 not
544 2911 651 2941 about
683 2910 864 2941 Schfirer's

103 2954 241 2994 reprint
254 2954 291 2984 of
304 2953 385 2985 Jan.
403 2962 496 2992 1513,
506 2953 546 2984 in
556 2953 678 2984 which
695 2954 863 2984 Erasmus

103 3007 168 3028 can
187 2997 278 3027 have
294 2996 365 3027 had
381 3007 428 3027 no
449 2997 557 3028 hand.
604 2997 679 3027 The
698 2998 863 3027 estimato

103 3041 144 3072 of
176 3041 276 3082 time,
318 3041 327 3058 ⁴
339 3049 452 3071 annos
488 3039 642 3079 aliquot‘
683 3040 721 3082 (1.
751 3040 801 3081 9),
832 3040 863 3069 is

929 2778 1104 2809 therefore
1129 2786 1217 2817 very
1239 2776 1347 2815 loose,
1370 2777 1411 2807 in
1435 2777 1528 2807 view
1558 2775 1597 2807 of
1620 2777 1686 2816 Ep.

930 2824 1004 2862 346.
1023 2821 1098 2852 6-8.
1143 2821 1310 2852 Erasmus
1332 2830 1417 2860 was,
1442 2819 1603 2859 perhaps,
1634 2830 1687 2850 re·

930 2864 1150 2904 membering
1161 2865 1239 2895 that
1247 2864 1381 2895 Badius
1391 2863 1462 2894 had
1471 2863 1557 2903 good
1565 2872 1687 2894 reason

930 2912 967 2939 to
983 2908 1052 2939 feel
1069 2908 1253 2948 aggrieved
1275 2908 1382 2938 about
1403 2907 1464 2937 the
1484 2909 1612 2944 Adaqia
1630 2906 1687 2941 (cf.

931 2953 992 2991 Ep.
1019 2961 1091 2990 219.
1119 2961 1138 2990 3
1167 2952 1218 2992 n.)
1245 2951 1316 2981 and
1343 2950 1485 2981 Jerome
1509 2950 1592 2989 (Ep.
1623 2950 1689 2989 396

931 2995 1101 3034 introd.);
1125 2996 1189 3025 but
1206 3004 1262 3025 see
1279 2994 1341 3033 Ep.
1362 2995 1435 3032 815.
1457 3002 1470 3023 1
1490 3002 1525 3023 n.

976 3040 1028 3070 18.
1050 3037 1250 3078 Agricolae]
1268 3037 1399 3077 ott-Ep.
1414 3046 1488 3076 311.
1504 3044 1545 3075 25
1562 3045 1599 3068 n.

869 3106 936 3134 02
