2034 3433
174 166 273 221 658]
660 167 732 207 ΤΟ
769 168 1005 208 'PHOMAS
1042 167 1281 208 WOLSEY
1715 171 1764 207 81

227 271 352 311 Haud
383 284 449 310 me
481 271 590 321 fugit
620 284 747 321 quam
776 275 984 322 vtrunque
1013 285 1168 311 munus
1196 272 1396 322 pusillum
1423 271 1499 309 sit:
1529 284 1765 322 quanquam

171 338 301 376 tantis
315 336 509 375 heroibus
527 336 624 387 quid
639 337 794 387 alioqui
813 351 897 376 non
912 338 967 377 sit
987 338 1178 377 futurum
1193 337 1426 387 pusillum?
1474 336 1554 375 Sed
1569 337 1765 387 perfricui

170 403 363 449 frontem,
384 404 426 440 et
451 401 726 441 humanitatis
744 405 905 442 vestrae
928 416 1054 453 quam
1079 402 1338 442 celsitudinis
1361 401 1491 440 malui
1511 401 1760 449 meminisse,

169 471 210 506 et
236 468 375 507 visum
403 468 465 505 est
492 468 703 517 vtcunque
733 468 923 507 refricare
953 468 1083 507 nostri
1112 468 1369 515 memoriam,
1398 466 1606 516 simulque
1631 466 1762 505 animi
1784 483 1823 516 35

170 534 324 572 maiora
341 531 554 571 molientis
573 532 919 582 significationem
939 533 1045 581 dare,
1068 533 1232 583 quando
1253 532 1422 571 interim
1443 531 1609 570 Nouum
1628 531 1764 570 Testa·

169 600 358 636 mentum
378 598 436 637 sic
462 610 530 635 me
554 599 691 637 totum
720 598 844 638 habet
871 612 917 637 ac
943 598 1124 649 possidet
1142 600 1189 637 vt
1213 597 1325 636 aliud
1356 610 1438 635 non
1458 595 1626 646 possim.
1685 596 1763 635 Cui

166 663 337 712 quidem
363 662 478 713 operi
503 664 661 701 certum
686 665 749 701 est
774 663 953 710 immori,
976 665 1048 702 aut
1070 663 1128 702 ita
1157 665 1330 701 tractare
1350 664 1396 700 vt
1424 663 1515 700 tum
1539 660 1645 699 mihi
1670 663 1762 700 tum

168 726 298 766 Leoni
327 726 373 766 P.
401 727 454 765 M.
486 740 700 777 nunquam
728 728 1091 766 intermoriturum
1121 728 1254 766 famae
1283 728 1407 766 decus
1435 727 1489 764 sit
1518 726 1760 776 pariturum.

168 793 261 832 Non
299 805 439 831 recuso
479 806 559 842 quo
599 792 738 831 minus
777 794 852 831 hoc
890 795 1125 842 arroganter
1162 792 1322 831 dictum
1358 791 1559 837 videatur,
1598 791 1681 829 nisi
1719 804 1762 829 re
1780 805 1823 836 40

166 858 407 907 praestitero
427 858 534 908 quod
561 858 767 907 polliceor.
829 858 939 896 Huic
965 871 1062 896 sane
1087 857 1218 897 labori
1245 858 1343 896 haec
1363 857 1510 907 hyems
1530 855 1761 903 dicabitur3

165 935 293 972 quam
331 922 506 962 Louanii
543 936 637 962 sum
670 925 848 971 acturus,
884 925 1153 973 posteaquam
1186 936 1261 961 nec
1295 922 1495 971 Princeps
1533 921 1649 960 adest
1686 934 1761 959 nec

165 988 446 1027 Cancellarius
460 988 733 1038 Borgondiae.
790 988 970 1026 Interim
986 988 1185 1026 maiorem
1200 987 1245 1025 in
1260 987 1430 1025 modum
1446 999 1545 1035 rogo
1562 986 1610 1024 R.
1631 985 1681 1025 D.
1698 986 1760 1036 T„

165 1053 349 1102 primum
386 1055 432 1091 vt
464 1056 537 1092 tua
573 1053 771 1092 celsitudo
808 1055 951 1103 pergat
983 1065 1029 1091 eo
1061 1052 1202 1091 fauore
1235 1065 1314 1101 quo
1352 1051 1498 1100 coepit,
1535 1051 1758 1089 Erasmum

164 1118 384 1168 prosequi;
413 1118 560 1156 deinde
586 1121 627 1157 et
655 1118 731 1157 hoc
753 1119 1033 1168 qualecunque
1052 1116 1352 1155 munusculum
1371 1116 1637 1154 serenissimo
1659 1115 1761 1166 Regi
1777 1129 1817 1159 45

165 1183 456 1222 commendare
492 1184 696 1233 dignetur,
738 1185 821 1232 aut,
859 1184 894 1222 si
933 1184 974 1222 id
1012 1196 1156 1233 parum
1195 1184 1380 1220 meretur
1416 1181 1554 1230 ipsum
1593 1193 1758 1229 munus,

165 1250 274 1287 certe
292 1248 406 1287 hunc
424 1249 613 1287 animum
635 1249 805 1287 tradere.

217 1313 306 1352 Rex
344 1313 582 1352 Catholicus
619 1313 718 1352 hinc
754 1314 995 1353 felicissime
1033 1313 1186 1360 soluit;
1230 1311 1394 1350 vtinam
1434 1311 1578 1350 eodem
1616 1312 1758 1349 tenore

163 1380 296 1416 cetera
332 1378 397 1417 illi
431 1379 650 1417 succedant
682 1379 726 1417 in
766 1378 1008 1429 Hispaniis!
1065 1378 1188 1427 Apud
1229 1389 1305 1415 nos
1342 1389 1485 1415 vereor
1522 1389 1572 1414 ne
1609 1388 1759 1424 magna

163 1456 303 1482 rerum
330 1444 497 1483 nouitas
525 1444 740 1492 exoriatur,
767 1445 813 1483 ni
840 1444 1028 1483 numinis
1058 1443 1177 1482 fauor
1204 1442 1524 1492 principumque
1552 1440 1682 1490 pietas
1711 1453 1757 1478 ac
1777 1454 1818 1485 50

161 1508 363 1557 sapientia
382 1508 504 1548 rebus
523 1509 720 1548 humanis
739 1510 1002 1560 prospiciant.
1061 1507 1280 1547 Ammonii
1295 1508 1475 1545 mortem
1495 1505 1758 1544 acerbissime

161 1573 260 1612 fero.
319 1573 429 1622 Quot
456 1587 539 1612 vno
573 1574 618 1612 in
649 1574 818 1613 homine
849 1575 964 1613 dotes
997 1574 1178 1624 periere!
1234 1571 1368 1611 Periit
1398 1573 1439 1609 et
1469 1571 1758 1620 Hieronymus

160 1637 387 1687 Buslidius,
411 1639 483 1689 qui
505 1635 669 1688 pridem
692 1639 801 1689 apud
825 1652 901 1678 vos
929 1639 1136 1690 legatione
1159 1638 1330 1676 functus
1349 1638 1436 1683 est;
1466 1637 1507 1675 et
1526 1636 1600 1674 has
1618 1635 1758 1685 primi·

160 1703 241 1742 tias
260 1703 363 1742 Orco
384 1704 613 1754 Hispanico
634 1704 836 1752 dedimus,
861 1705 927 1743 cui
947 1704 1031 1743 iam
1053 1703 1235 1742 nimium
1262 1715 1381 1752 saepe
1401 1701 1586 1740 litamus.
1644 1701 1755 1740 Bene

158 1769 295 1808 valeat
315 1770 364 1808 R.
378 1769 423 1808 Τ.
440 1770 507 1818 D.,
529 1770 596 1809 cui
614 1770 727 1809 hunc
747 1770 942 1809 infimum
963 1769 1211 1809 clientulum
1232 1768 1457 1818 diligenter
1475 1766 1732 1806 commendo.
1773 1779 1813 1811 55

213 1836 481 1885 Antwerpiae
502 1846 536 1882 5.
561 1835 624 1874 Id.
641 1835 871 1885 septembr.
929 1836 1068 1874 Anno.
1093 1847 1180 1872 M.D.
1209 1845 1268 1881 17.

659 1972 754 2013 659.
813 1971 877 2012 To
907 1970 1060 2012 JAMES
1091 1969 1258 2013 FABER.

207 2059 394 2096 Deventer
412 2059 489 2096 MS.
507 2071 564 2105 91,
582 2060 609 2096 f.
627 2062 684 2105 63.
1412 2059 1587 2095 Louvain.

206 2116 250 2154 D.
269 2130 305 2162 p.
322 2128 410 2163 195:
435 2118 474 2152 F.
489 2131 525 2164 p.
544 2120 631 2163 163:
658 2119 749 2154 HN:
775 2119 960 2155 Lond.iii.
978 2130 1042 2164 33:
1068 2119 1141 2154 LB.
1157 2128 1237 2162 271.
1306 2128 1343 2153 11
1367 2118 1587 2163 September
1609 2127 1705 2163 1517.

204 2198 514 2240 [Accompanying
529 2208 548 2229 a
565 2209 653 2238 copy
670 2200 708 2230 of
720 2200 781 2230 the
797 2202 972 2238 Αροῖορὶας
997 2201 1077 2230 sent
1094 2200 1140 2239 by
1156 2209 1176 2230 a
1198 2198 1403 2238 theologian
1426 2199 1464 2229 of
1483 2198 1546 2229 the
1567 2198 1752 2229 Sorbonne

159 2242 217 2282 (cf.
237 2242 324 2283 Epp.
342 2252 414 2281 724.
437 2251 464 2281 1,
486 2243 558 2281 778.
578 2243 717 2283 289-90,
738 2243 809 2283 796.
828 2253 869 2273 22
886 2242 999 2284 seq.)]

640 2341 845 2371 ERASMVS
877 2340 1025 2370 FABRO
1057 2340 1138 2369 SVO
1171 2340 1205 2372 S.
1232 2340 1273 2370 D.

213 2419 296 2468 QVI
342 2421 533 2458 nostrum
570 2421 737 2471 vtrique
784 2421 887 2460 bene
933 2421 1091 2468 volunt,
1144 2420 1302 2469 optime
1348 2419 1489 2467 Faber,
1537 2419 1751 2469 vtriusque

155 2485 288 2523 vicem
322 2485 476 2525 dolent.
535 2486 667 2525 Tuam
706 2486 772 2525 cui
809 2488 896 2525 tam
927 2487 1095 2525 sinistre
1134 2485 1273 2524 nescio
1313 2485 1406 2534 quis
1443 2485 1544 2523 deus
1572 2485 1751 2524 immisit

155 2550 202 2588 in
233 2549 424 2589 animum
453 2553 510 2598 vt,
534 2564 629 2589 cum
657 2551 763 2590 nihil
793 2554 900 2591 esset
925 2565 1079 2600 causae,
1103 2552 1192 2589 tam
1216 2550 1354 2589 odiosa
1381 2550 1660 2600 disputatione
1682 2564 1750 2590 me

201 2657 278 2689 658.
303 2666 356 2696 32.
382 2667 515 2689 munus
532 2661 607 2691 add.
625 2661 664 2690 D.
840 2669 894 2698 33.
918 2659 1006 2699 quid
1022 2662 1069 2690 D:
1094 2657 1190 2697 quod
1205 2660 1273 2689 MS.
1455 2668 1508 2698 37.
1532 2658 1664 2699 nosnon
1680 2660 1749 2691 MS.

157 2701 210 2740 38.
237 2702 291 2731 est
307 2703 380 2732 add.
395 2704 432 2732 D.
536 2704 577 2732 vt
595 2726 602 2733 .
623 2726 630 2733 .
650 2726 657 2733 .
679 2712 733 2742 39.
756 2702 867 2733 Leoni
886 2705 934 2733 D:
958 2705 993 2734 et
1010 2702 1103 2733 mihi
1124 2704 1159 2732 et
1177 2701 1287 2732 Leoni
1301 2703 1368 2732 MS.
1520 2711 1571 2740 43.
1596 2701 1635 2732 R.
1651 2701 1693 2732 D.
1709 2701 1746 2733 T.

155 2755 215 2776 om.
231 2746 274 2774 H.
469 2754 523 2784 45.
545 2746 618 2785 regi
632 2748 678 2777 D:
704 2747 797 2786 regis
812 2749 883 2777 MS.
1073 2746 1124 2784 48.
1149 2745 1354 2776 Catholicus
1370 2747 1416 2777 D:
1442 2744 1659 2784 Cathologus
1674 2748 1744 2777 MS.

156 2798 210 2827 49.
236 2789 283 2818 D:
307 2796 410 2818 vereo
425 2790 495 2819 MS.
649 2799 701 2828 53.
727 2789 865 2829 pridem
880 2792 972 2820 MS.:
997 2789 1143 2828 quidem
1159 2787 1210 2818 D2.
1368 2798 1420 2827 54.
1445 2789 1501 2818 cui
1519 2811 1526 2817 .
1543 2811 1552 2820 .
1573 2811 1582 2819 .
1599 2788 1747 2819 litamus

154 2834 230 2862 add.
247 2833 284 2861 D.
354 2840 407 2869 55.
434 2831 473 2861 R.
489 2831 524 2862 T.
541 2831 581 2862 D.
601 2835 669 2863 MS.
683 2844 689 2863 :
714 2834 777 2863 tua
793 2832 988 2864 reuerenda
1005 2832 1209 2863 sublimitas
1224 2833 1266 2862 H.
1342 2832 1415 2862 659.
1440 2842 1470 2863 2.
1497 2831 1691 2863 immiserit
1705 2834 1745 2864 D.

200 2917 275 2948 658.
300 2925 352 2957 43.
375 2893 637 2960 Cancellarius]
653 2920 700 2951 Le
717 2920 883 2960 Sauvage.
1024 2929 1078 2958 54.
1102 2918 1192 2958 iam]
1212 2918 1275 2949 See
1292 2918 1383 2958 App.
1401 2919 1488 2950 Crit.
1512 2918 1567 2958 By
1579 2919 1640 2949 the
1656 2919 1745 2950 time

199 2970 253 2999 53.-
277 2960 472 3002 legatione]
497 2961 542 2993 In
563 2972 669 3002 1509:
696 2973 752 2995 see
770 2964 834 3004 Ep.
853 2973 917 3003 205
981 2962 1025 2993 D¹
1042 2972 1115 2993 was
1131 2962 1276 3002 printed
1292 2962 1460 2994 Erasmus
1483 2963 1554 2994 had
1576 2963 1688 2993 heard
1709 2963 1749 2994 of

156 3003 288 3035 introd.
475 3037 477 3039 ,
982 3007 1029 3037 Le
1047 3006 1234 3046 Sauvage's
1251 3005 1370 3037 death.

220 3069 328 3090 aum
347 3069 390 3089 111
933 3073 961 3100 G
