2034 3433
140 141 236 196 776]
665 145 735 184 To
773 145 1007 186 THOMAs
1044 146 1201 185 MORE
1654 147 1734 184 219

134 248 265 288 lector
292 262 316 287 a
344 263 410 288 me
442 249 577 288 veluti
609 250 849 289 fideiussore
883 250 1050 289 videtur
1083 253 1312 299 exacturus,
1347 250 1457 301 quod
1496 250 1609 288 illius
1648 263 1734 300 spo-

134 311 327 366 [s]pondi
360 315 541 362 nomine,
578 328 662 354 non
699 315 759 354 ita
796 315 937 366 magni
976 315 1090 354 duco.
1152 315 1186 354 O
1220 316 1333 364 φίλαι
1368 317 1518 365 μοῦσαι,
1557 328 1610 353 an
1649 328 1734 353 non
1756 327 1794 349 10

134 380 354 429 perpendit
373 380 445 418 ille
466 393 553 419 rem
573 393 662 419 esse
682 393 841 419 sacram
860 380 983 419 amici
1003 393 1156 419 nomen
1178 380 1267 419 orbi
1287 381 1541 430 posterisque
1561 381 1732 428 tradere,

135 457 267 495 neque
291 445 514 496 quicquam
536 446 719 496 respexit
745 448 883 496 preter
905 446 1138 493 atramenti,
1167 446 1404 484 chartarum
1429 445 1589 496 oleique
1611 446 1735 484 iactu-

134 511 252 548 ram?
307 510 516 559 Quorsum
535 505 741 550 attinebat
761 511 910 549 referre
931 524 1063 560 nugas
1083 511 1177 549 illas
1197 511 1248 549 de
1268 510 1415 559 rotulo,
1436 510 1486 549 de
1504 509 1732 557 heresibus,

135 574 186 612 de
204 577 446 625 paupertate
462 577 482 614 ?
536 577 607 614 An
628 576 822 626 quicquid
843 589 1016 626 vsquam
1038 576 1149 614 inter
1169 576 1339 626 cyathos
1357 576 1555 615 effutiunt
1575 575 1729 622 rabule,

134 639 309 690 dignum
329 653 418 680 esse
440 642 560 691 putat
581 642 690 690 quod
711 641 800 680 orbi
820 641 1043 691 legendum
1062 642 1345 691 proponatur?
1756 650 1792 683 Ι5

189 706 346 744 Verum
366 706 441 745 hec
462 719 550 744 sera
569 707 651 745 iam
671 709 734 745 est
753 706 1030 756 comploratio.
1093 706 1209 755 Quod
1231 708 1430 755 superest,
1453 720 1527 756 pro
1546 709 1618 744 tua
1636 717 1734 743 cum

135 769 209 808 illo
227 770 508 810 familiaritate
528 772 801 810 submonebis
820 771 1035 810 hominem
1055 784 1107 809 ne
1128 771 1405 810 consimiliter
1426 773 1521 821 post
1540 771 1735 810 abutatur

133 835 294 875 litteris.
353 837 397 875 Si
416 838 546 876 Greca
560 839 705 885 vertet,
721 836 855 875 alieno
875 836 1030 875 iudicio
1050 836 1255 884 fulcietur,
1274 850 1409 886 neque
1430 837 1651 886 quicquam
1672 838 1735 874 est

135 900 354 940 habiturus
374 902 531 951 negocii
557 904 693 951 preter
717 901 963 940 elocutionis
991 914 1142 940 curam.
1200 901 1435 950 Epistolam
1460 902 1510 939 ad
1533 901 1735 950 Dorpium

134 978 209 1014 pro
244 978 312 1004 me
345 966 542 1016 scriptam
575 966 708 1015 ipsius
744 966 914 1005 honoris
947 979 1067 1004 causa
1104 966 1324 1016 suppressi.
1393 966 1534 1015 Atque
1570 966 1735 1005 vtinam
1756 978 1795 999 20

135 1029 327 1068 libellum
347 1030 459 1069 hunc
479 1031 736 1081 supprimere
755 1030 896 1069 liceret
912 1032 921 1069 !

189 1094 282 1133 Heo
309 1095 360 1133 ad
389 1097 430 1133 te
456 1095 546 1134 sine
571 1095 665 1134 fuco
689 1096 844 1146 scripsi,
876 1096 937 1134 mi
961 1095 1086 1143 More,
1114 1095 1221 1146 quod
1252 1095 1301 1133 de
1327 1095 1472 1134 nuncii
1497 1094 1578 1133 fide
1602 1097 1736 1133 certus

135 1171 294 1207 essem;
327 1160 378 1198 ad
411 1160 551 1210 ipsum
583 1161 725 1199 eadem
757 1161 1001 1211 scripturus,
1036 1161 1083 1199 ni
1115 1161 1200 1199 iam
1233 1160 1357 1199 toties
1385 1162 1579 1210 expertus
1602 1172 1735 1198 essem

135 1225 340 1274 quantum
370 1238 446 1264 suo
474 1226 648 1276 quisque
678 1226 846 1277 ingenio
875 1226 1023 1265 faueat.
1082 1226 1136 1265 Et
1165 1239 1303 1264 coram
1336 1224 1578 1264 huiusmodi
1606 1225 1736 1275 placa-

134 1288 262 1328 bilius
281 1290 496 1329 admoneri
514 1291 659 1329 solent.
717 1291 834 1329 Bene
852 1291 958 1330 vale.
1757 1305 1794 1337 25

187 1354 433 1405 Antwerpie
456 1355 562 1393 festo
583 1355 784 1395 Cathedre
804 1356 932 1394 Petri.
954 1356 1035 1394 An.
1058 1368 1142 1394 M.D.
1170 1358 1227 1393 18.

595 1456 691 1496 777.
750 1453 815 1495 To
848 1453 1014 1494 HENRY
1046 1453 1274 1494 BULLOCK.

183 1542 367 1578 Deventer
385 1543 461 1578 MS.
483 1554 537 1588 91,
558 1543 582 1578 f.
604 1554 660 1589 34.
1353 1542 1542 1588 Antwerp.

183 1600 255 1636 LB.
275 1601 370 1647 App.
391 1603 471 1647 263.
1212 1600 1266 1648 (c.
1286 1611 1330 1637 22
1349 1601 1539 1646 February
1561 1600 1685 1647 1518.)

181 1682 271 1723 [The
287 1683 389 1714 dates
404 1684 442 1714 of
451 1684 550 1724 place
560 1683 633 1714 and
645 1684 735 1714 time
751 1682 906 1714 conflict.
944 1682 1019 1714 The
1032 1682 1165 1713 former
1181 1683 1212 1713 is
1225 1682 1420 1713 confirmed
1433 1683 1480 1722 by
1492 1682 1554 1712 the
1569 1682 1734 1713 mention

137 1726 177 1757 os
192 1726 354 1758 Louvain
371 1728 411 1757 in
427 1727 449 1758 l.
466 1737 518 1766 30.
567 1727 640 1758 The
657 1728 806 1758 absence
827 1726 866 1757 of
885 1736 958 1766 any
974 1727 1157 1757 reference
1176 1729 1214 1757 to
1236 1726 1389 1766 Meghen
1406 1736 1445 1756 or
1461 1726 1678 1765 Berckman,
1697 1735 1736 1756 or

136 1772 172 1801 to
187 1770 250 1802 the
266 1772 392 1802 events
406 1771 562 1802 touched
578 1780 675 1810 upon
692 1771 731 1802 in
741 1771 805 1801 the
817 1770 942 1801 letters
957 1771 996 1801 of
1008 1779 1028 1809 5
1040 1770 1173 1809 March,
1187 1769 1260 1800 also
1274 1771 1435 1810 suggests
1447 1770 1527 1800 that
1539 1769 1616 1800 this
1630 1770 1736 1800 letter

138 1813 280 1854 belongs
296 1816 333 1845 to
349 1815 412 1845 the
429 1815 557 1845 earlier
572 1824 692 1855 group,
705 1814 779 1845 and
794 1814 875 1845 that
885 1814 949 1845 the
962 1813 1043 1844 date
1055 1813 1093 1845 of
1106 1815 1194 1844 time
1205 1823 1279 1844 was
1295 1813 1411 1845 added
1422 1814 1528 1844 when
1542 1813 1605 1844 the
1619 1812 1735 1844 whole

136 1858 262 1896 packet
277 1867 351 1889 was
367 1858 578 1898 dispatched
596 1869 602 1888 :
627 1859 670 1890 cf.
689 1859 752 1898 Ep.
769 1867 829 1897 772
846 1856 998 1898 introd.]

595 1953 801 1984 ERASMVS
832 1953 1027 1984 BOVILLO
1060 1953 1142 1983 SVO
1174 1953 1206 1984 S.
1230 1953 1273 1984 D.

191 2033 368 2072 Pmm
387 2034 592 2084 voluptati
614 2035 706 2082 fuit,
732 2034 886 2084 optime
905 2034 1079 2079 Bouille,
1098 2034 1208 2084 quod
1228 2035 1269 2072 te
1291 2034 1420 2083 pestis
1442 2034 1522 2072 ista
1542 2033 1735 2072 scelerata

139 2112 224 2137 non
243 2099 393 2148 attigit.
429 2099 558 2138 Croco
577 2099 764 2149 gratulor
777 2101 900 2149 atque
919 2099 1019 2138 adeo
1038 2101 1201 2137 vestrae
1220 2098 1347 2137 etiam
1366 2098 1638 2146 Academiae;
1669 2098 1735 2136 cui

138 2166 299 2214 praeter
326 2164 428 2202 alias
455 2164 768 2203 honestissimas
797 2164 1051 2213 disciplinas,
1078 2164 1228 2214 quibus
1255 2164 1339 2202 iam
1367 2164 1529 2213 pridem
1555 2163 1731 2211 excellit,

138 2229 215 2268 hoc
257 2242 418 2279 quoque
457 2229 615 2268 decoris
651 2229 876 2268 accesserit.
933 2229 1012 2267 Sed
1047 2228 1147 2278 quid
1181 2242 1256 2278 ego
1295 2229 1448 2267 audio?
1503 2229 1573 2267 An
1612 2228 1734 2267 isthic

138 2294 265 2333 etiam
299 2297 398 2333 sunt
436 2294 508 2344 qui
544 2308 619 2344 pro
657 2294 789 2332 Fabro
828 2293 1144 2343 digladientur?
1200 2293 1309 2341 Quid
1347 2295 1408 2332 est
1448 2296 1588 2332 autem
1625 2294 1735 2343 quod
1755 2308 1771 2338 5

138 2360 246 2398 mihi
265 2362 507 2399 succensent
525 2360 626 2398 isti?
663 2372 717 2398 an
745 2359 854 2409 quod
877 2358 1157 2408 blasphemiae
1180 2359 1347 2406 crimen,
1374 2359 1481 2408 quod
1506 2358 1610 2396 mihi
1641 2371 1736 2397 cum

138 2424 334 2464 omnibus
372 2425 610 2463 orthodoxis
642 2424 911 2474 scriptoribus
941 2436 1163 2462 commune
1201 2423 1334 2461 Faber
1369 2423 1442 2462 vni
1479 2422 1612 2461 veluti
1648 2436 1737 2473 pro-

138 2489 277 2539 prium
314 2489 521 2539 impingit,
563 2489 803 2528 clarissimis
838 2488 1099 2539 argumentis
1139 2488 1324 2538 propello
1341 2488 1362 2526 ?
1428 2488 1511 2527 Cur
1548 2501 1634 2526 non
1672 2487 1738 2526 illi

138 2554 278 2604 potius
307 2556 549 2593 succensent
580 2554 651 2604 qui
681 2567 746 2592 me
769 2553 1004 2601 lacessierit,
1036 2555 1077 2591 et
1109 2552 1167 2591 ita
1194 2552 1420 2591 lacessierit
1449 2555 1495 2591 vt
1523 2552 1735 2603 integrum

140 2631 224 2657 non
262 2618 386 2657 fuerit
423 2617 735 2670 obti<ce>scere?
806 2619 883 2658 Sed
922 2618 1036 2666 istos,
1078 2617 1140 2656 mi
1178 2617 1353 2666 Bouille,
1395 2617 1560 2656 rabulas
1597 2617 1734 2656 valere
1758 2629 1796 2651 10

183 2722 256 2753 776.
283 2731 332 2761 17.
358 2721 421 2752 illo
437 2724 512 2752 LB:
535 2722 601 2753 illa
615 2725 683 2754 MS.
804 2723 877 2753 777.
903 2732 932 2760 7.
958 2724 1031 2752 LB:
1054 2731 1241 2761 commune
1257 2723 1328 2752 MS.
1448 2730 1498 2752 10.
1524 2720 1735 2752 obticescere

141 2767 217 2803 LB,·
241 2767 277 2803 cf.
294 2767 354 2802 Ep.
373 2766 448 2805 659.
466 2776 496 2802 4.

186 2866 258 2895 776,
281 2875 312 2904 9.
339 2864 528 2905 spopondi]
551 2864 598 2895 In
622 2865 685 2895 the
709 2864 850 2906 preface
865 2867 901 2896 to
969 2865 1072 2896 mind
1089 2864 1191 2903 later,
1211 2863 1284 2895 and
1301 2866 1411 2895 wrote
1429 2863 1491 2903 Ep.
1513 2865 1586 2903 787.

140 2909 203 2940 ‘the
219 2911 349 2946 Adaqia
365 2918 372 2938 :
396 2908 460 2947 Ep.
478 2917 551 2938 211.
571 2917 667 2946 43—9.
1012 2909 1085 2938 777.
1114 2917 1142 2938 1.
1166 2906 1293 2948 pestis]
1311 2907 1362 2939 Of.
1383 2908 1446 2947 Ep.
1465 2909 1541 2946 623.
1555 2909 1623 2940 8n.

188 2962 238 2992 19.
262 2950 480 2991 Epistolam]
505 2951 557 2982 Cf.
575 2951 639 2991 Ep.
660 2961 732 2990 732.
749 2961 791 2991 53
807 2962 843 2983 n.
1011 2961 1042 2983 2.
1068 2950 1192 2991 Croco]
1210 2951 1263 2982 Cf.
1283 2951 1346 2990 Ep.
1366 2960 1438 2990 712.
1457 2961 1500 2990 29
1517 2962 1552 2983 n.

184 3005 237 3035 23.
261 2994 477 3035 scripturus]
492 2994 661 3025 Erasmus
672 2995 833 3035 changed
844 2995 902 3027 his
1076 2994 1151 3036 cui]
1170 2994 1304 3032 Croke;
1329 2994 1371 3025 cf.
1390 2994 1454 3035 Ep.
1473 3004 1547 3034 712.
1566 3004 1618 3033 30.
