2034 3433
131 167 230 220 858]
705 167 776 205 TO
814 167 970 206 PAUL
1008 167 1152 206 VOLZ
1639 168 1718 205 375

129 272 206 311 soli
227 271 408 322 religiosi
428 271 628 311 vocantur
652 283 798 320 parum
826 270 1003 320 religiosi
1029 270 1277 309 viderentur.
1339 271 1454 319 Quod
1474 272 1516 308 et
1535 270 1656 308 hodie
1674 271 1718 308 in

129 350 214 375 non
234 337 374 386 paucis
389 349 535 375 verum
555 338 617 374 est
634 350 643 383 ;
667 348 739 374 cur
754 336 867 374 enim
888 336 1108 374 manifesta
1123 335 1464 374 dissimulemus?
1511 335 1564 373 Et
1578 338 1718 374 tamen

129 402 231 440 olim
268 402 403 452 prima
434 400 684 440 monasticae
713 400 821 439 vitae
853 401 968 450 origo
1001 413 1184 438 secessus
1212 402 1298 439 erat
1326 401 1377 439 ab
1405 399 1719 439 idololatrarum

128 467 308 506 saeuitia.
368 467 465 505 Mox
502 466 577 504 hos
615 465 880 514 sequentium
919 464 1218 503 monachorum
1249 466 1443 504 instituta
1472 465 1579 503 nihil
1607 465 1718 503 aliud

132 534 247 570 erant
267 545 391 582 quam
410 532 696 569 reuocamenta
711 530 761 568 ad
778 530 1002 568 Christum.
1052 529 1301 580 Principum
1315 531 1432 569 aulae
1448 530 1571 569 titulo
1586 531 1718 580 magis
1739 545 1801 575 510

128 610 253 647 quam
272 597 360 636 vita
378 596 588 647 quondam
603 598 721 634 erant
734 595 1006 634 Christianae.
1059 595 1282 645 Episcopos
1301 609 1397 633 mox
1419 595 1661 634 ambitionis
1678 599 1717 633 et

128 662 328 700 auariciae
356 662 525 700 morbus
553 660 762 710 corripuit.
820 660 983 709 Vulgus
1010 660 1109 698 item
1134 673 1157 699 a
1183 661 1398 711 primitiua
1422 660 1494 698 illa
1523 661 1719 700 charitate

130 727 299 766 refrixit.
356 726 469 764 Hinc
484 739 694 765 secessum
710 726 892 775 captauit
907 725 1162 764 Benedictus
1176 727 1216 764 et
1229 728 1320 775 post
1337 726 1448 764 hunc
1467 726 1713 765 Bel-nardus.

130 792 278 832 deinde
304 792 375 831 alii
397 794 520 841 atque
545 791 627 830 alii.
685 790 977 840 Conspiratum
1004 792 1066 828 est
1087 804 1111 829 a
1130 792 1269 840 paucis
1294 804 1378 829 non
1399 791 1442 829 in
1463 791 1574 829 aliud
1596 804 1718 841 quam

129 857 172 894 in
192 870 346 906 purum
366 870 411 896 ac
429 856 665 907 simplicem
686 855 1066 895 Christianismum.
1740 869 1801 901 515

183 922 299 970 Quod
339 922 376 961 si
414 922 506 971 quis
545 921 772 968 Benedicti,
804 921 1022 967 Francisci,
1052 921 1282 971 Augustini
1318 922 1449 959 vitam
1488 924 1529 959 et
1559 921 1722 970 regulas

128 987 328 1026 attentius
346 988 537 1035 excutiat,
560 986 779 1037 perspiciet
799 986 884 1024 illis
913 985 1019 1024 nihil
1048 986 1160 1024 aliud
1188 986 1231 1024 in
1259 987 1366 1025 votis
1385 986 1513 1025 fuisse
1532 999 1654 1036 quam
1674 989 1721 1024 vt

128 1065 222 1090 cum
260 1052 496 1102 spontaneis
532 1051 677 1090 amicis
714 1051 831 1090 iuxta
869 1051 1100 1090 doctrinam
1134 1052 1429 1102 Euangelicam
1458 1052 1502 1090 in
1531 1052 1721 1090 libertate

127 1117 299 1167 spiritus
335 1118 526 1156 viuerent
542 1131 553 1165 ;
580 1130 730 1167 eosque
759 1117 889 1155 fuisse
917 1117 1152 1167 compulsos
1177 1119 1223 1155 vt
1251 1117 1300 1155 de
1329 1117 1515 1156 vestibus
1544 1130 1588 1155 ac
1618 1116 1721 1155 cibis

127 1182 378 1232 caeterisque
405 1183 529 1221 rebus
557 1183 739 1220 externis
767 1182 924 1231 aliquid
955 1182 1305 1230 praescriberent3
1336 1182 1539 1220 nimirum
1568 1182 1721 1221 veritos
1739 1195 1802 1226 520

128 1260 191 1294 ne,
234 1248 342 1297 quod
390 1247 480 1285 fieri
527 1247 646 1293 solet,
685 1247 779 1297 plus
827 1247 1081 1285 tribueretur
1118 1247 1316 1285 humanis
1353 1246 1721 1286 constitutionibus

127 1312 347 1350 hominum
363 1326 487 1362 quam
502 1311 742 1362 Euangelio.
803 1311 1045 1350 Horrebant
1065 1311 1234 1350 diuitias
1250 1326 1259 1359 ;
1288 1312 1524 1361 fugitabant
1543 1312 1720 1350 honores

127 1377 254 1416 etiam
273 1377 580 1416 ecclesiasticos.
640 1377 902 1416 Laborabant
921 1376 1126 1424 manibus,
1148 1378 1194 1415 vt
1215 1390 1299 1415 non
1320 1377 1456 1415 solum
1476 1377 1554 1426 ipsi
1573 1389 1720 1426 graues

127 1455 212 1481 non
226 1444 364 1481 essent
379 1442 584 1492 cuiquam,
600 1442 671 1481 sed
689 1443 920 1491 superesset
931 1442 1042 1480 vnde
1056 1441 1330 1480 subuenirent
1344 1442 1523 1480 aliorum
1537 1442 1719 1491 inopiae;

126 1508 379 1558 occupabant
407 1507 616 1546 montium
646 1507 871 1554 cacumina,
902 1507 1202 1546 nidulabantur
1230 1508 1275 1545 in
1315 1507 1416 1546 locis
1453 1507 1716 1556 palustribus,
1740 1521 1800 1552 525

126 1572 315 1612 colebant
334 1586 475 1611 arenas
496 1572 664 1622 locaque
691 1572 862 1610 deserta.
923 1572 1115 1622 Denique
1143 1574 1303 1610 tantam
1329 1573 1548 1610 hominum
1578 1572 1718 1611 multi-

125 1638 316 1677 tudinem
354 1637 442 1676 sine
481 1637 691 1684 conuiciis,
730 1636 870 1687 flagris
907 1639 949 1675 et
985 1637 1219 1676 carceribus
1259 1637 1590 1686 moderabantur,
1633 1638 1719 1676 sola

126 1703 324 1751 doctrina,
355 1703 538 1750 monitis,
570 1703 714 1741 officiis
742 1705 782 1740 et
810 1701 920 1741 vitae
947 1702 1161 1752 exemplis.
1218 1703 1338 1741 Tales
1375 1705 1491 1741 erant
1528 1703 1721 1741 monachi

125 1782 228 1819 quos
254 1770 366 1807 amat
394 1768 615 1818 laudatque
643 1767 839 1814 Basilius,
868 1780 971 1817 quos
998 1769 1143 1805 tuetur
1172 1768 1523 1817 Chrysostomus:
1553 1768 1599 1806 in
1626 1768 1721 1807 illos

124 1836 336 1884 vtcunque
362 1833 598 1884 quadrabat,
621 1833 730 1883 quod
757 1833 807 1870 ad
836 1832 1075 1870 Marcellam
1101 1832 1246 1870 scribit
1273 1833 1398 1872 diuus
1424 1833 1719 1883 Hieronymus,
1739 1846 1803 1877 530

127 1900 425 1938 monachorum
463 1900 502 1937 et
542 1898 755 1948 virginum
792 1897 938 1936 choros
981 1910 1069 1936 esse
1108 1899 1253 1936 florem
1291 1901 1332 1936 et
1369 1898 1719 1948 preciosissimum

127 1964 308 2014 lapidem
330 1964 440 2002 inter
466 1965 710 2002 ornamenta
737 1962 957 2001 Ecclesiae.
1018 1963 1109 2001 Hoc
1128 1963 1263 2013 elogio
1284 1963 1398 2002 dictu
1418 1965 1574 2002 mirum
1595 1976 1719 2012 quam

128 2028 248 2067 hodie
277 2028 357 2067 sibi
385 2029 653 2067 blandiantur
681 2028 875 2066 monachi
904 2027 1221 2078 qualescunque.
1278 2029 1435 2068 Verum
1464 2029 1643 2067 feremus
1673 2031 1720 2067 vt

127 2093 430 2144 amplectantur
454 2093 632 2141 laudem,
655 2093 691 2131 si
710 2092 839 2131 simul
858 2091 1164 2142 amplectantur
1184 2094 1431 2143 exemplum.
1491 2093 1587 2132 Mox
1607 2093 1720 2131 enini

126 2159 191 2197 vir
228 2158 580 2208 prudentissimus
616 2157 785 2196 subiicit
822 2158 999 2195 formam
1036 2157 1348 2206 monachorum,
1380 2172 1482 2208 quos
1511 2172 1559 2196 eo
1596 2158 1719 2197 titulo
1739 2169 1800 2201 535

126 2224 274 2274 dignos
311 2223 485 2262 censuit.
546 2223 660 2262 ‘Vox
697 2222 893 2272 quidem'
922 2221 1058 2271 inquit
1092 2221 1292 2271 ‘dissona,
1333 2223 1403 2261 sed
1442 2236 1524 2261 vna
1561 2222 1716 2272 religio.

126 2290 204 2328 Tot
230 2302 334 2339 pene
357 2287 629 2337 psallentium
655 2286 772 2325 chori
791 2289 891 2336 quot
916 2287 1104 2336 gentium
1129 2287 1406 2327 diuersitates.
1466 2288 1586 2327 Inter
1609 2288 1717 2335 haec,

127 2367 231 2404 quae
260 2354 326 2393 vel
354 2353 490 2403 prima
521 2353 633 2391 inter
660 2352 921 2391 Christianos
949 2352 1083 2390 virtus
1114 2354 1186 2398 est,
1210 2353 1318 2390 nihil
1346 2355 1540 2402 arrogant
1566 2353 1647 2392 sibi
1672 2353 1721 2391 de

126 2419 383 2459 continentia
429 2417 649 2469 supercilii.
721 2416 988 2455 Humilitatis
1034 2416 1147 2455 inter
1192 2430 1337 2456 omnes
1383 2418 1595 2457 contentio
1641 2421 1715 2457 est.

127 2486 370 2534 Quicunque
401 2483 658 2522 nouissimus
687 2482 823 2529 fuerit,
849 2481 916 2520 hic
945 2482 1107 2530 primus
1134 2484 1315 2531 putatur.
1374 2483 1428 2521 In
1455 2485 1569 2522 veste
1605 2483 1721 2521 nulla
1738 2495 1802 2528 540

128 2548 333 2597 discretio,
352 2548 469 2586 nulla
493 2547 723 2587 admiratio.
784 2547 1003 2596 Vtcunque
1031 2546 1235 2596 placuerit
1263 2547 1460 2596 incedere,
1485 2561 1557 2586 nec
1587 2548 1719 2586 detra-

127 2614 278 2653 ctionis
315 2615 377 2652 est
414 2627 490 2652 nec
528 2612 674 2651 laudis.
732 2611 896 2650 Ieiunia
928 2624 1092 2662 quoque
1130 2612 1343 2650 neminem
1381 2613 1612 2659 subleuant,
1645 2626 1719 2651 nec

127 2679 310 2718 defertur
328 2678 502 2727 inediae,
526 2691 599 2716 nec
624 2678 836 2716 moderata
854 2677 1050 2715 saturitas
1068 2677 1378 2716 condemnatur.
1435 2677 1517 2716 Suo
1539 2678 1719 2716 Domino

127 2746 210 2783 stat
247 2743 530 2793 vnusquisque
559 2745 631 2781 aut
658 2742 779 2781 cadit.
838 2742 971 2780 Nemo
1000 2741 1155 2780 iudicat
1183 2742 1371 2791 alterum,
1402 2756 1454 2780 ne
1486 2757 1509 2782 a
1538 2743 1718 2782 Domino

128 2809 353 2848 iudicetur:
385 2810 426 2846 et
455 2809 563 2858 quod
592 2808 635 2846 in
660 2807 866 2858 plerisque
892 2807 1120 2857 prouinciis
1145 2807 1350 2846 familiare
1371 2809 1443 2854 est,
1467 2809 1512 2846 vt
1536 2808 1717 2858 genuino
1737 2822 1798 2854 545

529 2927 604 2966 516.
628 2926 729 2966 Quod
745 2927 776 2958 si
792 2951 799 2957 .
820 2950 827 2958 .
846 2951 852 2957 .
873 2936 946 2965 549.
969 2925 1205 2966 patriarchae.
1223 2928 1298 2958 add.
1314 2928 1357 2957 H.

279 3024 354 3054 530.
381 2995 642 3055 Hieronymus]
665 3016 725 3052 Ep.
742 3015 793 3053 46.
818 3024 867 3045 10.
914 3014 1082 3045 Erasmus
1098 3016 1223 3054 quotes
1239 3013 1296 3045 his
1312 3023 1392 3045 own
1409 3013 1560 3047 edition.
