2034 3433
183 134 279 189 843]
669 139 738 178 ΤΟ
775 140 1001 180 MARTIN
1039 141 1283 183 LYPSIUS
1693 147 1773 185 325

181 242 301 280 docui
338 242 484 282 diuum
517 242 828 293 Hieronymum
866 245 986 284 aliter
1016 247 1179 296 sentire,
1213 260 1308 286 cum
1345 247 1433 297 ipse
1472 247 1527 287 sit
1558 249 1772 300 Vtriusque

179 307 437 347 Testamenti
464 308 681 358 interpres.

234 375 295 422 69.
324 374 394 412 Ad
408 374 519 421 haec,
537 376 583 413 vt
597 374 718 413 hodie
735 374 877 414 nullus
892 378 966 425 est,
986 377 1143 426 opinor,
1157 379 1243 416 tam
1258 377 1442 417 insolens
1457 379 1504 417 vt
1519 377 1600 416 sibi
1614 382 1774 429 arroget

177 438 418 488 prophetiae
432 440 503 478 aut
517 439 756 490 linguarum
771 441 939 489 donum,
957 441 1015 480 ita
1029 443 1298 482 temerarium
1319 445 1380 482 est
1401 443 1450 482 de
1469 443 1603 483 alieno
1622 445 1772 494 spiritu

178 504 370 544 iudicare.
429 505 625 543 Annixus
651 518 745 543 sum
770 508 816 544 vt
845 519 949 556 quae
975 507 1206 546 rectissima
1231 510 1331 547 sunt
1348 509 1565 557 traderem,
1586 511 1772 549 veterum
1790 514 1853 553 480

180 570 503 609 orthodoxorum
535 572 703 610 secutus
735 571 934 622 vestigia3
970 585 1101 622 neque
1131 572 1356 624 quicquam
1394 573 1579 624 spectaui
1610 577 1773 624 praeter

176 634 343 675 lectoris
371 635 596 674 vtilitatem
629 638 670 674 et
698 636 855 676 Christi
891 636 1077 687 gloriam.
1136 638 1256 677 Inter
1292 638 1565 679 laborandum
1595 640 1772 680 subinde

176 700 398 751 imploraui
435 701 539 739 sacri
577 700 754 751 Spiritus
791 715 939 751 opem:
988 704 1097 741 certe
1135 705 1271 742 rectus
1305 704 1469 742 animus
1503 718 1589 744 non
1628 706 1772 745 defuit.

177 766 307 804 Porro
328 766 421 816 quis
440 766 611 816 angelus
637 766 714 805 tibi
740 767 1018 806 subindicauit
1039 768 1144 806 mihi
1169 768 1348 818 Spiritus
1369 769 1573 809 auxilium
1593 771 1772 810 defuisse

177 831 359 881 cupienti
385 832 587 882 prodesse,
616 845 711 871 cum
737 831 815 870 tibi
840 832 1019 871 videaris
1037 833 1159 872 illum
1180 833 1375 873 habuisse
1393 834 1438 873 in
1458 836 1652 885 consiliis,
1677 849 1772 876 cum
1790 841 1850 881 485

178 897 252 936 has
277 896 476 936 scriberes
501 897 823 947 sycophantias?
854 898 1099 948 praesertim
1125 898 1169 936 in
1197 912 1298 948 opus
1324 900 1402 938 tibi
1427 913 1480 939 ne
1507 904 1772 952 conspectum

176 962 355 1012 quidem.
411 962 552 1013 Neque
578 976 646 1001 me
668 962 777 1013 fugit
803 963 898 1012 quis
923 963 996 1002 ille
1022 963 1100 1002 tibi
1125 964 1356 1014 paracletus
1377 966 1512 1005 fuerit.
1572 967 1651 1016 Qui
1670 981 1772 1018 opus

175 1028 361 1066 nondum
396 1030 543 1066 natum
576 1027 851 1066 calumniatus
884 1030 957 1076 est,
993 1028 1030 1067 is
1062 1028 1140 1067 tibi
1173 1029 1395 1079 inspirauit
1425 1033 1471 1069 vt
1501 1045 1584 1070 non
1616 1032 1772 1071 lectum

174 1106 382 1144 carperes:
430 1093 465 1131 si
485 1095 626 1131 tamen
663 1092 775 1132 istud
810 1094 872 1132 est
904 1106 1077 1144 carpere,
1115 1094 1282 1144 quiduis
1312 1094 1358 1133 in
1391 1107 1480 1134 rem
1517 1096 1772 1147 incognitam

173 1171 375 1197 euomel'e.
1788 1173 1851 1205 490

232 1236 292 1271 70.
323 1223 458 1274 Negat
476 1224 670 1274 cuiquam
684 1223 746 1262 fas
762 1236 849 1262 esse
866 1224 1010 1262 docere
1024 1224 1114 1262 sine
1128 1224 1292 1274 publica
1307 1225 1539 1264 autoritate.
1600 1228 1671 1266 An
1686 1241 1772 1266 non

175 1290 274 1328 satis
292 1291 356 1328 est
373 1289 443 1328 isti
461 1289 569 1328 mihi
588 1289 762 1328 eandem
780 1301 868 1328 esse
893 1289 1157 1328 autoritatem
1184 1303 1287 1340 quae
1312 1290 1496 1329 Thomae
1523 1292 1638 1331 fuit?
1675 1293 1772 1332 licet

174 1368 241 1393 me
260 1367 354 1393 cum
376 1367 423 1393 eo
442 1367 528 1393 non
547 1354 763 1392 conferam.
823 1354 919 1392 Non
938 1354 1038 1393 satis
1057 1356 1120 1394 est
1139 1355 1247 1405 quod
1264 1355 1516 1405 optimorum
1531 1357 1771 1406 praesulum

178 1419 479 1470 efflagitatione,
513 1420 621 1469 quod
652 1419 808 1458 summi
835 1419 1054 1457 Pontificis
1082 1419 1250 1458 hortatu
1281 1419 1323 1457 id
1353 1420 1490 1458 facio?
1528 1434 1602 1459 nec
1630 1424 1771 1461 tamen

176 1485 358 1524 Thomas
395 1485 446 1523 de
482 1484 602 1523 libris
639 1484 833 1523 aedendis
866 1485 959 1534 agit,
997 1485 1069 1524 sed
1102 1486 1151 1523 de
1188 1485 1368 1536 publicis
1401 1486 1669 1526 concionibus
1698 1490 1771 1527 aut
1789 1498 1852 1529 495

171 1549 506 1601 professionibus.

230 1628 292 1664 71.
324 1615 457 1666 Negat
485 1614 795 1666 Hieronymum
822 1631 971 1657 ausum
998 1615 1167 1667 aggredi
1186 1615 1503 1654 translationem
1533 1617 1770 1667 Scripturas

173 1695 307 1721 sacrae
327 1682 411 1720 nisi
429 1682 547 1720 iussu
570 1682 750 1721 Damasi.
810 1683 844 1721 O
863 1683 1080 1734 perfrictae
1101 1681 1250 1721 frontis
1265 1681 1482 1720 hominem
1498 1683 1506 1721 1
1551 1682 1770 1722 Pentateu-

174 1748 299 1787 chum
312 1748 430 1787 cuius
440 1748 659 1787 autoritate
671 1749 912 1789 transtulit?
931 1763 1070 1788 nonne
1081 1749 1133 1787 ad
1146 1760 1285 1798 preces
1297 1747 1516 1797 Desyderii
1530 1748 1771 1788 cuiusdam?

172 1815 243 1853 An
262 1815 442 1853 Damaso
471 1816 613 1852 autore
636 1814 762 1853 vertit
788 1814 916 1853 libros
939 1814 1130 1854 Esdrae?
1184 1812 1291 1863 Lege
1318 1812 1434 1851 illius
1458 1814 1767 1863 praefationem,
1789 1825 1852 1857 500

172 1882 212 1917 et
236 1880 388 1929 pudeat
410 1879 618 1918 vanitatis.
675 1879 878 1918 Thobiam
898 1893 1037 1918 nonne
1057 1877 1296 1918 Chromatio
1315 1880 1355 1916 et
1375 1877 1602 1916 Heliodoro
1621 1880 1771 1918 autori-

175 1946 253 1984 bus
286 1945 445 1984 vertit?
499 1945 578 1983 Sed
613 1945 711 1994 quid
743 1958 847 1995 opus
874 1945 924 1983 ad
953 1945 1117 1995 singula
1143 1943 1410 1982 mendacium
1441 1944 1637 1992 refellere,
1672 1958 1769 1984 cum

175 2010 460 2059 Hieronymus
487 2009 623 2048 solum
650 2010 819 2048 Nouum
847 2011 1162 2049 Testamentum
1190 2009 1240 2047 ad
1269 2022 1407 2058 preces
1435 2009 1604 2048 Damasi
1635 2008 1770 2059 Papae

175 2075 437 2126 recognorit‘?

230 2152 292 2190 72.
322 2140 495 2180 Constat
514 2140 644 2191 igitur
663 2141 831 2180 Nouum
852 2142 1166 2180 Testamentum
1181 2140 1298 2179 iussu
1313 2140 1484 2180 Damasi
1496 2141 1766 2191 recognitum,
1789 2152 1850 2184 505

173 2211 216 2247 at
241 2220 327 2246 non
357 2208 518 2245 constat
545 2206 597 2244 ab
626 2219 672 2245 eo
701 2206 917 2255 probatam
947 2206 1201 2256 Hieronymi
1229 2206 1562 2256 recognitionem.
1627 2207 1769 2257 Neque

173 2274 287 2312 enim
306 2273 473 2324 probari
498 2274 633 2322 potest
659 2272 768 2322 quod
796 2285 882 2311 non
907 2272 1124 2322 cognoris3
1153 2271 1397 2321 praesertim
1423 2285 1518 2310 cum
1548 2272 1626 2312 iste
1652 2275 1769 2323 putet

174 2339 446 2378 reiiciendum
472 2337 668 2387 quicquid
693 2337 872 2387 publicis
899 2336 1193 2376 instrumentis
1217 2349 1302 2374 non
1328 2335 1452 2374 fuerit
1476 2338 1764 2387 autorizatum‚

174 2409 222 2445 vt
241 2408 280 2444 et
302 2418 376 2455 ego
395 2403 577 2443 flosculis
595 2403 710 2441 illius
728 2403 884 2442 abutar.

230 2482 248 2518 7
257 2483 291 2519 3.
324 2469 568 2519 Quanquam
584 2468 661 2506 hoc
675 2468 833 2518 negocii
847 2482 933 2507 non
947 2467 1129 2517 iniungit
1144 2467 1348 2506 Damasus
1363 2469 1562 2518 tanquam
1575 2480 1768 2507 summus
1786 2479 1849 2510 510

176 2536 287 2575 orbis
306 2534 520 2574 Pontifex:
551 2533 659 2584 quod
679 2546 732 2572 an
751 2533 887 2582 fuerit,
910 2533 955 2571 in
975 2533 1111 2572 medio
1131 2532 1346 2582 relinquo;
1376 2534 1484 2571 certe
1510 2545 1663 2570 nomen
1689 2532 1765 2571 hoe

175 2600 363 2640 nondum
382 2599 467 2638 illis
486 2599 740 2649 temporibus
759 2599 844 2637 erat
862 2598 1063 2646 auditum,
1080 2599 1282 2648 quantum
1302 2610 1352 2634 ex
1371 2598 1559 2635 veterum
1575 2596 1767 2635 omnium

219 2708 295 2747 478.
319 2710 358 2738 vt
373 2706 542 2744 posthaec
556 2709 605 2737 D:
629 2704 930 2745 quemadmodum
947 2708 990 2736 H.
1111 2705 1185 2743 484.
1210 2703 1278 2734 tibi
1293 2706 1342 2733 D:
1366 2703 1427 2734 isti
1443 2706 1481 2735 F.
1595 2703 1672 2742 485.
1699 2703 1767 2734 tibi

175 2751 330 2782 videaris
341 2753 370 2781 D
383 2761 391 2782 :
416 2750 484 2782 sibi
497 2750 662 2781 videatur
674 2753 709 2781 F.
798 2750 872 2787 486.
898 2750 1066 2780 scriberet
1076 2751 1112 2778 F.
1181 2747 1250 2778 tibi
1262 2749 1290 2777 D
1304 2758 1311 2777 ε
1340 2747 1397 2776 illi
1409 2749 1445 2778 F.
1534 2747 1608 2785 487.
1634 2748 1663 2777 ti
1670 2745 1704 2777 bi
1717 2749 1766 2777 D:

176 2795 261 2869 111}ch
269 2797 328 2868 ἐξ
484 2794 556 2832 488.
582 2793 651 2824 tibi
666 2796 694 2824 D
709 2804 717 2824 ι
740 2793 801 2824 isti
816 2796 852 2824 F.
1024 2793 1097 2832 489.
1120 2792 1280 2831 carperet
1295 2792 1334 2820 F.
1507 2799 1581 2828 500.
1607 2789 1699 2830 Lege
1714 2792 1743 2821 D
1758 2801 1766 2821 :

225 2848 267 2878 ga
328 2861 335 2869 .

218 2950 292 2987 484.
317 2947 401 2988 tibi]
429 2948 488 2978 An
515 2946 751 2982 unconscious
780 2946 886 2986 lapse,
921 2954 958 2975 as
987 2943 1127 2983 though
1155 2943 1234 2981 Lee,
1262 2944 1324 2974 not
1351 2942 1512 2982 Lypsius‚
1539 2952 1631 2974 were
1659 2943 1766 2983 being

175 2991 384 3024 addressed:
420 2989 600 3022 corrected
623 2990 660 3020 in
685 2989 776 3020 later
799 2989 964 3020 editions.
1010 2987 1062 3018 Cf.
1081 2990 1117 3025 ἐξ
1138 2995 1188 3027 71,
1215 2986 1257 3025 84
1271 2989 1294 3029 3]
1311 2987 1381 3016 and
1404 2995 1444 3016 11.
1469 2987 1524 3026 89.
