2034 3433
175 177 275 232 858]
753 178 824 217 To
862 177 1018 216 PAUL
1056 175 1200 215 VOLZ
1690 175 1770 214 365

173 282 415 333 principum
453 281 611 321 inuicta
648 283 810 332 sceptra
848 281 1015 321 Christo
1055 280 1231 331 subegit.
1298 279 1401 329 Hoc,
1436 279 1514 318 hoc
1552 278 1770 329 agentibus

174 347 292 387 nobis
311 348 443 387 aderit
461 348 548 398 ipse
567 347 772 388 Christus.
1793 355 1803 375 1
1815 354 1852 377 10

228 413 371 464 Neque
400 427 500 452 vero
532 413 729 452 conuenit
760 414 808 451 vt
841 414 918 451 1100
955 414 1203 462 argumento
1241 425 1317 450 nos
1350 411 1472 449 valde
1510 410 1770 450 Christianos

174 478 440 526 declaremus,
482 479 517 517 si
560 478 890 528 quamplurimos
933 477 1214 523 occiderimus,
1255 477 1323 516 sed
1364 477 1400 515 si
1438 476 1769 527 quamplurimos

172 545 478 583 seruauerimus
497 559 507 591 ;
535 557 620 583 non
649 544 684 582 si
714 544 848 582 multa
870 544 1099 593 impiorum
1123 543 1241 581 milia
1261 541 1629 582 sacrificauerimus
1650 542 1767 589 Orco,

173 609 242 648 sed
262 610 299 649 si
327 610 655 660 quamplurimos
681 622 731 648 ex
757 609 899 659 impiis
922 609 1223 647 reddiderimus
1245 608 1361 658 pios3
1392 621 1477 646 non
1498 608 1533 646 si
1551 607 1646 646 illos
1667 607 1769 646 diris

172 675 503 715 execrationibus
519 675 811 722 deuoueamus,
829 675 899 713 sed
916 675 952 712 si
967 674 1048 723 piis
1064 673 1172 711 votis
1188 674 1366 712 salutem
1381 673 1467 711 illis
1487 686 1532 711 ac
1552 673 1768 711 meliorem
1790 692 1849 723 115

172 743 357 779 mentem
381 754 405 779 a
431 741 593 790 superis
623 743 824 791 optemus.
884 739 1003 788 Quod
1034 739 1068 777 si
1096 739 1163 776 1110
1190 752 1273 777 11011
1304 739 1414 777 adsit
1437 739 1613 785 animus,
1642 739 1766 778 citius

170 805 361 845 futurum
380 808 443 845 est
461 809 508 846 vt
527 819 603 845 nos
621 807 667 844 in
686 807 839 845 'Furcas
855 806 1152 856 degeneremus
1169 818 1294 854 quam
1308 806 1355 843 vt
1369 805 1522 842 Turcas
1540 804 1585 842 in
1606 805 1767 842 nostras

171 874 307 920 partes
340 873 639 921 pertrahamus.
702 872 757 910 Et
781 874 827 910 vt
852 872 1025 910 feliciter
1054 871 1169 909 cadat
1203 869 1349 909 Martis
1378 882 1544 919 semper
1570 869 1766 918 ancipitis

169 938 266 986 alea,
287 937 359 976 fiet
377 940 423 976 vt
441 938 568 977 latius
588 938 759 977 fortasse
779 940 925 987 regnet
949 936 1145 975 Pontifex
1170 938 1243 975 aut
1270 935 1398 974 huius
1420 934 1659 984 cardinales,
1682 948 1767 974 non

170 1004 219 1042 vt
237 1003 366 1042 latius
388 1006 534 1054 regnet
558 1003 750 1043 Christus
771 1019 780 1052 3
808 1004 926 1042 cuius
953 1015 1128 1052 regnum
1148 1002 1207 1040 ita
1227 1001 1398 1039 demum
1421 1001 1551 1048 floret,
1574 1001 1611 1039 si
1630 1001 1767 1051 vigeat
1788 1020 1848 1042 120

170 1069 313 1118 pietas,
338 1070 375 1108 si
403 1070 595 1118 charitaS,
617 1070 654 1108 si
679 1083 770 1120 pax,
792 1070 829 1108 si
852 1069 1045 1107 castitas:
1075 1068 1117 1106 id
1143 1067 1251 1117 quod
1277 1067 1425 1116 optimi
1445 1065 1595 1104 Leonis
1616 1066 1766 1104 decimi

169 1134 295 1173 ductu
335 1136 456 1185 atque
493 1136 688 1185 auspiciis
720 1136 807 1174 fore
845 1134 1105 1181 confidimus,
1140 1133 1185 1171 ni
1223 1132 1332 1182 quod
1371 1132 1576 1181 optimum
1615 1133 1678 1169 est
1706 1144 1767 1169 co—

169 1203 342 1239 nantem
365 1200 566 1239 aliorsum
595 1201 728 1250 rapiat
756 1213 896 1239 rerum
929 1201 1209 1239 humanarum
1239 1199 1388 1236 aestus.
1449 1196 1545 1247 Ipse
1575 1196 1766 1236 Christus

167 1279 260 1304 sese
290 1266 407 1315 regni
437 1266 644 1304 coelorum
678 1266 887 1305 vindicem
921 1278 966 1305 ac
1000 1264 1239 1314 Principem
1273 1263 1501 1313 profitetur,
1539 1262 1645 1312 quod
1679 1275 1766 1301 non

168 1330 290 1369 aliter
308 1330 575 1380 splendidum
595 1334 657 1370 est
675 1345 799 1381 quam
820 1332 857 1369 si
876 1330 1138 1380 triumphent
1157 1328 1358 1368 coelestia.
1787 1338 1844 1370 125

223 1395 365 1445 Neque
399 1397 511 1434 enim
545 1396 637 1435 ideo
671 1399 863 1436 mortuus
893 1398 955 1435 est
988 1396 1192 1442 Christus,
1228 1397 1275 1433 vt
1308 1407 1418 1443 opeS,
1453 1395 1501 1432 vt
1537 1393 1687 1442 copiae,
1718 1394 1764 1432 vt

167 1474 281 1500 arma
300 1461 536 1512 reliquaque
554 1462 629 1501 illa
654 1463 859 1501 mundani
881 1462 998 1512 regni
1026 1461 1250 1511 tragoedia,
1278 1472 1381 1509 quae
1405 1459 1614 1509 quondam
1640 1471 1765 1507 penes

169 1526 371 1566 Ethnicos
384 1529 454 1566 aut
474 1529 580 1566 certe
596 1527 832 1577 prophanos
855 1528 1064 1578 principes
1083 1526 1176 1574 fuit,
1196 1524 1387 1564 Ethnicis
1399 1537 1485 1562 non
1504 1524 1565 1562 ita
1579 1524 1764 1563 multum

167 1592 391 1640 absimiles,
415 1606 527 1631 nunc
553 1594 609 1632 sit
629 1606 754 1643 penes
773 1595 1003 1632 sacerdotes
1027 1593 1195 1642 aliquot.
1255 1592 1316 1629 Ac
1335 1603 1428 1629 mea
1447 1590 1656 1628 sententia
1675 1603 1765 1628 con-

167 1657 327 1696 sultum
355 1657 491 1706 fuerit,
514 1659 649 1696 multo
677 1661 773 1697 ante
803 1672 928 1708 quam
958 1657 1086 1697 armis
1113 1657 1386 1706 experiamur,
1411 1655 1581 1693 illorum
1603 1655 1765 1694 animos
1787 1669 1846 1699 130

166 1723 352 1773 epistolis
367 1736 413 1761 ac
426 1723 578 1762 libellis
593 1723 808 1763 solicitare.
858 1723 937 1762 Sed
953 1723 1146 1773 qualibus
1159 1722 1346 1772 epistolis
1358 1722 1378 1760 ⁶?
1407 1721 1501 1760 Non
1517 1720 1761 1769 minacibus,

168 1801 251 1826 non
284 1788 526 1837 tyrannicis,
559 1788 631 1827 sed
665 1802 770 1839 quae
803 1789 960 1839 spirent
990 1802 1088 1827 vere
1122 1790 1336 1838 paternam
1369 1786 1627 1834 charitatem,
1660 1799 1763 1836 quae

167 1853 283 1892 Petri
308 1853 512 1904 Paulique
540 1857 684 1904 pectus
709 1855 915 1903 referant3
944 1869 1047 1905 quae
1074 1867 1156 1892 non
1185 1854 1360 1892 titulum
1384 1853 1507 1891 modo
1530 1852 1763 1902 praeferant

167 1919 450 1969 apostolicum,
474 1921 543 1958 sed
565 1921 747 1972 ἐνέργειαν
766 1921 965 1970 resipiant
988 1920 1266 1970 apostolicam.
1327 1920 1421 1958 Non
1449 1919 1557 1967 quod
1584 1918 1762 1956 nesciam

168 1984 326 2023 fontem
352 1998 519 2023 omnem
546 1999 592 2024 ac
618 1999 770 2024 venam
796 1985 1058 2025 Christianae
1082 1985 1368 2035 philosophiae
1395 1984 1653 2023 reconditam
1674 1996 1762 2022 esse
1782 1997 1841 2029 135

167 2050 211 2088 in
235 2049 498 2099 Euangelicis
524 2052 566 2089 et
589 2051 841 2101 Apostolicis
869 2051 1011 2099 literis,
1034 2051 1106 2089 sed
1131 2063 1267 2089 sermo
1289 2049 1532 2100 peregrinus
1555 2061 1601 2087 ac
1627 2061 1761 2098 saepe-

167 2127 339 2153 numero
367 2115 641 2164 perturbatus,
673 2118 767 2154 tum
796 2117 950 2166 figurae
982 2116 1173 2166 tropique
1203 2115 1371 2165 obliqui,
1407 2116 1575 2153 tantum
1605 2113 1761 2151 habent

168 2179 422 2218 difficultatis
447 2182 494 2218 vt
512 2180 631 2219 nobis
653 2182 778 2219 etiam
797 2195 882 2220 non
902 2194 993 2220 raro
1013 2181 1252 2219 sudandum
1273 2181 1328 2219 sit
1347 2180 1590 2230 priusquam
1609 2178 1760 2216 intelli-

164 2258 323 2295 gamus.
383 2244 781 2284 Commodissimum
814 2246 952 2297 itaque
982 2260 1075 2284 mea
1107 2245 1315 2284 sententia
1350 2244 1475 2283 fuerit
1510 2244 1546 2282 si
1573 2244 1760 2282 muneris

167 2311 244 2349 hoc
277 2310 380 2349 viris
412 2310 572 2360 aliquot
604 2311 719 2350 iuxta
748 2311 828 2361 piis
862 2325 907 2350 ac
941 2311 1072 2350 doctis
1108 2311 1328 2360 delegetur,
1363 2312 1410 2348 vt
1443 2323 1493 2347 ex
1525 2307 1760 2357 purissimis
1780 2321 1841 2353 140

167 2375 353 2414 fontibus
391 2375 754 2426 Euangelistarum
792 2378 834 2414 et
866 2376 1173 2426 Apostolorum,
1207 2389 1257 2413 ex
1294 2373 1598 2423 probatissimis
1635 2372 1759 2411 inter·

167 2441 351 2490 pretibus
364 2441 601 2479 vniuersam
621 2441 777 2480 Christi
794 2441 1101 2492 philosophiam
1120 2440 1164 2478 in
1185 2439 1479 2490 compendium
1498 2438 1757 2485 contrahant,

167 2506 225 2544 ita
258 2506 504 2555 simpliciter
536 2508 581 2544 vt
612 2509 754 2545 tamen
788 2508 956 2554 erudite,
994 2507 1052 2545 ita
1085 2506 1265 2544 breuiter
1302 2506 1349 2543 vt
1386 2506 1527 2542 tamen
1566 2502 1754 2540 dilucide.

169 2571 281 2619 Quae
312 2571 522 2620 pertinent
553 2572 603 2610 ad
637 2572 773 2619 fidem,
809 2585 932 2622 quam
962 2570 1226 2622 paucissimis
1260 2568 1447 2608 articulis
1473 2567 1755 2606 absoluantur.

170 2636 281 2684 Quae
301 2635 350 2674 ad
371 2636 515 2683 vitam,
539 2636 641 2675 item
665 2638 806 2687 paucis
826 2637 1054 2686 tradantur,
1077 2638 1120 2674 et
1139 2636 1196 2674 sic
1215 2634 1435 2673 tradantur
1452 2635 1499 2671 vt
1518 2632 1759 2681 intelligant
1780 2649 1838 2680 145

168 2700 327 2740 Christi
354 2700 499 2750 iugum
523 2701 724 2740 blandum
746 2705 789 2740 et
812 2703 1079 2741 commodum
1100 2714 1199 2748 esse,
1222 2713 1308 2738 non
1326 2710 1516 2748 asperum
1536 2712 1546 2745 3
1574 2699 1620 2736 vt
1640 2697 1758 2735 intel-

168 2766 299 2816 ligant
315 2779 402 2804 sese
420 2768 559 2816 patres
572 2780 662 2805 esse
676 2769 827 2816 nactos,
845 2781 930 2806 non
944 2770 1166 2817 tyrannos;
1194 2766 1390 2815 pastores,
1410 2776 1496 2801 non
1512 2762 1758 2812 praedones3

167 2830 218 2869 ad
249 2830 428 2869 salutem
460 2831 610 2878 vocari,
645 2845 730 2870 non
756 2832 806 2870 ad
831 2832 1076 2871 seruitutem
1104 2829 1299 2881 pertrahi.
1358 2827 1563 2867 Homines
1591 2828 1689 2865 sunt
1716 2828 1758 2865 et

170 2895 242 2943 illi,
276 2909 350 2934 1100
379 2896 536 2934 ferrum
561 2899 633 2935 aut
661 2897 922 2936 adamantem
951 2899 1116 2947 gestant
1141 2896 1185 2933 in
1214 2896 1386 2944 pectore.
1446 2893 1629 2931 Possunt
1657 2891 1757 2930 mol-

811 3042 879 3070 147.
905 3041 978 3062 esse
994 3041 1051 3061 om.
1069 3033 1111 3061 H.
