2034 3433
118 161 215 215 804]
576 163 647 203 ΤΟ
686 161 887 203 GILLES
925 161 1250 203 BUSLEIDEN
1632 165 1710 203 ‘259

492 279 652 329 Ἀρετῶν
672 281 826 318 ἁπασῶν
845 281 976 330 ἐρατὸν
995 279 1149 332 ἐγγύθεν
1166 280 1288 331 χορόν.

493 345 570 394 Τὴν
590 345 786 395 εὖσέβειαν
803 345 871 394 τὴν
892 347 1089 395 ἱεροπρεπῆ
1108 346 1214 391 πάνυ,

495 409 571 458 Τὴν
589 409 800 459 σεμνότητα
817 410 885 460 τήν
903 426 943 448 τε
961 411 1212 460 σωφροσύνην
1231 411 1317 460 ἅμα,
1729 417 1770 448 50

493 474 569 524 Τὴν
587 475 827 525 χρηστότητα
846 475 913 525 τήν
932 492 971 513 τε
989 475 1158 514 παιδείαν
1179 475 1349 524 καλήν·-

494 540 571 578 Καὶ
589 542 703 578 ταῦτα
724 542 846 579 κᾶλλα
865 541 976 591 μόνος
994 540 1130 592 ὑπῆρχ’
1146 539 1358 590 Ἱερώνυμος

491 605 535 642 ‘O
556 606 833 655 Βουσλεδιακῆς
852 607 966 647 οἰκίας
985 606 1102 646 σέλας
1120 605 1227 657 μέγα.

623 702 873 734 TROCHAICI
904 701 1205 732 TETRAMETRI.

334 771 525 810 Nominis
544 772 781 811 Buslidiani
800 773 1039 823 proximum
1058 771 1192 821 primo
1212 770 1345 818 decus,
1731 777 1768 808 35

332 837 452 876 Itane
472 850 548 876 nos
567 837 687 876 orbas
705 837 858 876 virenti
876 839 1018 886 raptus
1036 849 1147 884 aeuo,
1170 835 1426 884 Hieronyme
1440 835 1461 872 ‘?

332 901 504 949 Literae,
526 915 667 952 genus,
691 904 871 949 senatus,
893 901 996 949 aula,
1019 900 1145 951 plebs,
1168 900 1337 939 ecclesia

332 967 421 1005 Aut
439 979 562 1005 suum
582 967 709 1016 sydus
728 966 947 1016 requirunt
966 968 1037 1004 aut
1056 966 1278 1015 patronum
1298 964 1501 1014 flagitant.

332 1031 475 1071 Nescit
493 1031 666 1071 interire
687 1032 872 1082 quisquis
890 1031 1021 1070 vitam
1039 1030 1210 1069 honeste
1232 1029 1344 1068 finiit
1364 1043 1373 1068 :

332 1096 460 1136 Fama
477 1097 683 1136 virtutum
702 1096 897 1147 perennis
917 1096 1033 1135 viuet
1052 1108 1180 1145 vsque
1199 1093 1386 1144 posteris,
1728 1104 1771 1134 40

332 1161 523 1200 Eruditio
542 1161 754 1212 trilinguis
773 1161 928 1211 triplici
947 1160 1140 1200 facundia

331 1227 388 1266 Te
407 1227 609 1277 loquetur,
633 1227 752 1266 cuius
770 1227 916 1277 opibus
936 1227 1128 1265 restituta
1147 1224 1342 1264 refloruit.

606 1362 702 1401 805.
764 1359 828 1401 To
859 1359 887 1400 J
891 1370 986 1400 OHN
1016 1358 1217 1400 RoBYxs.

162 1438 348 1475 Deventer
365 1438 444 1474 MS.
461 1449 517 1485 91,
536 1440 564 1474 f.
582 1450 639 1482 42.
1416 1434 1593 1470 Louvain.

161 1497 234 1532 LB.
253 1496 347 1542 App.
366 1498 445 1540 276.
1345 1495 1389 1529 26
1406 1493 1537 1528 March
1561 1493 1659 1538 1518.

160 1566 274 1608 [John
298 1566 455 1606 Robyns‚
486 1565 586 1596 Dean
618 1566 657 1597 of
684 1564 844 1597 Mechlin
876 1565 956 1606 (Ep.
985 1566 1057 1604 178.
1086 1575 1102 1604 7
1126 1565 1189 1605 n.),
1216 1564 1288 1595 had
1316 1565 1408 1594 been
1443 1562 1637 1604 appointed
1663 1562 1709 1600 by

114 1610 306 1641 Busleiden
326 1610 446 1651 (Neve,
463 1619 496 1649 p.
513 1609 591 1650 382)
610 1611 646 1640 to
663 1612 720 1640 act
737 1619 775 1640 as
790 1611 956 1640 executor
973 1609 1012 1639 in
1042 1618 1119 1639 case
1144 1608 1207 1639 the
1234 1617 1315 1638 new
1337 1607 1553 1638 foundation
1578 1605 1708 1636 should

114 1654 157 1684 be
181 1653 371 1685 connected
389 1653 481 1684 with
502 1653 564 1683 the
587 1652 725 1693 College
746 1653 785 1684 of
805 1653 926 1684 Arras.
972 1652 1018 1683 In
1039 1651 1102 1683 the
1126 1652 1283 1691 existing
1305 1652 1396 1681 state
1418 1650 1457 1682 of
1477 1650 1709 1688 uncertainty

115 1697 186 1735 (see
203 1707 235 1737 p.
256 1696 332 1738 113)
354 1697 429 1728 this
450 1697 607 1737 position
624 1696 811 1736 evidently
825 1705 910 1736 gave
932 1695 1010 1726 him
1033 1705 1128 1727 some
1153 1696 1249 1726 voice
1273 1695 1315 1726 in
1336 1694 1399 1726 the
1423 1694 1578 1726 conduct
1599 1693 1638 1724 of
1660 1694 1708 1724 its

109 1741 260 1782 affairs]

632 1805 811 1835 DECANO
841 1804 1185 1835 MECHLINIENSI.

168 1875 208 1914 S.
228 1875 292 1923 Ρ.,
306 1873 544 1913 honorande
557 1874 725 1913 domine
741 1873 916 1913 Decane.
945 1873 1181 1912 Matthaeus
1195 1886 1291 1911 suas
1306 1874 1445 1922 partes
1459 1873 1500 1910 et
1514 1872 1703 1921 gnauiter

113 1942 155 1978 et
167 1939 341 1978 feliciter
351 1940 448 1989 agit.
477 1939 617 1978 Habet
627 1939 836 1978 auditores
849 1951 945 1977 cum
958 1938 1058 1978 satis
1069 1940 1114 1977 vt
1125 1938 1170 1976 in
1182 1951 1226 1976 re
1238 1939 1323 1976 tam
1337 1950 1447 1976 noua
1458 1937 1704 1986 frequentes,

116 2008 207 2042 tum
227 2004 423 2043 honestos
438 2018 448 2052 ;
468 2004 513 2042 in
533 2003 686 2053 quibus
705 2005 804 2042 sunt
823 2003 982 2054 aliquot
1001 2003 1191 2053 magistri
1210 2002 1353 2041 nostri.
1394 2001 1569 2040 Vtinam
1589 2001 1707 2040 nobis

111 2068 328 2118 contingat
340 2068 410 2119 qui
425 2068 555 2107 simili
569 2081 755 2107 successu
771 2068 916 2107 Graeci
926 2070 1063 2118 partes
1078 2067 1187 2106 tueri
1199 2069 1323 2117 queat
1338 2070 1344 2105 !
1376 2066 1483 2105 Nam
1495 2066 1703 2114 Borsalus,

112 2134 181 2172 cui
201 2132 372 2172 Latinae
397 2133 661 2183 professionis
686 2133 840 2183 parteis
867 2132 1118 2182 destinastis,
1142 2132 1348 2171 eiusmodi
1372 2131 1437 2170 vir
1463 2133 1526 2170 est
1550 2133 1598 2169 vt
1623 2144 1706 2169 non
1724 2146 1742 2177 5

113 2200 170 2238 sit
199 2199 403 2249 optandus
431 2198 649 2248 quisquam
668 2198 795 2236 alius.
852 2197 994 2247 Neque
1025 2197 1137 2236 enim
1164 2196 1281 2235 facile
1307 2196 1441 2244 fuerit,
1472 2198 1518 2235 vt
1546 2195 1706 2234 omneis

111 2263 430 2314 circumspicias,
453 2276 536 2302 vno
556 2263 599 2301 in
625 2263 796 2301 homine
829 2264 997 2301 tantum
1025 2261 1278 2312 egregiarum
1310 2261 1474 2299 dotium
1499 2260 1676 2310 reperire
1696 2275 1707 2308 3

115 2342 250 2367 mores
283 2329 371 2366 tam
410 2328 593 2377 integros
630 2340 846 2378 purosque,
888 2327 1163 2366 eruditionem
1202 2339 1304 2376 quae
1344 2324 1438 2375 plus
1476 2324 1625 2364 habeat
1661 2325 1706 2363 in

117 2406 275 2432 recessu
317 2406 441 2443 quam
481 2393 526 2430 in
566 2393 701 2431 fronte
739 2391 996 2442 polliceatur,
1024 2391 1241 2441 ingenium
1279 2390 1329 2429 ad
1367 2389 1531 2440 quiduis
1561 2390 1702 2431 docile.

114 2458 355 2497 memoriam
408 2457 512 2496 mire
563 2459 759 2505 tenacem,
810 2456 861 2495 ad
907 2456 1005 2495 haec
1050 2456 1158 2495 vitae
1204 2455 1544 2494 consuetudinem
1600 2454 1703 2494 nulli
1726 2466 1764 2488 10

115 2523 342 2562 molestam.

170 2587 249 2626 Sed
280 2600 353 2638 ego
383 2588 549 2637 ineptus
580 2587 651 2636 qui
677 2587 755 2625 tibi
782 2586 996 2625 hominem
1028 2585 1261 2636 depingam,
1291 2585 1362 2635 qui
1395 2598 1491 2623 eum
1524 2584 1705 2634 penitius

115 2653 231 2692 noris
264 2665 387 2702 quam
421 2652 530 2702 ipse:
569 2653 735 2691 tantum
765 2665 834 2690 oro
867 2665 918 2690 ne
949 2650 1014 2690 illi
1044 2650 1180 2690 fraudi
1211 2651 1265 2689 sit
1299 2651 1407 2700 quod
1438 2649 1704 2688 Buslidianae

116 2717 298 2756 familiae
346 2719 465 2756 vetus
514 2719 718 2767 notusque
757 2720 798 2756 et
842 2716 1029 2755 addictus
1067 2717 1122 2755 sit
1160 2715 1364 2765 fueritque
1402 2715 1540 2753 cliens.
1617 2714 1704 2753 Scis

366 2803 440 2834 805.
465 2812 526 2834 m.
553 2812 686 2834 Dromo
702 2806 776 2834 LB:
801 2812 936 2834 DECANE
952 2805 1020 2833 MS.
1151 2803 1181 2833 6.
1208 2801 1359 2832 ommeis
1375 2804 1443 2832 MS.

157 2881 232 2912 805.
261 2890 288 2910 1.
313 2878 534 2920 Matthaeus]
550 2878 709 2919 Adrian;
739 2888 796 2910 see
811 2878 876 2919 Ep.
944 2878 1028 2918 long
1055 2876 1345 2908 commendation
1371 2877 1454 2908 here
1483 2877 1598 2908 shows
1622 2878 1703 2909 that

111 2924 188 2956 686.
204 2933 269 2963 5n.
945 2922 1004 2952 his
1020 2921 1269 2961 appointment
1286 2931 1360 2951 was
1374 2923 1436 2951 not
1451 2922 1511 2960 yet
1528 2930 1656 2952 secure.

158 2978 187 3005 4.
212 2966 354 3008 Graeci]
372 2966 422 2998 Cf.
438 2965 462 2997 l.
477 2975 520 3004 35
535 2965 607 2996 and
620 2965 683 3006 Bp.
696 2967 771 3004 691.
790 2975 828 3004 15
839 2975 874 2996 n.
989 2965 1019 2995 8.
1044 2965 1082 2995 in
1101 2963 1254 3004 recessu]
1279 2964 1330 2995 Cf.
1346 2964 1423 2996 Val.
1443 2964 1533 2995 Max.
1554 2975 1581 3004 7.
1598 2975 1628 2997 2.
1650 2974 1700 3003 12,

201 3009 385 3051 Borsalus]
410 3009 473 3041 See
497 3009 559 3049 Ep.
585 3017 656 3048 737.
683 3009 703 3039 8
720 3019 755 3041 n.
802 3009 877 3039 The
946 3008 1017 3039 and
1034 3008 1153 3048 Quint.
1175 3017 1202 3039 1.
1220 3018 1253 3045 4.
1269 3018 1299 3038 2.

875 3075 939 3101 82
