2034 3433
73 209 173 263 975]
542 213 613 252 ΤΟ
651 212 889 253 ΑΝΤΟΝῩ
927 213 1209 254 PAPINIUS
1590 215 1665 252 601

73 316 243 368 frigidas
261 319 543 357 recentiorum
562 320 744 359 naenias.
806 319 926 358 Nihil
951 322 1091 358 autem
1117 319 1264 358 dubito
1283 319 1385 370 quin
1412 319 1462 357 R.
1478 319 1522 357 T.
1539 318 1602 366 P„
1624 321 1670 357 vt

72 383 137 421 est
146 395 264 421 verae
284 382 496 432 religionis
515 384 894 432 obseruantissima,
913 385 1052 423 faueat
1071 386 1110 423 et
1130 384 1212 434 piis
1231 384 1381 423 studiis
1401 386 1443 423 et
1462 384 1671 434 Cypriano
1694 397 1729 418 10

74 446 241 496 pietatis
259 447 467 497 magistro.
519 449 662 499 Neque
681 452 824 488 tamen
844 450 975 500 gratis
993 449 1072 487 hoc
1096 450 1277 488 officium
1298 449 1449 499 flagito.
1500 449 1670 488 Redibit

72 511 123 550 ad
162 525 237 552 vos
274 513 519 563 Cyprianus,
541 516 584 553 et
622 515 772 553 redibit
809 528 895 553 non
934 514 1024 553 sine
1060 515 1230 553 foenore
1249 529 1258 561 ;
1298 528 1433 565 neque
1465 513 1671 564 patiemur

73 577 244 616 interim
281 580 329 617 vt
365 579 584 629 posteritas
624 580 786 630 ignoret
823 580 890 618 cui
927 579 1080 618 bonam
1118 579 1244 618 huius
1281 580 1471 618 beneficii
1508 581 1669 629 partem

72 642 230 682 debeat.
291 642 545 683 Iamdudum
571 658 646 694 pro
672 645 841 683 ceruina
859 644 988 683 missa
1007 645 1145 691 debeo,
1167 645 1238 683 sed
1259 645 1380 694 longe
1399 644 1494 694 plus
1513 645 1670 684 debitu-

72 720 143 746 rus
161 720 236 758 pro
263 708 393 747 misso
424 709 639 760 Cypriano.
696 710 811 748 Bene
830 709 935 755 vale,
958 710 1084 748 Pater
1110 709 1174 755 R„
1196 722 1292 748 cum
1321 711 1462 748 sancto
1491 710 1668 749 fratrum
1690 721 1727 753 15

71 774 241 811 tuorum
261 773 434 823 collegio
454 789 463 822 ;
493 788 670 824 quorum
689 774 924 824 purissimis
942 774 1249 825 precationibus
1275 775 1444 814 Christo
1464 788 1669 814 commen-

69 836 158 876 dari
177 837 308 887 cupio.
368 838 554 878 Louanii.
579 840 782 882 †Calend.
807 839 933 879 Iunii.
958 841 1084 878 Anno
1104 852 1282 879 mni-nx.

553 987 705 1030 ⁹⁵³976.
766 986 831 1027 To
860 986 985 1027 JOHN
1020 986 1184 1029 FABER.

116 1059 279 1106 Farrago
297 1073 333 1106 p.
357 1062 433 1096 166.
1362 1060 1537 1096 Louvain.

115 1117 156 1154 F.
175 1130 211 1164 p.
229 1120 322 1164 308:
348 1118 440 1155 HN:
468 1118 584 1155 Lond.
604 1117 649 1154 vi.
669 1130 737 1164 33:
763 1119 834 1154 LB.
852 1120 932 1164 483.
1275 1118 1388 1165 <May
1406 1117 1497 1165 fin.)
1519 1128 1619 1164 1519.

182 1199 347 1241 [Shortly
361 1200 454 1231 after
471 1200 591 1232 Paeo's
607 1200 694 1231 visit
710 1210 756 1231 on
773 1199 832 1230 his
850 1209 929 1240 way
944 1201 981 1230 to
997 1199 1189 1231 Frankfort
1204 1210 1211 1237 ;
1235 1200 1278 1230 cf.
1297 1199 1360 1239 Ep.
1379 1200 1455 1240 968.
1472 1201 1493 1229 6
1509 1199 1563 1241 n.]

70 1294 277 1326 ERASMVS
310 1295 645 1326 ROTERODAMVS
682 1295 989 1326 ORNATISSIMO
1019 1296 1062 1325 D.
1090 1294 1256 1325 IOANNI
1289 1295 1449 1334 FABRO,
1479 1295 1667 1327 VICARIO

484 1364 689 1395 EPISCOPI
719 1363 1118 1406 CONSTANTIENSIS,
1143 1364 1176 1396 S.
1203 1364 1246 1396 D.

122 1444 157 1483 Ο
171 1457 320 1484 Pncrvs
334 1445 539 1484 amicitiae
552 1447 710 1493 natum,
728 1458 803 1483 nec
814 1443 1023 1483 tumultus
1036 1444 1302 1495 negociorum
1318 1445 1470 1495 quibus
1482 1445 1666 1497 vndique

66 1510 339 1560 distringeris‚
354 1524 488 1561 neque
507 1513 626 1549 tanta
644 1510 830 1549 locorum
850 1509 1055 1548 seiunctio
1073 1510 1212 1560 potuit
1230 1510 1402 1549 amiculi
1421 1511 1666 1550 memoriam

67 1577 272 1625 excutere,
299 1576 544 1626 praesertim
583 1589 608 1614 a
644 1589 726 1626 quo
764 1576 823 1614 sis
859 1578 947 1614 tam
985 1575 1254 1626 indiligenter
1290 1575 1436 1615 cultus.
1495 1576 1665 1615 Etenim

68 1641 256 1681 Basileae
283 1655 379 1680 cum
407 1655 556 1689 essem,
586 1642 686 1680 adeo
714 1641 882 1680 nullum
910 1641 1017 1680 mihi
1053 1654 1231 1680 vacuum
1268 1643 1435 1691 tempus
1462 1642 1667 1681 faciebant

65 1706 343 1746 aedendorum
380 1706 646 1746 voluminum
683 1719 873 1745 meorum
907 1720 1037 1754 curae,
1061 1709 1108 1745 vt
1145 1706 1368 1757 aliquando
1402 1706 1475 1745 vix
1512 1708 1666 1747 vacarit
1684 1720 1702 1751 5

68 1771 289 1811 resalutare
320 1774 408 1811 tam
447 1772 648 1811 eximium
677 1773 859 1811 amicum
886 1785 932 1811 ac
959 1773 1195 1822 patronum,
1220 1785 1342 1822 quem
1373 1773 1490 1811 omni
1517 1786 1666 1822 genere

66 1837 295 1876 officiorum
322 1837 518 1888 prosequi
545 1851 618 1887 par
646 1840 746 1878 erat.
800 1837 999 1888 Egregiae
1028 1838 1242 1876 cuiusdam
1273 1837 1551 1876 humanitatis
1578 1841 1667 1877 erat

68 1903 224 1942 nostris
250 1902 430 1956 fastidiis
456 1903 692 1953 ignoscere3
722 1915 833 1941 nunc
862 1902 987 1941 etiam
1016 1902 1234 1952 magnifice
1259 1902 1412 1953 gratias
1430 1903 1527 1952 agis.
1585 1903 1664 1942 Sed

66 1969 112 2005 vt
145 1967 202 2005 sic
236 1967 287 2006 ad
321 1969 437 2006 tuam
467 1967 683 2017 epistolam
713 1980 798 2005 non
826 1966 968 2005 minus
996 1967 1202 2005 eruditam
1231 1980 1355 2017 quam
1381 1967 1587 2016 prolixam
1606 1981 1665 2007 re·

66 2032 303 2083 spondeam,
328 2032 679 2082 quemadmodum
705 2032 894 2070 Basileae
917 2031 1169 2070 salutantem
1198 2032 1420 2070 resalutare
1450 2032 1584 2071 soleo:
1614 2047 1664 2072 ex
1684 2046 1722 2068 10

65 2096 258 2136 laudibus
285 2109 388 2147 quas
418 2097 525 2135 mihi
552 2097 704 2135 tribuis
732 2096 1001 2135 effusissimae
1023 2096 1132 2134 nihil
1156 2097 1372 2147 decerpam
1397 2100 1560 2147 praeter
1577 2098 1664 2137 ani·

66 2175 184 2201 mum
201 2162 414 2212 impendio
432 2162 588 2200 maiore
607 2175 732 2211 quam
751 2161 903 2200 iudicio
921 2174 1015 2199 meo
1033 2161 1197 2200 nomini
1215 2162 1440 2200 fauentem.

121 2227 237 2276 Quod
269 2227 424 2266 Beatus
453 2227 682 2266 Rhenanus
709 2226 953 2266 Methodum
982 2240 1119 2265 meam
1147 2229 1221 2265 tuo
1249 2227 1412 2265 nomini
1438 2227 1660 2278 inscripsit,

66 2292 183 2331 facile
211 2291 311 2330 boni
339 2293 610 2341 consulerem,
642 2292 679 2331 si
710 2292 827 2342 prius
854 2291 926 2330 ille
953 2305 1022 2330 me
1054 2292 1103 2330 de
1134 2305 1209 2331 suo
1238 2292 1412 2331 consilio
1444 2293 1660 2332 certiorem

69 2357 231 2396 fecisset
260 2370 384 2406 quam
414 2370 488 2408 ego
516 2357 593 2396 hoc
619 2357 751 2395 libelli
779 2357 1126 2396 reuerendissimo
1155 2357 1322 2396 Presuli
1350 2357 1662 2407 Maguntinensi
1681 2372 1718 2403 15

67 2421 330 2461 dedicassem.
389 2422 449 2460 At
481 2424 623 2461 nostra
656 2422 855 2461 dedicatio
880 2422 963 2462 iam
991 2422 1147 2461 exierat
1180 2422 1226 2460 in
1245 2422 1398 2473 vulgus
1421 2423 1662 2473 priusquam

68 2487 224 2526 Beatus
259 2486 469 2537 exemplar
506 2487 752 2537 accepisset:
799 2487 867 2526 cui
904 2489 995 2526 tum
1034 2500 1120 2525 non
1166 2487 1404 2526 addideram
1443 2488 1661 2537 epistolam

69 2552 427 2602 nuncupatoriam,
450 2552 557 2602 quod
586 2552 742 2591 nollem
771 2552 815 2590 in
845 2552 964 2591 Nouo
989 2552 1257 2590 Testamento
1277 2552 1381 2590 duas
1398 2552 1482 2602 legi
1501 2552 1659 2591 dedica-

67 2618 212 2666 tiones,
235 2630 289 2656 ne
322 2617 416 2667 quis
449 2617 713 2656 cauillaretur
742 2631 808 2656 me
842 2618 891 2656 de
910 2630 993 2656 vna
1025 2617 1164 2656 fidelia
1194 2618 1298 2655 duos
1325 2617 1503 2666 parietes
1529 2617 1660 2656 linere

66 2682 258 2721 voluisse.
317 2683 457 2732 Atque
482 2683 540 2721 ita
564 2684 839 2733 temperaram
867 2682 1000 2721 libelli
1026 2682 1145 2720 filum
1171 2683 1217 2721 vt
1243 2681 1311 2720 vel
1334 2683 1552 2732 separatim
1577 2682 1660 2733 legi
1678 2697 1719 2719 20

111 2790 186 2821 975.
210 2799 241 2829 9.
274 2789 312 2820 R.
336 2789 373 2820 T.
400 2789 437 2820 P.
463 2793 514 2821 E:
547 2789 747 2830 amplitudo
773 2792 836 2820 tua
862 2793 898 2822 F.
1051 2799 1099 2828 15.
1136 2789 1176 2820 R.
1205 2791 1255 2820 E:
1290 2789 1588 2820 reuerendissime
1613 2792 1656 2820 H.

72 2843 120 2872 17.
146 2832 222 2864 Cal.
239 2836 286 2864 F:
310 2832 480 2864 Calendis
495 2836 539 2864 H.
587 2833 688 2864 Iunii
704 2831 801 2864 EN32
826 2833 915 2864 Iulii
932 2831 988 2863 N⁴².
1116 2833 1191 2864 976.
1220 2842 1267 2871 15.
1292 2832 1593 2864 reuerendissimo
1608 2835 1659 2864 E:

67 2877 216 2908 Alberto
230 2879 274 2907 H.
375 2876 645 2916 Mogontinensi
660 2876 734 2907 FN³
750 2888 757 2907 :
781 2877 1052 2916 Moguntinensi
1068 2875 1114 2906 N²
1128 2878 1193 2907 LB.

111 2975 189 3006 975.
215 2984 265 3014 13.
289 2973 443 3015 ignoret]
460 2973 497 3004 It
513 2982 585 3004 was
606 2973 759 3013 perhaps
774 2973 830 3004 for
895 2973 968 3004 and
978 2973 1040 3004 the
1053 2975 1154 3004 notes
1167 2975 1204 3004 to
1217 2973 1376 3012 cyprian
1393 2974 1562 3005 Erasmus
1575 2974 1658 3006 does

69 3019 145 3049 this
175 3027 326 3058 purpose
349 3017 430 3048 that
456 3016 558 3048 these
586 3016 712 3047 letters
735 3026 828 3047 were
896 3019 959 3047 not
975 3017 1096 3048 allude
1111 3019 1148 3048 to
1164 3017 1225 3047 the
1242 3017 1337 3047 MSS.
1354 3017 1450 3049 used.

69 3061 222 3093 selected
234 3061 290 3092 for
298 3060 533 3101 publication.
560 3060 679 3091 Inthe
688 3060 827 3100 preface
939 3061 1015 3091 976.
1036 3070 1084 3099 13.
1110 3059 1339 3100 Methodum]
1357 3060 1421 3091 See
1437 3060 1499 3101 Ep.
1518 3070 1591 3101 745.
